3962 6398
253 455 369 524 851

1216 462 1697 528 LIUTPRANDI
1741 461 2291 526 CREMONENSIS
2333 461 2717 526 EPISCOPI.
3554 448 3691 520 852

258 597 496 653 ruerent
508 611 767 669 eumque
780 600 966 653 morte
981 596 1909 670 turpissimacruciarent.Vcrum
1938 599 1995 666 Α
2024 597 2213 652 sthisa
2240 595 2506 668 epirosen
2530 597 2728 661 auton,
2756 593 2904 650 Zeus
2927 592 2997 649 de
3018 589 3345 647 echarisato
3366 592 3504 647 auto
3529 590 3690 664 polis

259 684 752 757 disponenteDeo,
773 687 1016 743 affectus
1030 687 1159 757 ejus
1182 704 1397 759 pravus
1409 687 1681 743 effectum
1705 687 1917 743 habere
2025 685 2144 741 zise
2173 685 2339 754 etesi,
2365 686 2439 740 ke
2470 701 2572 740 osa
2602 683 2823 756 elegem
2845 681 3105 738 mantica
3120 680 3298 753 legin.
3329 684 3463 736 Hac
3485 684 3576 736 est
3597 681 3691 737 in-

260 791 380 830 non
411 775 620 847 potuit.
657 775 890 831 Reversi
928 775 1108 848 igitur
1138 778 1208 832 ad
1243 793 1437 847 regem
1482 776 1692 845 nuntii,
1744 777 1918 848 prout
2023 774 2389 847 terpretatio:
2415 773 2644 846 Jupiter
2664 776 2721 829 et
2743 773 2897 829 Juno
2919 771 3344 827 contenderunt
3364 770 3435 826 de
3464 771 3691 827 amori-

258 864 529 921 viderant
557 868 616 920 et
644 864 970 933 audierant,
999 871 1368 921 enarrarunt.

336 952 422 1008 44.
455 952 641 1025 Igitur
666 968 766 1008 rex
798 954 959 1025 llugo
994 954 1111 1008 hac
1146 955 1343 1009 omnia
1375 954 1542 1025 quasi
1574 972 1678 1025 pro
1702 952 1915 1008 nichilo

264 1043 460 1097 mente
489 1040 738 1098 subdola
768 1042 1009 1108 ducens,
1045 1042 1221 1113 Papia
1268 1059 1560 1114 egressus,
1596 1042 1764 1112 longe
1806 1040 1918 1096 alio

266 1146 579 1203 properare
612 1130 870 1197 festinat,
906 1130 1223 1202 missisque
1246 1132 1625 1187 circumcirca
1644 1131 1812 1187 libris
1827 1132 1916 1198 εδδ,

269 1218 488 1274 milites
510 1235 650 1275 suos
667 1219 737 1274 ad
753 1236 814 1274 se
824 1219 1020 1275 venire
1033 1221 1486 1292 pracepit.Quos
1500 1220 1652 1275 inter
1670 1221 1920 1275 Samson

269 1310 600 1379 prapotens
651 1323 845 1362 comes
879 1309 1209 1374 advenerat,
1244 1309 1343 1380 qui
1368 1311 1494 1379 jam
1526 1310 1680 1364 dicto
1708 1309 1920 1365 Gezoni

268 1394 719 1451 inimicissimus
752 1401 896 1452 erat.
926 1397 978 1451 Is
1004 1397 1256 1470 denique
1282 1416 1473 1471 regem
1506 1403 1570 1453 ut
1598 1398 1762 1463 vidit,
1785 1414 1921 1453 eum

269 1483 353 1539 ita
383 1484 686 1540 convenit:
724 1484 1104 1541 «Sollicitum
1150 1490 1205 1541 te
1239 1487 1511 1558 equidem
1561 1488 1631 1542 de
1680 1487 1921 1542 urbanis

270 1571 447 1627 rebus
477 1575 680 1628 contra
709 1576 763 1628 te
796 1573 1159 1630 tumultuose
1198 1580 1255 1630 et
1301 1574 1543 1631 moleste
1574 1575 1665 1630 his
1715 1575 1923 1629 diebus

274 1658 422 1716 actis
451 1659 715 1728 intueor;
748 1678 951 1717 verum
983 1662 1033 1717 si
1084 1678 1177 1718 me
1209 1663 1378 1718 audis
1408 1664 1673 1734 mihique
1702 1666 1924 1719 obtem-

273 1765 464 1822 peras,
498 1747 620 1805 suis
652 1749 765 1821 ipsi
795 1749 1023 1822 laqueis
1057 1751 1381 1824 capientur.
1415 1751 1574 1809 Alter
1604 1753 1784 1819 enim,
1819 1751 1920 1823 qui

275 1837 489 1898 melius
516 1837 832 1898 consilium
863 1840 999 1897 dare
1029 1841 1219 1914 possit
1249 1859 1426 1915 quam
1449 1860 1573 1915 ego,
1611 1860 1727 1899 non
1755 1840 1925 1897 facile

274 1927 522 1985 inveniri
544 1933 765 2003 potest;
796 1930 902 1986 tibi
923 1948 1059 1987 vero
1082 1931 1195 2003 ipsi
1217 1937 1370 1987 certe
1398 1949 1570 1987 nemo
1592 1931 1806 1986 melius
1827 1932 1925 1985 da-

273 2018 384 2075 bit.
404 2023 599 2075 Unum
624 2022 822 2075 tamen
846 2024 1001 2091 peto,
1029 2024 1093 2076 ut
1113 2021 1254 2076 dum
1279 2021 1432 2093 capti
1456 2037 1585 2076 mea
1606 2036 1781 2092 opera
1802 2019 1923 2075 fue-

276 2107 419 2178 rint,
447 2110 595 2164 Gezo
627 2123 763 2163 cum
795 2108 955 2164 omni
988 2125 1096 2164 sua
1120 2110 1378 2182 ypostasi
1411 2109 1557 2164 meis
1576 2109 1846 2164 tradatur
1867 2108 1926 2163 in

279 2196 622 2252 manibus.»
654 2197 837 2262 Quem
868 2198 1010 2253 dum
1041 2198 1167 2253 dari
1194 2198 1307 2253 sibi
1337 2215 1372 2253 a
1402 2215 1535 2271 rege
1559 2197 1801 2264 audivit,
1825 2197 1925 2252 ad-

273 2284 444 2357 jecit:
471 2307 499 2334 «
524 2286 654 2351 Leo,
675 2285 1003 2342 Ticinensis
1024 2285 1331 2358 episcopus
1353 2285 1928 2357 civitatis,Walperto

281 2377 340 2429 et
365 2373 575 2428 Gezoni
608 2390 723 2429 non
745 2373 994 2429 habetur
1023 2375 1276 2443 amicus;
1314 2376 1351 2430 ii
1385 2391 1523 2431 sane
1556 2391 1929 2446 quocumque

281 2465 533 2534 possunt
561 2465 617 2517 et
646 2461 1001 2518 omnimodis
1029 2464 1429 2519 adversantur.
1456 2464 1627 2519 Scitis
1653 2462 1926 2535 denique,

283 2550 465 2606 moris
493 2566 642 2616 esse,
666 2550 786 2623 regi
816 2551 888 2605 ab
910 2550 1043 2606 aliis
1070 2550 1211 2606 locis
1233 2551 1473 2623 Papiam
1494 2550 1756 2606 tendenti
1777 2552 1930 2607 cives

281 2638 557 2695 forciores
587 2643 747 2694 extra
796 2639 1001 2695 urbem
1050 2656 1370 2696 occurrere.
1424 2640 1694 2695 Mandate
1735 2640 1933 2712 itaque

282 2725 436 2784 clam
466 2726 761 2799 episcopo,
785 2732 851 2783 ut
879 2729 1022 2783 dum
1045 2733 1306 2801 tempore
1337 2733 1555 2785 statuto
1579 2730 1821 2801 Papiam
1842 2746 1933 2785 ve-

282 2814 510 2885 neritis,
530 2819 589 2871 et
615 2814 727 2887 ipsi
758 2817 927 2873 nobis
958 2821 1117 2873 extra
1148 2818 1354 2873 urbem
1386 2818 1616 2873 obviam
1646 2818 1933 2889 venerint,

285 2907 487 2976 portas
507 2904 757 2961 civitatis
779 2922 980 2961 omnes
1004 2923 1229 2962 serrare
1263 2906 1456 2974 faciat,
1486 2906 1793 2978 clavesque
1821 2906 1935 2963 sibi

285 2994 552 3063 retineat,
580 3010 695 3066 quo
727 2995 870 3050 dum
894 3012 1098 3068 capere
1120 3011 1219 3052 eos
1241 2995 1592 3067 ceperimus,
1617 3012 1722 3051 nec
1750 2996 1810 3049 in
1839 3013 1933 3051 ur-

285 3081 419 3137 bem
449 3081 781 3155 confugere,
816 3099 921 3138 nec
944 3083 1016 3138 ab
1038 3083 1182 3138 urbe
1205 3083 1435 3154 possint
1456 3081 1739 3138 auxilium
1767 3096 1935 3153 expe-

287 3173 463 3227 ctare.
490 3192 518 3219 »
542 3171 705 3238 Quod
732 3174 790 3226 et
819 3171 1039 3227 factum
1070 3174 1177 3226 est.
1196 3170 1343 3226 Nam
1371 3170 1511 3225 dum
1545 3174 1766 3226 statuto
1792 3173 1937 3226 tem-

288 3274 429 3332 pore
459 3275 558 3315 rex
585 3259 823 3332 Papiam
854 3260 1136 3326 tenderet,
1168 3262 1226 3315 et
1272 3259 1579 3315 memorati
1625 3259 1855 3315 obviam
1884 3257 1937 3314 ei

2028 864 2163 931 bus,
2187 863 2320 935 quis
2352 862 2546 933 plures
2578 862 2817 917 haberet
2843 860 3120 916 libidines
3152 859 3212 914 in
3244 858 3422 915 coitu.
3447 859 3519 916 Et
3540 865 3690 916 tunc

2028 953 2312 1008 Tiresiam
2338 951 2476 1006 Euri
2498 950 2687 1006 filium
2709 949 3120 1021 quasiverunt.
3137 953 3251 1004 Iste
3262 948 3493 1004 enimin
3511 949 3693 1004 utris-

2033 1056 2146 1113 que
2174 1040 2400 1097 naturis
2420 1043 2850 1095 transmutatus
2870 1042 2978 1104 est,
3004 1038 3145 1110 quia
3165 1038 3478 1093 draconem
3500 1037 3693 1094 calca-

2028 1130 2128 1185 vit.
2162 1130 2267 1185 Hic
2302 1145 2439 1201 ergo
2461 1133 2663 1186 contra
2676 1129 2968 1185 Junonem
2995 1126 3412 1201 pronuntiavit.
3437 1128 3507 1183 Et
3526 1128 3691 1184 Juno

2033 1219 2179 1275 irata
2201 1219 2490 1276 excecavit
2520 1235 2674 1274 eum.
2699 1218 2969 1292 Juppiter
2988 1220 3185 1274 autem
3206 1216 3441 1273 donavit
3459 1217 3512 1273 ei
3538 1217 3696 1272 mul-

2029 1309 2105 1364 tis
2133 1309 2323 1365 vivere
2352 1308 2544 1376 annis,
2574 1315 2632 1366 et
2650 1313 2873 1381 quanta
2893 1309 3133 1375 diceret,
3158 1307 3473 1364 divinando
3490 1308 3692 1364 dicere

2032 1397 2143 1452 Sed
2176 1397 2485 1452 redeamus
2516 1397 2587 1452 ad
2613 1412 2757 1453 rem.
2786 1397 2956 1463 Gezo,
2982 1399 3047 1451 ut
3066 1394 3467 1467 praediximus,
3497 1410 3693 1450 mem-

2032 1484 2153 1540 bris
2167 1486 2474 1550 defadato,
2490 1483 2997 1541 substantiaitlius
3010 1483 3304 1556 diripitur.
3321 1483 3504 1539 Ceteri
3525 1500 3691 1539 com-

2031 1574 2229 1646 plures
2259 1574 2527 1630 custodie
2560 1573 2992 1647 mancipantur.
3024 1572 3364 1645 Walpertus
3394 1572 3455 1628 in
3486 1572 3699 1629 crasti-

2032 1680 2175 1719 num
2208 1664 2394 1736 capite
2423 1666 2748 1731 truncatur,
2775 1663 3091 1720 thesaurus
3111 1661 3523 1735 ejusinﬂnitus
3544 1661 3697 1717 diri-

2033 1752 2209 1825 pitur.
2244 1752 2498 1808 Cristina
2528 1770 2673 1808 uxor
2703 1752 2863 1808 illius
2894 1753 3143 1825 capitur,
3178 1756 3236 1807 et
3271 1755 3338 1807 ut
3375 1751 3709 1808 thesauros

2034 1841 2295 1898 occultos
2325 1843 2541 1909 tradat,
2575 1842 2820 1899 diversis
2850 1841 3124 1898 crucibus
3171 1840 3447 1898 laniatur.
3501 1840 3700 1896 Crevit

2032 1935 2245 1986 extunc
2274 1947 2390 1986 non
2408 1929 2599 1986 solum
2612 1930 2825 2003 Papia,
2840 1931 2943 1987 sed
2963 1935 3021 1986 et
3043 1929 3104 1985 in
3121 1946 3327 1986 omnes
3344 1929 3519 1986 Italia
3540 1930 3695 1986 ﬁnes

2037 2020 2193 2091 regis
2222 2019 2399 2075 timor
2423 2038 2436 2088 ;
2472 2036 2660 2091 neque
2682 2019 2839 2075 hunc
2862 2023 2927 2075 ut
2946 2035 3110 2092 reges
3134 2023 3357 2076 ceteros
3379 2018 3698 2091 ﬂoccipen-

2037 2110 2192 2176 dere,
2225 2125 2428 2164 verum
2461 2108 2651 2164 modis
2672 2109 2950 2164 omnibus
2981 2108 3290 2164 honorare.

2109 2199 2197 2251 42.
2230 2198 2447 2253 Eodem
2476 2201 2737 2268 tempore
2764 2195 3048 2264 Ildoinus,
3093 2196 3510 2253 Laudociensis
3540 2195 3699 2269 (406)

2038 2285 2292 2341 ecclesiae
2321 2284 2895 2356 episcopus,propria
2921 2284 3058 2340 sede
3081 2284 3361 2356 expulsus
3389 2286 3507 2358 (an.
3539 2286 3697 2357 928),

2040 2375 2110 2430 ad
2131 2373 2431 2445 Hugonem
2451 2388 2668 2444 regem,
2689 2372 2781 2427 cui
2804 2372 3108 2429 afﬁnitatis
3134 2372 3290 2427 linea
3301 2374 3715 2445 jungebatur,

2038 2462 2099 2518 in
2131 2462 2357 2517 Italiam
2386 2462 2558 2517 venit.
2593 2461 2701 2526 Qui
2733 2461 3050 2517 honoriﬁce
3081 2460 3155 2515 ab
3184 2477 3252 2516 eo
3282 2464 3698 2534 susceptus“,

2039 2551 2433 2607 Veronensem
2463 2551 2515 2606 ei
2547 2550 2949 2622 episcopatum
2981 2550 3053 2605 ad
3081 2549 3356 2622 stipendii
3404 2552 3706 2607 concessit

2042 2658 2236 2696 usum.
2275 2640 2517 2696 Factum
2548 2644 2638 2695 est
2668 2644 2891 2707 autem,
2922 2643 2989 2694 ut
3019 2642 3152 2712 post
3179 2639 3489 2711 paululum
3521 2641 3699 2695 Lam-

2042 2734 2244 2801 pertus
2275 2728 2749 2801 archiepiscopus
2780 2731 3124 2796 moreretur,
3158 2732 3214 2784 et
3254 2727 3350 2783 hic
3389 2727 3517 2785 loco
3566 2730 3715 2800 ejus'

2044 2818 2379 2874 Mediolanii
2411 2817 2722 2889 episcopus
2769 2816 3164 2873 ordinaretur.
3195 2816 3450 2872 Venerat
3498 2821 3699 2874 autem

2045 2923 2179 2961 cum
2193 2924 2307 2979 pra
2316 2907 2429 2962 fato
2451 2906 2679 2961 Ilduino
2702 2905 3029 2961 monachus
3044 2904 3582 2977 quidam.Raterius
3595 2923 3699 2963 no-

2045 2996 2327 3065 mine,qui
2341 2995 2414 3051 ob
2430 2994 2769 3068 religionem
2784 2993 3466 3066 septemqueliberalium
3482 2995 3700 3051 artium

2045 3084 2314 3157 peritiam
2344 3083 2568 3139 Verone
2591 3083 2901 3155 episcopus
2918 3082 3314 3149 constituitur,
3333 3082 3435 3138 ubi
3454 3086 3513 3139 et
3534 3083 3694 3153 Milo,

2046 3190 2221 3246 quem
2253 3188 2435 3245 supra
2482 3171 2960 3241 memoravimus,
3013 3187 3210 3228 comes
3239 3171 3570 3229 habebatur
3597 3191 3693 3229 an.

2048 3263 2193 3333 932).

289 3346 530 3418 exirent,
562 3348 869 3421 episcopus
900 3348 1166 3418 libenter,
1194 3351 1259 3404 ut
1279 3348 1330 3404 ei
1348 3349 1700 3420 imperatum
1725 3349 1934 3416 fuerat,
1968 3335 2011 3403 C
2118 3352 2209 3419 [33,
2233 3350 2403 3408 Wido
2426 3350 2667 3416 interea,
2687 3348 2913 3405 Tuscia
2934 3349 3243 3422 provincia
3270 3350 3697 3419 marchio,cum

292 3438 444 3494 fecit.
481 3438 598 3494 Rex
626 3438 823 3511 itaque
852 3455 1055 3495 omnes
1088 3454 1314 3511 capere,
1348 3442 1413 3493 ut
1457 3438 1704 3493 Samson
1746 3437 1937 3493 consi-

288 3525 436 3581 lium
468 3528 725 3597 dederat,
751 3528 954 3599 jussit.
973 3527 1290 3582 Confestim
1312 3527 1493 3599 igitur
1521 3526 1668 3582 Gezo
1690 3527 1938 3583 Samson

288 3615 564 3685 traditus,
588 3621 837 3689 utroque
858 3615 1082 3672 lumine
1104 3616 1390 3688 privatur,
1414 3620 1470 3671 et
1498 3615 1855 3689 lingua,qua
1878 3617 1938 3671 in

284 3719 483 3776 regem
515 3703 946 3776 blasphemiam
969 3704 1212 3769 dixerat,
1237 3704 1286 3758 ei
1309 3703 1701 3760 absciditur.0
1718 3705 1937 3760 factum

283 3792 456 3860 bene,
488 3791 538 3848 si
568 3791 720 3848 sicut
748 3808 961 3860 cacus,
990 3792 1071 3847 ita
1092 3795 1149 3846 et
1169 3795 1371 3847 mutus
1402 3791 1630 3857 cunctis
1651 3793 1941 3849 extitisset

285 3877 684 3951 temporibus!
721 3879 832 3935 Sed
862 3896 895 3934 o
928 3878 1141 3945 scelus,
1169 3878 1448 3949 quoniam
1478 3877 1682 3950 lingua
1712 3880 1941 3937 abscisa

287 3966 587 4039 loquelam
600 3982 715 4023 non
728 3966 1335 4039 perdidit,secundum
1357 3966 1675 4023 Grecorum
1688 3968 1938 4037 fabulas,

290 4053 596 4112 oculorum
617 4055 941 4129 privatione
960 4055 1139 4111 vitam
1162 4053 1273 4111 sibi
1289 4054 1617 4127 protelavit,
1645 4073 1773 4127 qua
1792 4057 1942 4113 mul-

287 4143 366 4202 tis
396 4143 469 4200 ad
499 4143 817 4217 perniciem
840 4159 1027 4216 usque
1049 4142 1108 4198 in
1131 4147 1479 4216 prasentem
1500 4145 1655 4201 diem
1677 4161 1806 4201 esse
1822 4162 1939 4202 non

290 4232 485 4291 desiit.
504 4232 732 4290 Fabula
743 4250 880 4290 vero
895 4232 1367 4301 ludum,curceci
1385 4232 1709 4305 plurimum
1721 4234 1937 4302 vivant,

288 4323 615 4380 secundum
641 4323 959 4380 Grecorum
984 4320 1268 4393 ineptiam
1299 4321 1395 4378 hic
1426 4322 1782 4391 inseramus,
1811 4340 1938 4395 qua

288 4411 424 4469 talis
470 4416 558 4469 est
609 4428 622 4468 ἒ
672 4422 782 4476 Ζεὺς
820 4422 904 4468 καὶ
946 4424 1078 4482 ’Ἥρα
1121 4419 1298 4483 ἤρισαν
1342 4421 1457 4483 περὶ
1499 4417 1805 4483 ἀφροδισιῶν,
1852 4423 1939 4478 τὴς

287 4508 491 4558 πλειόνα
537 4509 642 4574 ἔχει
685 4508 869 4571 ἥδομας
910 4507 962 4556 ἐν
1006 4511 1069 4570 τῇ
1116 4510 1393 4556 συννουσῖα·
1440 4525 1522 4557 και
1565 4508 1675 4557 τότε
1719 4509 1938 4572 Τιρεσίαν

285 4598 467 4661 ’Ἕϐρου
524 4596 629 4646 υἴον
680 4596 940 4656 ἐζήτησαν.
1000 4597 1147 4653 Οῧτος
1202 4599 1296 4661 γὰρ
1363 4597 1414 4645 ἐν
1476 4599 1580 4653 ταῖς
1643 4599 1937 4662 αμφοτέραις

2048 3439 2301 3496 Marocia
2325 3456 2502 3495 uxore
2514 3455 2623 3494 sua
2645 3438 3012 3495 deJohannis
3033 3456 3194 3512 papa
3209 3439 3526 3511 dejectione
3547 3440 3702 3512 cepit

2046 3528 2420 3585 vehementer
2468 3530 2737 3596 tractare,
2772 3531 2945 3598 atque
2974 3527 3084 3582 hoc
3128 3532 3365 3600 propter
3394 3527 3697 3598 invidiam,

2050 3634 2228 3690 quam
2252 3610 2418 3672 Petro
2442 3616 2605 3672 fratri
2629 3632 2791 3687 papa
2813 3614 3133 3684 habebant,
3155 3615 3435 3688 quoniam
3457 3616 3699 3689 quidem

2048 3706 2217 3762 illum
2250 3722 2403 3778 papa
2424 3705 2577 3761 sicut
2597 3705 2835 3760 fratrem
2855 3705 3159 3776 proprium
3190 3704 3534 3762 honorabat.
3558 3709 3701 3761 Con-

2047 3796 2181 3869 tigit
2209 3796 2407 3867 itaque
2440 3795 2605 3850 Petro
2638 3794 2819 3849 Rome
2848 3794 3115 3865 degente,
3138 3794 3700 3851 Widonem'multos

2048 3884 2328 3940 habuisse
2351 3883 2500 3939 clam
2524 3881 2742 3938 milites
2754 3886 3157 3955 congregatos.
3177 3882 3442 3956 Cumque
3454 3882 3549 3939 die
3561 3899 3703 3955 qua-

2050 3974 2185 4029 dam
2218 3990 2371 4045 papa
2389 3988 2526 4027 cum
2548 3972 2724 4027 fratre
2745 3972 3067 4044 paucisque
3086 3971 3219 4027 aliis
3242 3970 3304 4027 in
3325 3970 3702 4028 Lateranensi

2050 4061 2265 4134 palatio
2296 4065 2469 4117 esset.
2488 4059 2759 4116 Widonis
2789 4063 2847 4115 et
2862 4060 3125 4116 Marocia
3149 4076 3326 4132 super
3352 4075 3450 4116 eos
3481 4058 3702 4117 milites

2048 4151 2357 4219 irruentes,
2388 4149 2623 4205 Petrum
2646 4148 2842 4204 fratris
2870 4147 3060 4220 ipsius
3081 4152 3215 4204 ante
3235 4148 3435 4205 oculos
3464 4148 3701 4205 interfe-

2050 4244 2286 4307 cerunt;
2321 4239 2573 4294 eundem
2603 4254 2739 4293 vero
2761 4254 2973 4309 papam
2995 4237 3577 4310 comprehendentes,
3599 4255 3706 4294 cu-

2051 4328 2239 4384 stodie
2270 4328 2706 4398 manciparunt,
2737 4326 2799 4381 in
2831 4343 2951 4398 qua
2976 4342 3092 4382 non
3120 4326 3309 4383 multo
3340 4330 3474 4399 post
3491 4331 3581 4383 est
3599 4328 3701 4384 de-

2049 4418 2252 4473 funtus
2284 4417 2372 4471 ’35.
2399 4415 2578 4471 Aiunt
2602 4415 2759 4471 enim
2791 4416 2947 4487 quod
2978 4414 3221 4471 cervical
3270 4432 3449 4488 super
3475 4433 3542 4472 os
3572 4418 3700 4488 ejus

2048 4507 2414 4577 inponerent,
2450 4504 2650 4576 sicque
2699 4520 2835 4560 eum
2866 4504 3124 4576 pessime
3154 4504 3525 4560 sutfocarent.
3576 4507 3699 4571 Quo

2049 4600 2279 4650 mortuo
2297 4595 2445 4665 (107)
2467 4595 2581 4665 [αη.
2610 4592 2761 4666 927],
2790 4593 2978 4665 ipsius
3001 4593 3256 4649 Marotia
3274 4592 3462 4649 ﬁlium
3488 4592 3704 4649 Johan-

288 4686 489 4750 φύσεσοι
542 4686 917 4750 μεταμορφώθη,
976 4685 1100 4734 ἐπιδι
1153 4685 1398 4749 δράκοντα
1454 4686 1714 4747 ἐπάττισεν.
1783 4688 1915 4737 Οὕτω

2114 4700 2185 4738 :m
2217 4682 2473 4751 nomine,
2506 4698 2682 4754 quem
2714 4698 2783 4737 ex
2824 4681 3025 4753 Sergio
3064 4698 3217 4754 papa
3253 4681 3529 4737 meretrix
3570 4681 3703 4754 ipsa

286 4776 375 4823 οὖν
429 4776 557 4822 κατὰ
607 4777 693 4835 τὴς
747 4780 900 4840 Ἥρας
955 4775 1289 4840 ἀπεφκύνατο,
1339 4778 1423 4824 καὶ
1473 4781 1603 4840 ’Ἥρα
1658 4776 1915 4840 ὀργισθεῖσα

2114 4776 2342 4841 nuerat,
2376 4787 2589 4844 papam
2635 4770 2782 4842 (408)
2803 4770 3186 4825 constituunt.
3210 4770 3380 4827 Wido
3409 4786 3543 4827 vero
3581 4786 3697 4827 non

288 4863 542 4929 ἐπήρωσεν
592 4863 763 4927 αὐτὸν,
812 4867 921 4921 Ζεὺς
969 4864 1020 4913 δὲ
1068 4864 1332 4931 ἐχαρίσατο
1388 4864 1521 4913 αὐτῶ
1575 4865 1740 4922 πολοῇ
1797 4866 1940 4926 ζήσαι

286 4954 428 5014 ἔτεσι,
458 4954 542 5003 καί
569 4954 661 5003 δρα
690 4954 858 5019 ἔλεγεν
889 4956 1099 5017 μάντικα
1126 4954 1309 5017 λέγειν,
1339 4946 1486 5002 Zeus
1517 4947 1587 5002 ke
1624 4950 1719 5001 Ira
1754 4946 1938 5003 irisan

284 5034 407 5106 peri
431 5034 850 5103 afrodision,tis
869 5035 1068 5108 pliona
1084 5034 1212 5090 echi
1235 5034 1462 5090 idomas
1475 5051 1545 5090 en
1562 5039 1621 5108 ty
1633 5036 1874 5109 synnusi
1884 5053 1933 5103 a;

285 5124 358 5179 ke
389 5126 507 5178 tote
535 5123 798 5179 Tiresian
821 5124 974 5180 Euru
1014 5140 1127 5196 yon
1151 5122 1415 5189 ezitisan,
1440 5128 1572 5178 utos
1615 5141 1721 5196 gar
1753 5142 1822 5180 en
1851 5128 1938 5180 tes

285 5212 598 5268 amfoteres
630 5212 805 5285 fysesi
835 5212 1259 5269 metamorforti
1285 5210 1441 5281 epidi
1461 5211 1743 5268 draconta
1763 5214 1941 5285 epati-

284 5316 410 5370 sen,
443 5303 579 5356 utos
608 5318 688 5356 un
719 5305 848 5358 cata
876 5302 951 5358 tis
984 5302 1108 5357 Iras
1154 5299 1526 5371 apefkynato,
1572 5301 1641 5354 ke
1673 5300 1761 5357 Ira
1791 5301 1939 5375 orgi-

2048 4860 2235 4916 multo
2264 4864 2397 4933 post
2428 4858 2699 4927 moritur,
2734 4859 3028 4930 fraterque
3052 4860 3182 4931 ejus
3212 4859 3559 4932 Lampertus
3587 4858 3698 4931 ipsi

2046 4948 2304 5004 vicarius
2336 4948 2663 5004 ordinatur.

2119 5038 2210 5092 44.
2232 5035 2484 5092 Marozia
2505 5039 2763 5091 scortum
2782 5034 3098 5108 impudens
3117 5037 3282 5105 satis,
3307 5038 3548 5094 nuntios
3561 5054 3697 5094 suos

2047 5129 2178 5198 post
2214 5124 2476 5182 Widonis
2496 5124 2693 5179 mariti
2715 5124 2807 5179 sui
2826 5128 3074 5181 mortem
3105 5125 3334 5198 Hugoni
3357 5128 3479 5199 regi
3501 5126 3699 5200 dirigit

2048 5217 2159 5286 (an.
2193 5214 2342 5285 932),
2397 5229 2647 5285 eumque
2678 5212 2886 5267 invitat
2915 5217 2981 5268 ut
3028 5231 3091 5270 se
3118 5215 3291 5270 adeat
3337 5215 3696 5288 Romamque

2050 5302 2476 5358 nobilissimam
2495 5301 2788 5357 civitatem
2806 5301 2918 5357 sibi
2942 5302 3359 5360 adsumat.Hoc
3371 5308 3567 5361 autem
3582 5321 3694 5360 non

1633 5389 1874 5445 VARI/IS
1927 5392 2343 5447 LECTIONES.

353 5460 423 5495 ’3‘
451 5461 531 5516 ita
560 5460 614 5530 4,
647 5465 707 5516 ut
735 5469 786 5518 et
817 5462 915 5518 lib.
949 5478 1012 5528 ιι,
1041 5458 1096 5513 9.
1173 5458 1240 5493 ’³⁵
1270 5458 1309 5511 ἰ.
1341 5470 1389 5509 e.
1424 5463 1756 5530 susceptus.
1833 5463 1900 5496 ²³⁶
1925 5464 1966 5516 2'.
2000 5478 2047 5518 θ.
2083 5464 2412 5519 defunctus.

1884 5549 2100 5609 NOT/E

382 5619 505 5677 486)
537 5619 896 5677 Leodiensis.

379 5687 780 5760 407)Mortuis
802 5689 999 5755 etiam,
1025 5688 1124 5759 qui
1143 5687 1191 5743 ei
1216 5693 1641 5760 successerant,
1666 5692 1850 5749 Leone
1864 5693 1939 5746 VI

287 5763 341 5813 et
372 5759 667 5832 Stephano
691 5761 816 5818 VII.

2122 5622 2270 5694 (108)
2286 5622 2569 5679 Joannem
2592 5623 2685 5691 XI,
2704 5624 2804 5694 qui
2830 5640 3032 5682 mense
3044 5624 3249 5683 Martio
3271 5624 3520 5682 anni93l
3541 5640 3699 5682 sum-

2050 5711 2214 5749 mum
2238 5695 2645 5765 pontificatum
2668 5695 2914 5768 adeptus
2945 5701 3055 5754 est.
