3962 6390
231 467 356 536 853

1176 472 1804 539 ANTAPODOSEOS
1845 469 2055 541 LIBRI
2103 471 2278 541 SEX.
2309 483 2390 528 -'-
2416 477 2564 542 LIB.
2608 475 2720 543 III.

3541 467 3660 536 854

235 607 408 664 aliter
436 623 608 680 posse
638 606 763 664 ﬁeri
794 607 1145 678 testabatur,
1176 609 1434 666 nisieam
1461 626 1558 666 rex
1588 611 1754 684 Hugo
1780 610 1891 668 sibi
1922 612 1979 678 Α
2008 612 2244 669 creditis
2265 613 2293 670 ‘?
2321 617 2407 669 An
2439 611 2926 688 Burgundionum
2957 608 3332 668 voracitatem
3363 611 3420 665 et
3453 624 3654 680 super-

236 695 514 753 maritam
545 695 777 753 faceret.

959 833 1171 889 Versus.

232 964 384 1030 Quid
415 965 643 1022 veneris
677 966 903 1023 facibus
934 967 1239 1040 compulsa
1271 967 1522 1023 Marozia
1553 968 1760 1024 saavis?

231 1055 516 1127 Conjugis
543 1072 674 1111 ecce
704 1057 787 1111 tui
821 1061 1051 1128 spectas
1080 1061 1144 1112 tu
1177 1057 1377 1112 suavia
1409 1057 1625 1120 fratris,

231 1143 464 1199 Nubere
495 1145 792 1216 germanis
822 1149 1094 1218 satagens
1129 1146 1378 1201 Herodia
1409 1147 1660 1212 duobus,

232 1233 553 1289 Immemor
576 1250 647 1289 en
679 1233 893 1288 videris
925 1235 1195 1306 praecepti
1225 1251 1360 1291 ceca
1389 1235 1698 1303 Johannis,

231 1321 340 1386 Qui
370 1322 535 1377 fratri
566 1321 752 1377 vetuit
785 1321 982 1379 fratris
1011 1323 1228 1379 violare
1259 1325 1556 1380 maritam.

229 1410 360 1466 Haec
392 1411 495 1467 tibi
528 1411 756 1467 Moseos
787 1428 904 1467 non
938 1417 1221 1484 praestant
1251 1413 1516 1468 carmina
1547 1412 1715 1482 vatis,

227 1499 336 1566 Qui
369 1499 532 1555 fratri
566 1499 831 1556 subolem
865 1500 1062 1557 fratris
1093 1503 1164 1557 de
1196 1501 1431 1556 nomine
1454 1502 1638 1572 jussit

228 1589 428 1657 Edere,
463 1589 513 1645 si
549 1589 774 1662 primus
808 1595 1058 1662 nequeat
1088 1590 1202 1646 sibi
1224 1591 1466 1664 gignere
1493 1595 1719 1646 natum.

225 1678 438 1733 Nostra
461 1682 559 1733 tuo
591 1678 889 1750 peperisse
918 1679 1040 1733 viro
1072 1683 1147 1746 te,
1181 1679 1381 1734 secula
1411 1683 1647 1734 norunt.

225 1766 632 1839 Respondeas,
665 1768 806 1835 scio,
840 1773 935 1822 tu:
969 1768 1153 1824 Nz'chil
1186 1768 1284 1823 hoc
1320 1770 1493 1830 Venus
1519 1769 1673 1822 ebria
1704 1771 1880 1822 curat.

222 1855 473 1912 Advenit
502 1859 740 1928 optatus
763 1873 867 1911 ceu
898 1857 1005 1912 bos
1033 1856 1137 1911 tibi
1171 1857 1385 1912 ductus
1417 1857 1488 1912 ad
1521 1872 1682 1912 aram

225 1945 348 2000 Rex
382 1946 565 2016 llugo,
589 1945 909 2000 Romanam
927 1946 1122 2016 potius
1140 1946 1549 2001 commotus’”
1564 1946 1634 2000 ob
1651 1945 1878 2001 urbem.
1919 1981 1966 2045 Β

225 2033 377 2097 Quid
403 2033 590 2103 juvat,
607 2032 986 2101 obscelerata,
1021 2034 1211 2088 virum
1231 2035 1314 2088 sic
1333 2035 1573 2105 perdere
1586 2034 1887 2089 sanctum?

222 2121 481 2178 Crimine
513 2122 653 2176 dum
689 2126 850 2176 tanto
884 2121 1104 2195 satagis
1139 2122 1342 2194 regina
1370 2123 1588 2190 videri,

224 2209 441 2266 Amitis
474 2226 750 2282 magnam
784 2211 1031 2266 Domino
1067 2217 1128 2266 tu
1153 2211 1354 2283 judice
1387 2212 1653 2266 Romam.

224 2299 389 2364 Quod
420 2302 573 2355 recte
606 2316 736 2355 esse
767 2305 984 2367 actum,
1020 2317 1135 2355 non
1169 2299 1361 2355 solum
1396 2303 1650 2369 sensata,
1681 2315 1884 2354 verum

225 2389 404 2446 etiam
437 2389 758 2456 insensata,
793 2388 1370 2444 animadvertunt'”.
1398 2393 1460 2443 In
1495 2389 1762 2460 ingressu
1780 2389 1888 2443 Ro-

226 2495 411 2533 manas
439 2477 602 2533 urbis
636 2479 904 2549 quazdam
937 2482 1024 2534 sst
1055 2478 1187 2534 miri
1222 2478 1413 2549 operis
1439 2478 1704 2549 mireque
1730 2477 1888 2533 forti-

223 2566 450 2622 tudinis
483 2567 803 2622 eonstituta
836 2567 1106 2635 munitio;
1133 2572 1265 2623 ante
1287 2567 1723 2639 cujusjanuam
1739 2584 1886 2639 pons

224 2660 319 2712 est
344 2655 833 2728 praeciosissimus
870 2673 1048 2727 super
1076 2655 1332 2712 Tiberim
1388 2655 1725 2722 fabricatus,
1783 2657 1883 2727 qui

223 2744 461 2816 pervius
492 2743 959 2815 ingredientibus
984 2744 1229 2800 Romam
1245 2749 1419 2816 atque
1451 2743 1887 2816 egredientibus

221 2837 336 2901 est;
372 2848 478 2889 nec
507 2835 601 2888 est
630 2831 763 2900 alia,
799 2831 910 2888 nisi
943 2849 1046 2905 per
1075 2849 1232 2900 eum,
1265 2833 1610 2888 transeundi
1633 2833 1744 2888 via.
1773 2834 1887 2888 lloc

216 2926 447 2990 tamen,
485 2921 599 2976 nisi
629 2938 919 2977 consensu
966 2921 1354 2978 munitionem
1403 2921 1884 2992 custodientium,

220 3011 356 3067 fieri
389 3027 505 3066 non
540 3014 750 3083 potest.
785 3010 1030 3067 Munitio
1061 3028 1195 3068 vero
1229 3012 1378 3084 ipsa,
1414 3017 1478 3066 ut
1509 3011 1885 3066 ezeteradesi-

225 3117 391 3167 nam,
425 3104 599 3155 tantae
633 3099 963 3156 altitudinis
995 3105 1102 3168 est,
1135 3105 1201 3156 ut
1231 3100 1474 3157 ecclesia
1506 3117 1633 3172 quae
1667 3100 1725 3155 in
1757 3101 1885 3172 ejus

215 3189 437 3246 vertice
469 3188 722 3257 videtur,
755 3189 816 3244 in
847 3190 1065 3245 honore
1088 3191 1304 3246 summi
1325 3195 1382 3245 et
1413 3189 1644 3245 celestis
1658 3188 1884 3244 milicize

217 3277 510 3350 principis
541 3277 875 3349 archangeli
917 3278 1261 3335 Michahelis
1303 3278 1602 3344 fabricaia,
1652 3278 1884 3333 dicatur

228 3343 254 3416 λ
291 3343 481 3423 sancti
509 3366 713 3439 Angeli
743 3343 987 3422 ecclesia
1007 3385 1195 3440 usque
1217 3369 1288 3423 ad
1311 3368 1504 3424 coelos.
1534 3390 1560 3415 ››
1586 3367 1702 3422 Rex
1724 3367 1881 3422 deni-
1912 3343 1955 3411 (ἶ

220 3473 360 3529 que,
396 3456 469 3512 ob
503 3455 850 3511 munitidnis
881 3457 1294 3512 confidentiam
1320 3455 1706 3528 relietolonge
1721 3472 1880 3511 exer-

220 3546 367 3614 citu,
400 3561 535 3601 cum
567 3545 769 3617 paucis
821 3546 1067 3601 Romam
1117 3545 1372 3601 advenit.
1434 3547 1556 3611 Quo
1607 3546 1880 3600 decenter

222 3652 261 3691 a
290 3633 568 3690 Romanis
599 3638 930 3706 susceptus,
955 3634 1014 3689 in
1034 3634 1368 3705 praedictam
1400 3633 1791 3688 munitionem
1807 3633 1879 3687 ad

219 3723 489 3781 Maroziae
521 3723 848 3779 meretricis
879 3724 947 3758 '39
969 3722 1299 3778 thalamum
1333 3721 1664 3788 declinavit,
1695 3722 1878 3792 Cujus

217 3812 442 3869 incesto
474 3813 616 3868 dum
643 3813 863 3885 potitus
877 3815 1032 3868 esset
1053 3811 1693 3879 concubitu,Romanos
1708 3810 1878 3881 quasi

210 3903 340 3974 jam
377 3918 622 3958 securus
636 3901 937 3974 deepicere
955 3901 1147 3973 cmpit.
1165 3901 1462 3956 Habuerat
1474 3915 1615 3956 sane
1629 3899 1880 3955 Morazia

216 3990 408 4048 ﬁlium
443 3990 679 4046 nomine
708 3990 1066 4056 Albericum,
1102 4007 1276 4062 quem
1308 4007 1376 4045 ex
1405 3989 1668 4044 Alberico
1695 4006 1879 4044 mar--

216 4079 430 4136 chione
459 4081 590 4152 ipsa
618 4083 920 4152 genuerat.
946 4080 1054 4144 Qui
1087 4080 1228 4134 dum
1261 4079 1468 4135 matris
1500 4078 1734 4134 hortatu
1765 4079 1879 4134 Hu-

215 4168 357 4242 goni
378 4167 520 4240 regi,
545 4167 746 4223 vitrico
765 4167 1010 4238 scilicet,
1035 4184 1251 4240 aquam
1271 4167 1558 4235 funderet,
1583 4171 1650 4222 ut
1667 4184 1879 4223 manus

216 4257 502 4322 ablueret,
537 4257 609 4312 ab
635 4257 704 4292 ²⁸⁰
731 4274 797 4313 eo
830 4275 934 4329 pro
965 4257 1321 4313 correctione
1355 4258 1412 4312 in
1444 4257 1652 4312 faciem
1707 4274 1877 4314 cesus

217 4349 330 4414 est,
363 4361 430 4400 eo
462 4344 618 4416 quod
652 4361 769 4399 non
803 4345 1102 4400 moderate
1143 4348 1199 4400 et
1248 4345 1533 4416 pudenter
1563 4344 1627 4378 ²⁴¹
1661 4361 1876 4416 aquam

214 4434 562 4492 effunderet.
596 4433 650 4488 Is
680 4451 834 4502 vero,
869 4438 935 4490 ut
965 4433 1210 4489 inlatam
1241 4434 1356 4490 sibi
1389 4437 1587 4506 posset
1632 4433 1871 4489 ulcissci

219 4521 521 4593 injuriam,
538 4522 911 4595 congregatis
941 4522 1001 4577 in
1021 4539 1204 4578 unum
1223 4523 1502 4578 Romanis
1537 4523 1635 4593 huj
1648 4523 1876 4578 usmodi

218 4629 321 4670 eos
352 4628 622 4668 sermone
651 4611 952 4668 convenit:
987 4635 1015 4664 «
1041 4612 1314 4668 Romanae
1338 4612 1502 4666 urbis
1535 4611 1791 4684 dignitas
1805 4612 1876 4666 ad

2004 702 2161 758 biam
2196 703 2530 776 ignoratis?
2586 704 2782 776 Ipsam
2813 700 3022 758 saltem
3074 698 3330 756 nominis
3388 697 3656 755 etimolo-

2003 792 2159 864 giam
2192 793 2260 827 ²⁴²
2289 792 2597 865 dispicite:
2632 790 3085 864 Burgundiones
3118 789 3247 846 ideo
3273 788 3481 859 dictos,
3511 804 3659 860 quo-

2004 881 2165 936 niam
2196 882 2337 937 dum
2364 881 2633 948 Romani,
2668 882 2806 937 orbe
2846 880 3096 947 devicto,
3131 896 3199 934 ex
3229 882 3398 952 gente
3431 878 3539 933 hac
3570 893 3660 933 ca-

2001 970 2189 1042 ptivos
2221 971 2502 1026 ducerent
2529 970 2771 1040 multos,
2806 969 3241 1025 constituerunt
3274 967 3356 1023 eis
3401 971 3467 1021 ut
3497 971 3659 1021 extra

2003 1058 2207 1114 urbem
2241 1061 2448 1115 domos
2476 1059 2584 1115 sibi
2620 1058 3032 1123 sustollerent;
3069 1074 3101 1111 a
3131 1057 3348 1127 quibus
3377 1061 3434 1111 et
3482 1054 3656 1127 paulo

2001 1140 2133 1218 pest
2155 1165 2187 1203 a
2219 1148 2498 1203 Romanis
2522 1148 2593 1202 ob
2617 1146 2954 1218 superbiam
2989 1149 3129 1201 sunt
3149 1144 3375 1216 expulsi
3395 1163 3408 1211 ;
3431 1148 3488 1199 et
3517 1160 3657 1214 quo-

2000 1237 2159 1291 niam
2180 1236 2290 1308 ipsi
2315 1237 2623 1291 domorum
2643 1235 3176 1307 congregationem,
3204 1250 3332 1305 quae
3351 1250 3517 1288 muro
3536 1250 3653 1288 non

1999 1324 2315 1395 clauditur,
2335 1325 2590 1398 burgum
2615 1325 2762 1396 (109)
2782 1327 3007 1386 vocant,
3034 1322 3481 1394 Burgundiones
3506 1322 3652 1393 (110)

1999 1431 2032 1469 a
2063 1414 2363 1482 Romanis,
2399 1415 2555 1487 quod
2576 1417 2665 1469 est
2697 1431 2729 1468 a
2749 1414 2938 1486 burgo
2963 1411 3214 1483 expulsi,
3239 1410 3472 1482 apellati
3494 1412 3652 1466 sunt.

1997 1503 2265 1559 Ceterum
2298 1503 2626 1559 secundum
2652 1501 2917 1557 naturale
2935 1517 3168 1556 nomem
3191 1499 3338 1555 Galli
3358 1499 3655 1572 Allobrogi

1997 1595 2385 1662 nuncupantu
2402 1609 2447 1645 r.
2484 1592 2603 1663 Ego
2631 1595 2827 1646 tamen
2859 1590 3144 1644 secndum
3201 1589 3269 1622 "3
3300 1587 3445 1642 mihi
3473 1587 3654 1642 tradi-

1997 1683 2118 1734 tam
2145 1679 2425 1744 fronesin,
2451 1679 2510 1733 id
2543 1683 2633 1734 est
2665 1677 3038 1750 sapientiam,
3075 1675 3522 1749 Burgundiones
3557 1693 3656 1733 eos

1994 1768 2164 1840 quasi
2177 1767 2557 1839 gurguliones
2575 1765 2788 1839 apello,
2805 1766 2916 1832 vel,
2942 1766 3098 1838 quod
3120 1765 3313 1821 verius
3334 1769 3442 1830 est,
3467 1766 3659 1821 edaci-

1995 1860 2118 1911 toto
2165 1859 2403 1929 gutture
2460 1854 2804 1930 loquantur,
2839 1854 2948 1922 vel,
2979 1855 3133 1927 quod
3185 1855 3258 1909 ob
3317 1855 3655 1927 superbiam

1994 1944 2098 2000 tati
2117 1946 2203 2015 2“,
2225 1963 2351 2017 quae
2369 1962 2472 2016 per
2486 1945 2685 2016 gulam
2706 1948 3028 2009 exercetur,
3047 1943 3226 1999 nimis
3242 1944 3604 2017 indulgeant.
3623 1966 3651 1993 ››

1997 2034 2112 2088 Nec
2129 2051 2314 2100 mora,
2333 2034 2427 2089 his
2450 2033 2688 2099 auditis,
2707 2034 3012 2106 Hugonem
3041 2049 3235 2105 regem
3260 2033 3462 2089 duncti
3486 2034 3652 2089 dese-

1995 2127 2333 2194 runt,atque
2352 2121 2939 2177 eundemAlberieum
2955 2121 3066 2177 sibi
3081 2121 3387 2176 dominum
3403 2121 3648 2194 eligunt;

1996 2217 2053 2267 et
2075 2229 2146 2267 ne
2165 2212 2429 2283 spacium
2453 2211 2691 2281 quidem
2711 2209 2926 2265 milites
2959 2210 3367 2265 introducendi
3393 2228 3532 2266 suos
3553 2228 3652 2266 rex

1996 2301 2161 2372 Hugo
2184 2300 2443 2367 haberet,
2472 2298 2860 2354 munitionem
2885 2298 3192 2354 confestim
3212 2299 3552 2372 obpugnare
3569 2300 3654 2354 in-

1996 2393 2249 2461 ceptant.

2069 2479 2137 2532 45
2166 2479 2251 2533 “5.
2269 2479 2479 2550 Liquet
2501 2477 2707 2533 divinae
2733 2477 3191 2550 dispensationis
3216 2477 3649 2533 hocconsilium

1997 2584 2145 2638 esse,
2171 2573 2235 2623 ut
2284 2567 2440 2639 quod
2475 2583 2573 2622 rex
2606 2568 2768 2638 llugo
2795 2572 2914 2622 tam
2944 2565 3197 2638 turpiter
3243 2570 3490 2638 czeperat
3516 2583 3647 2622 sce-

1998 2654 2134 2722 lere,
2169 2672 2304 2711 enm
2337 2655 2692 2712 omnimodis
2743 2655 3004 2728 optinere
3037 2671 3150 2710 non
3196 2672 3390 2726 posse.
3457 2657 3648 2711 Tanto

1997 2745 2212 2817 quippe
2243 2747 2332 2799 est
2354 2749 2572 2800 terrore
2601 2747 2856 2813 coactus,
2891 2749 2956 2799 ut
2981 2761 3083 2816 per
3114 2744 3317 2798 restim
3354 2761 3414 2799 se
3445 2743 3644 2815 ipsum

1995 2850 2062 2889 ea
2093 2851 2162 2889 ex
2191 2838 2354 2906 parte
2385 2851 2501 2906 qua
2533 2833 2783 2889 civitatis
2825 2850 2993 2888 muro
3026 2832 3274 2888 munitio
3325 2831 3644 2887 inhaerebat

1996 2923 2316 3001 deponens,
2349 2939 2477 2978 eam
2501 2924 2812 2988 desereret,
2833 2926 3008 2994 atque
3031 2923 3101 2977 ad
3125 2938 3263 2977 suos
3285 2921 3642 2993 confugeret.

1996 3011 2282 3083 Expulsus
2317 3011 2497 3084 igitur
2529 3029 2626 3067 rex
2679 3015 2845 3083 Hugo
2877 3027 3010 3066 cum
3072 3009 3313 3082 praifata
3369 3009 3646 3077 Marioza,

1997 3101 2270 3156 Romanm
2297 3101 2460 3156 urbis
2481 3100 2785 3156 Albericus
2808 3099 3211 3155 monarchiam
3234 3097 3445 3165 tenuit,
3470 3097 3647 3152 fratre

1995 3207 2102 3246 suo
2132 3191 2397 3246 Johanne
2429 3190 2648 3246 summi
2681 3194 2856 3261 atque
2916 3187 3265 3244 universalis
3297 3186 3646 3259 prmsulatus

1995 3279 2118 3335 sedi
2149 3279 2520 3350 przesidente.

2066 3369 2134 3422 46
2165 3369 2251 3422 “3.
2286 3368 2464 3422 Aiunt
2493 3367 2755 3438 quidam,
2790 3367 3043 3435 Bertam,
3072 3365 3335 3438 Hugonis
3351 3364 3504 3436 regis
3530 3380 3650 3418 ma-

1997 3461 2168 3520 trem,
2201 3455 2511 3511 Adelberto
2545 3454 2871 3510 marchioni
2904 3453 3027 3509 viro
3059 3470 3164 3509 suo
3187 3452 3417 3507 nullum
3452 3451 3644 3507 filium

1992 3544 2310 3616 peperisse,
2346 3544 2444 3598 sed
2479 3544 2552 3598 ab
2581 3542 2710 3598 aliis
2760 3541 3106 3596 mulieribus
3138 3540 3289 3596 clam
3349 3545 3640 3611 acceptos,

1995 3632 2276 3688 simulato
2308 3635 2500 3704 partu,
2527 3631 2836 3686 Widonem
2868 3635 2924 3685 et
2955 3630 3331 3685 Lambertum
3365 3629 3476 3684 sibi
3504 3646 3645 3700 sup-

1995 3722 2287 3794 posuisse,
2322 3720 2601 3792 quatinus
2642 3723 2776 3791 post
2806 3723 3056 3774 mortem
3087 3716 3403 3788 Adelberti,
3439 3719 3648 3774 Bertre-

1994 3811 2094 3866 filii
2131 3828 2244 3866 non
2279 3811 2568 3874 deessent,
2594 3826 2846 3881 quorum
2879 3807 3168 3881 adjutorio
3197 3824 3429 3864 omnem
3453 3806 3649 3863 mariti

1992 3900 2082 3957 sui
2117 3900 2437 3972 potentiam
2471 3898 2817 3971 possideret.
2855 3899 2970 3954 Hoc
3027 3902 3223 3953 autem
3279 3897 3644 3953 mendatium

1992 3990 2134 4044 mihi
2165 3990 2294 4044 ideo
2327 3989 2557 4044 videtur
2573 4004 2702 4043 esse
2719 3987 3041 4056 inventum,
3057 3987 3337 4059 quatinus
3352 3987 3645 4042 incestum

1988 4095 2163 4135 suum
2194 4078 2303 4133 hac
2357 4077 2660 4133 occasione
2708 4093 2808 4132 rex
2859 4077 3024 4148 Hugo
3081 4081 3321 4148 tegeret,
3382 4076 3638 4131 infamiae

1989 4177 2144 4239 ὺϐριν,
2170 4167 2224 4222 id
2259 4171 2347 4222 est
2376 4166 2826 4237 turpitudinem.
2863 4167 3149 4221 evaderet.
3184 4165 3266 4218 Ea
3296 4169 3492 4218 tamen
3516 4181 3643 4234 qua:

1989 4274 2143 4312 nunc
2166 4255 2456 4310 narranda
2487 4258 2596 4321 est,
2632 4270 2735 4308 cur
2757 4253 2865 4308 hoc
2892 4253 3114 4307 dictum
3140 4253 3234 4318 sit,
3259 4250 3376 4306 veri
3399 4250 3648 4306 similior

1989 4345 2130 4400 mihi
2166 4345 2396 4401 videtur
2422 4342 2682 4398 assertio.
2714 4343 3074 4407 Lambertus,
3101 4340 3202 4413 qui
3221 4343 3352 4412 post
3372 4339 3644 4394 Widonis

1990 4434 2186 4489 fratris
2218 4433 2307 4489 sui
2369 4436 2616 4487 mortem
2650 4430 2870 4486 Tusciae
2932 4445 3191 4484 marcam
3251 4428 3506 4495 tenebat,
3560 4427 3650 4482 vir

1990 4527 2113 4576 erat
2134 4521 2448 4577 bellicosus
2471 4525 2525 4576 et
2542 4521 2612 4574 ad
2643 4518 2945 4590 quodlibet
2970 4517 3200 4574 facinus
3224 4517 3438 4573 audax.
3467 4518 3648 4582 Quem

1989 4611 2061 4666 ob
2094 4627 2338 4683 regnum
2372 4609 2642 4664 Italicum
2675 4626 2773 4662 rex
2796 4608 2961 4681 Hugo
2991 4611 3333 4680 suspectum
3354 4605 3531 4661 nimis
3549 4605 3646 4661 ha-

217 4704 446 4757 tantam
478 4705 568 4757 est
597 4700 912 4757 stultitiam
945 4702 1140 4770 ducta,
1168 4705 1233 4757 ut
1278 4699 1651 4756 meretricum
1701 4700 1878 4755 etiam
1914 4707 1958 4771 D
1991 4700 2182 4756 bebat.
2217 4699 2488 4754 Timebat
2519 4698 2677 4753 enim
2713 4715 2784 4752 ne
2835 4697 3139 4752 ltalienses
3174 4713 3235 4752 se
3287 4696 3643 4762 desererent,

219 4789 469 4862 imperio
501 4794 742 4863 parmat.
779 4790 927 4855 Quid
959 4791 1118 4847 enim
1153 4790 1362 4859 fedius,
1389 4789 1601 4862 quidve
1623 4789 1875 4861 turpius,

219 4896 402 4952 quom
435 4883 500 4935 ut
530 4880 707 4936 unius
760 4879 1027 4936 mulieris
1074 4880 1305 4936 incestu
1354 4879 1619 4934 Romana
1676 4876 1878 4934 civitas

219 4968 450 5042 pereat?
482 4969 882 5026 Romanorum
907 4968 1222 5040 aliquando
1237 4967 1409 5038 servi,
1433 4966 1878 5039 Burgundiones

217 5056 464 5125 scilicet,
498 5058 780 5114 Romanis
811 5058 1128 5130 imperent?
1161 5057 1220 5112 Si
1254 5073 1466 5122 meam,
1501 5055 1750 5128 privigni
1767 5057 1877 5112 sci-

217 5146 359 5202 licet
389 5146 505 5215 sui,
540 5147 748 5202 faciem
779 5146 1009 5212 ceeidit,
1043 5163 1177 5202 cum
1211 5146 1534 5218 prmsertim
1569 5161 1752 5200 novus
1775 5145 1879 5201 ha-

218 5235 430 5292 beatur
457 5234 694 5306 hospes,
726 5235 868 5306 quid
896 5235 1060 5292 vobis
1083 5235 1210 5306 jam
1252 5234 1643 5290 inveteratum
1695 5234 1884 5290 facere

1988 4795 2044 4846 et
2076 4790 2454 4844 Lambertum
2506 4803 2700 4859 regem
2719 4786 3168 4843 constituerent.
3202 4785 3349 4842 Boso
3368 4785 3641 4857 denique,

1988 4897 2057 4936 ex
2086 4878 2292 4934 eodem
2331 4881 2491 4950 patre
2525 4876 2678 4949 regis
2732 4876 2997 4950 I-lugonis
3043 4877 3242 4942 frater,
3293 4875 3648 4930 insidiarum

1989 4969 2230 5040 laqueos
2263 4967 2402 5022 huic
2431 4969 2755 5038 paraverat,
2789 4982 2855 5020 eo
2889 4965 3044 5037 quod
3075 4964 3202 5036 ipse
3233 4961 3497 5018 marchio
3525 4963 3651 5017 Tu-

1991 5059 2123 5115 scia:
2158 5057 2280 5112 ﬁeri
2341 5056 2717 5111 vehementer
2775 5053 3108 5110 anhelabat.
3167 5051 3422 5108 Consilio
3469 5050 3651 5123 igitur

1991 5149 2171 5218 hujus
2193 5148 2256 5180 "7
2280 5162 2380 5201 rex
2402 5143 2566 5216 Hugo
2594 5143 2904 5199 Lamberto
2930 5142 3281 5199 cominando
3305 5141 3636 5205 denuntiat,

1993 5255 2064 5292 ne
2097 5253 2158 5292 se
2191 5237 2433 5291 fratrem
2451 5251 2625 5290 suum
2653 5232 2908 5304 amplius
2934 5233 3126 5288 dicere
3151 5232 3385 5288 audeat.
3406 5235 3462 5287 Is
3480 5246 3634 5294 vero,

1586 5348 1829 5406 VARle
1869 5347 2323 5409 LECTIO‘NNES.

307 5448 380 5482 ³⁷³
407 5450 741 5503 commutus
777 5449 825 5503 1.

216 5523 414 5630 quitur
441 5521 495 5573 5.
573 5518 638 5552 ²⁸¹
672 5521 773 5573 ita.
810 5520 860 5575 1.
937 5521 1005 5555 ²⁴²
1061 5518 1446 5592 etimoligiam
1483 5519 1532 5574 Ι.

245 5590 513 5630 sevum
570 5591 594 5630 Α
702 5590 936 5630 summ
991 5591 1015 5630 Δ

319 5590 534 5648 XLVII.
570 5591 622 5647 4.
702 5591 768 5625 ²¹⁸⁷
800 5590 956 5648 hius.
991 5591 1043 5647 1.

903 5450 969 5484 ’33
1003 5449 1091 5504 hic
1117 5447 1272 5503 aliud
1301 5457 1464 5520 caput
1491 5449 1732 5518 incipere
1760 5449 1928 5504 coda):
1957 5450 2009 5506 4.
2042 5451 2359 5521 signiﬁcare
2389 5447 2622 5503 videtur.
2700 5448 2768 5482 ²³⁹
2797 5447 3109 5504 miretricis
3139 5447 3192 5502 Ι.
3249 5447 3318 5481 ’⁸ο
3363 5446 3659 5566 Ιιιέψνοιςα-

937 5521 1005 5555 ²⁴²
1061 5519 1446 5578 etimoligiam
1483 5519 1532 5574 Ι.
1609 5521 1676 5553 “3
1723 5537 1771 5574 s.
1829 5539 1908 5576 m.
1943 5525 1984 5578 t.
2043 5522 2402 5578 desunt5a.
2436 5521 2472 5575 5
2524 5522 2598 5574 a".
2676 5520 2746 5554 ἰδ
2800 5520 3010 5576 edaciti
3071 5521 3122 5574 1.
3223 5519 3292 5554 ²⁴⁵
3349 5517 3440 5572 XL
3499 5515 3538 5568 l.
3603 5516 3653 5565 1.

1723 5537 1771 5574 s.
1829 5539 1908 5576 m.
1943 5525 1984 5578 t.
2043 5525 2259 5579 desunt
2286 5525 2322 5575 5
2351 5537 2402 5575 a.
2436 5525 2472 5575 5
2524 5525 2598 5574 a'.

2676 5520 2746 5554 9“
2800 5520 3010 5576 edaciti
3071 5521 3122 5574 1.
3223 5519 3292 5554 "5
3349 5515 3538 5572 XLVI.
3603 5516 3653 5565 1ο

1827 5682 2059 5740 ΝΟΤᾸΞ.

302 5763 348 5838 (4
360 5763 453 5836 09)
486 5761 684 5821 Italice
716 5761 895 5834 borgo.

2074 5762 2224 5837 (110)
2251 5762 2312 5820 Id
2345 5765 2434 5819 est
2460 5761 2588 5818 sine
2618 5759 2780 5834 (ohne
2811 5759 3173 5830 Germanice)
3206 5758 3413 5823 burgo.
