3962 6410
300 428 436 507 .855

1235 518 1244 527 .
1290 434 1774 528 LIU'DPRANDI
1805 432 2355 498 CREMONENSIS
2396 434 2775 499 EPISGOPI.

3621 429 3748 494 856

300 570 384 643 ,ιιι
408 568 532 625 erat
561 564 744 627 animi
775 566 983 626 ferocis
1014 571 1186 641 atque
1222 569 1315 625 ind
1328 569 1665 642 iseiplinati,
1698 588 1814 626 non
1846 586 1968 625 mo-
1995 571 2051 638 Α
2153 572 2242 625 48.
2274 568 2566 626 Arnaldus
2598 567 3018 641 Bagoariorum
3045 572 3102 624 et
3117 566 3584 625 Carentanornm
3600 566 3747 636 dux,

321 654 539 725 derate,
574 660 640 713 ut
664 657 909 728 debuit,
944 658 1045 713 sed
1077 659 1357 715 effrenate
1401 658 1483 715 ita
1529 659 1869 731 respondit:
1894 660 1980 714 Nc

324 746 574 819 inﬁciari
599 763 703 803 rex
727 749 897 820 possit
924 764 1013 803 me
1038 751 1273 820 fratrem
1295 766 1455 809 suum
1485 765 1616 816 esse,
1650 765 1747 804 nos
1778 765 1887 805 uno
1909 765 1977 805 ex

324 851 552 907 corpore
579 836 920 909 eundemque
956 854 1059 910 per
1107 837 1323 893 aditum
1350 840 1413 892 in
1464 840 1641 894 lucem
1685 838 1976 909 prodiisso,

327 923 509 980 duello
539 925 699 997 cupio
729 924 796 959 "3
825 926 1034 980 cunctis
1061 924 1409 981 cernentibus
1437 924 1976 996 comprobare.Quod

326 1029 427 1069 rex
447 1016 512 1070 ut
530 1014 771 1085 audivit,
795 1015 1067 1085 jevenem
1101 1014 1421 1086 quendam,
1477 1013 1812 1070 Teudinum
1873 1029 1976 1068 no-

329 1102 508 1171 mine,
542 1101 735 1175 elegit,
770 1102 871 1175 qui
903 1119 1036 1157 cum
1069 1119 1134 1157 eo
1174 1102 1324 1158 hanc
1355 1103 1428 1158 ob
1458 1120 1581 1161 rem
1615 1102 1978 1175 singularem

325 1207 589 1265 pugnam
616 1191 927 1248 commisit.
956 1190 1109 1248 Deus
1140 1196 1361 1258 autem,
1410 1193 1511 1263 qui
1532 1193 1735 1263 justus
1780 1194 1890 1262 est,
1922 1194 1981 1247 et

326 1284 551 1337 rectum
580 1283 669 1337 est
689 1279 988 1351 judicium
1017 1281 1146 1352 ejus
1170 1281 1366 1351 (Psal..
1391 1296 1581 1347 cxvm,
1608 1281 1753 1346 137),
1776 1280 1836 1336 in
1864 1296 1979 1352 quo

324 1385 443 1426 non
465 1372 555 1426 est
582 1367 884 1442 iniquitas,
917 1373 981 1425 ut
1002 1367 1500 1441 amphibologiam
1525 1368 1888 1441 dirumperet
1914 1385 1980 1425 ac

322 1458 631 1515 veritatem
663 1457 891 1514 cunctis
923 1458 1277 1526 ostenderet,
1310 1457 1448 1513 fecit
1478 1461 1544 1513 ut
1574 1458 1877 1515 Teudinus
1899 1458 1979 1513 ci-

325 1546 557 1604 tissime
587 1547 839 1613 caderet,
873 1550 929 1602 et
953 1547 1301 1619 Lampertus
1337 1546 1642 1602 victoriam
1671 1546 1977 1605 obtineret.

328 1632 721 1702 Quamobrem
748 1652 848 1691 rex
869 1636 1032 1707 [lugo
1055 1651 1171 1690 non
1189 1633 1559 1690 mediocriter
1571 1638 1659 1690 est
1676 1636 1978 1692 confusus.

328 1721 585 1781 Concilio
619 1727 815 1779 autem
836 1726 1097 1795 accepto,
1120 1723 1372 1779 eundem
1396 1724 1773 1781 Lambertum
1794 1724 1985 1781 tenuit

329 1815 389 1873 et
420 1812 697 1879 custodiae
725 1812 987 1869 tradidit.
1030 1812 1334 1870 Timuerat
1362 1815 1541 1882 enim,
1574 1830 1668 1882 ne,
1711 1814 1763 1871 si
1803 1832 1865 1870 se
1895 1814 1985 1869 di-

2084 659 2255 730 cujus
2271 658 2544 731 superius
2558 657 2804 714 fecimus
2818 656 3339 726 mentionem,cum
3353 674 3468 714 non
3486 654 3751 713 multum

2085 749 2159 804 ab
2190 747 2358 804 Italia
2385 746 2556 819 longe
2584 747 2850 815 distaret,
2900 746 3159 803 collectis
3213 746 3419 819 copiis,
3467 745 3752 818 quatinus

2086 837 2313 910 Hugoni
2348 852 2595 908 regnum
2627 836 2883 893 auferret
2913 837 3148 892 advenit
3178 836 3294 908 (an.
3326 835 3602 908 935).Qui
3625 835 3759 891 Tri-

2087 926 2391 982 dentinam
2420 941 2489 981 ea
2519 942 2587 981 ex
2618 929 2781 996 parte
2812 923 3065 997 primam
3096 923 3271 980 Italia:
3321 940 3579 981 marcam
3611 941 3751 996 per-

2086 1015 2402 1080 transiens,
2432 1013 2724 1069 Veronam
2758 1030 2945 1086 usque
2959 1014 3239 1086 pervenit.
3263 1014 3326 1069 In
3347 1030 3463 1086 qua
3479 1031 3515 1069 a
3533 1013 3756 1069 Milone

2089 1104 2301 1161 comite
2332 1107 2510 1175 atque
2541 1102 2770 1159 Raterio
2803 1103 3076 1177 episcoPO
3105 1102 3375 1169 libenter,
3409 1107 3476 1158 ut
3496 1102 3757 1174 quieum

2086 1194 2427 1261 invitarant,
2460 1192 2783 1265 suscipitur
2836 1192 2998 1258 Quod
3052 1209 3154 1257 rex
3201 1193 3367 1267 Hugo
3400 1194 3465 1247 ut
3503 1189 3755 1255 audivit,

2089 1283 2330 1341 collecto
2362 1282 2620 1338 exercitu
2650 1282 2701 1338 ei
2734 1280 2966 1351 obviam
2996 1282 3203 1338 tendit.

2162 1372 2249 1427 49.
2304 1372 2570 1443 Cumque
2626 1372 2832 1427 eodem
2889 1372 3272 1445 pervenisset,
3324 1374 3383 1426 et
3434 1367 3757 1425 caballica-

2090 1467 2181 1518 tas
2212 1462 2378 1534 (112),
2440 1465 2506 1517 ut
2533 1460 2707 1534 vulgo
2768 1459 2955 1529 aiunt,
3005 1458 3389 1515 circumcirca
3442 1457 3755 1530 dirigeret,

2090 1550 2510 1625 Bagoariorum
2542 1549 2812 1621 quaedam
2845 1565 2981 1622 pars
3012 1565 3129 1604 non
3162 1546 3412 1603 minima
3439 1546 3510 1601 de
3552 1549 3753 1602 castro

2090 1638 2373 1695 vocabulo
2402 1638 2777 1711 Gauseningo
2817 1637 3141 1710 egrediens,
3193 1651 3328 1692 cum
3376 1634 3755 1692 Italiensibus

2090 1743 2353 1803 pugnare
2385 1727 2557 1799 cepit.
2591 1731 2638 1780 A
2666 1726 2884 1799 quibus
2912 1725 3166 1800 graviter
3208 1725 3504 1792 confossa,
3553 1723 3650 1780 vix
3683 1741 3755 1780 ex

2093 1835 2180 1886 ea,
2213 1816 2301 1872 vel
2335 1816 2435 1888 qui
2467 1816 2577 1871 hoc
2607 1815 2828 1872 cmteris
2858 1814 3176 1881 nuntiaret,
3208 1814 3412 1871 evasit.
3459 1816 3585 1882 Qua
3600 1831 3671 1871 ex
3691 1830 3756 1870 re

332 1901 615 1976 mitteret,
666 1920 916 1977 regnum
967 1902 1052 1959 illi
1095 1892 1367 1961 adferret.
1406 1904 1520 1959 Hoc
1567 1903 1746 1976 igitur
1795 1907 1984 1976 capto,
2014 1945 2063 2010 Β
2091 1904 2384 1963 Arnaldus
2416 1904 2535 1959 dux
2565 1920 2680 1959 non
2708 1920 2887 1975 parva
2917 1906 3007 1960 est
3038 1900 3380 1961 confusione
3397 1901 3677 1972 repletus.

332 1993 545 2052 Bosoni
575 1993 742 2050 fratri
779 2010 887 2051 suo
918 1993 1144 2050 Tuscia:
1191 2009 1451 2058 marcam
1506 1992 1902 2061 contradidit;
1933 1996 1989 2047 et

338 2099 455 2140 non
487 2081 671 2139 multo
702 2086 836 2154 post
864 2083 1284 2139 Lambertuum
1315 2081 1539 2139 lumine
1571 2082 1835 2154 privavit.

313 2225 321 2229 .
402 2172 490 2228 47.
523 2169 626 2229 His
646 2170 1010 2242 temporibus
1040 2168 1341 2227 Italienses
1388 2170 1447 2225 in
1480 2170 1881 2243 Burgundiam
1914 2171 1985 2226 ob

311 2258 673 2333 yPtodulfum,
706 2263 772 2315 ut
802 2260 1096 2328 adveniat,
1131 2258 1392 2315 mittunt.
1416 2259 1578 2326 Quod
1602 2260 1768 2333 Hugo
1802 2276 1901 2315 rex
1926 2263 1990 2315 ut

334 2349 592 2425 agnovit,
618 2348 842 2406 nuntiis
866 2349 938 2405 ad
959 2350 1209 2405 eundem
1234 2347 1493 2414 directis,
1517 2365 1752 2405 omnem
1768 2352 1987 2405 terram

337 2455 516 2512 quam
547 2437 610 2496 in
640 2437 829 2497 Gallia
858 2442 994 2494 ante
1028 2438 1191 2510 regni
1217 2438 1651 2509 susceptionem
1684 2439 1753 2473 “9
1776 2438 1987 2506 tenuit,

340 2527 590 2587 Rodulfo
622 2526 803 2594 dedit,
838 2530 1014 2598 atque
1058 2528 1129 2584 ab
1175 2543 1241 2582 eo
1282 2526 1730 2598 jusjurandum,
1779 2544 1852 2582 ne
1884 2527 1989 2582 ali-

341 2617 576 2691 quando
601 2616 666 2672 in
696 2614 924 2674 Italiam
945 2614 1190 2683 veniret,
1214 2615 1456 2687 accepit.
1472 2615 1587 2671 Nec
1603 2616 1801 2671 minus
1814 2616 1990 2671 etiam

341 2706 702 2774 Heinricum,
729 2721 905 2778 quem
938 2721 1117 2777 supra
1147 2705 1622 2773 memoravimus,
1656 2720 1851 2776 regem
1875 2705 1990 2760 for-

341 2795 666 2866 tissimum,
697 2793 904 2851 multis
934 2793 1164 2850 collatis
1196 2794 1542 2850 muneribus
1573 2794 1831 2849 amicum
1879 2792 1991 2849 sibi

346 2883 652 2952 effecerat;
685 2884 857 2955 cujus
887 2900 958 2939 ex
980 2882 1089 2939 hoc
1114 2883 1269 2954 apud
1301 2882 1475 2939 Italos
1505 2899 1718 2938 nomen
1742 2882 1994 2939 maxime

324 2958 490 3031 'tunc
520 2971 797 3040 clarebat,
833 2972 991 3044 quod
1045 2972 1258 3039 Danos,
1311 2970 1457 3026 nulli
1489 2975 1622 3027 ante
1671 2972 1991 3043 subjectos,

240 3091 246 3097 ·
344 3060 509 3119 solus
540 3061 667 3135 ipse
696 3059 1011 3117 debellaret
1032 3076 1097 3116 ac
1114 3060 1460 3116 tributarios
1475 3060 1818 3133 faceret(an.
1843 3061 1992 3133 934).

342 3150 447 3207 Est
464 3149 624 3206 enim
645 3165 789 3223 gens
806 3148 1114 3217 indomita,
1140 3149 1250 3205 sub
1274 3148 1691 3221 septemtrione
1708 3149 1765 3204 in
1779 3166 1994 3206 oceano

343 3240 579 3312 degens,
619 3239 791 3310 cujus
814 3237 1020 3294 sevitia
1042 3236 1364 3293 multarum
1382 3254 1532 3310 saepe
1553 3238 1814 3311 gentium
1838 3239 1998 3295 nobi-

341 3326 478 3385 litas
495 3327 661 3384 luxit.
689 3328 756 3383 Hi
778 3327 1095 3399 aliquando
1118 3326 1406 3383 classibus
1428 3344 1530 3399 per
1557 3327 1743 3383 Rheni
1785 3316 1991 3384 sevitia
2019 3312 2063 3381 C

339 3416 605 3474 ﬂuminis
624 3415 855 3473 alveum
878 3416 1356 3484 conscendentes,
1382 3417 1533 3473 ferro
1554 3421 1610 3472 et
1629 3416 1751 3489 igni
1780 3422 1991 3475 cuncta

340 3506 553 3563 misere
571 3505 871 3563 laniarunt
894 3524 907 3575 ;
933 3507 1092 3577 ipsas
1116 3505 1357 3578 insuper
1373 3504 1775 3563 nobilissimas
1797 3507 1992 3563 civita-

322 3594 852 3670 vtes,Agrippinam
893 3612 1020 3667 quae
1062 3611 1219 3650 nunc
1249 3594 1486 3650 Colonia
1521 3599 1778 3661 vocatur,
1817 3600 1991 3668 atque

341 3684 637 3742 Treverim
687 3683 860 3759 longe
904 3701 940 3742 a
985 3684 1186 3740 Rheno
1235 3684 1509 3756 positam,
1560 3684 1991 3758 nonnullasque

294 3788 303 3793 '
342 3773 490 3832 alias
518 3773 581 3830 in
620 3789 799 3846 regno
848 3772 1106 3829 Lotharii
1155 3772 1513 3829 debellantes
1570 3773 1624 3829 vi
1669 3780 1985 3847 czsperunt,

343 3862 690 3935 cunctisque
721 3861 951 3930 ablatis,
986 3878 1054 3918 ea
1077 3879 1205 3935 qua:
1224 3878 1424 3919 secum
1455 3862 1680 3919 deferre
1700 3880 1814 3919 non
1838 3871 1991 3936 pote-

342 3955 496 4021 rant,
530 3951 1001 4009 combusserunt.
1034 3952 1318 4008 Thermas
1348 3953 1525 4008 etiam
1554 3952 1733 4008 Grani
1762 3952 1986 4026 palatii,

246 4078 255 4083 -
343 4044 520 4114 atque
540 4038 756 4113 palatia
775 4041 1228 4098 combusserunt
1244 4042 1297 4111 (Ι
1312 4043 1420 4105 11).
1442 4041 1684 4108 Verum,
1701 4041 1794 4098 his
1817 4043 1991 4100 omis-

342 4129 447 4198 sis,
479 4129 551 4186 ad
583 4129 863 4188 narrandi
894 4130 1105 4188 seriem
1136 4131 1467 4189 redeamus.

2166 1994 2237 2050 5ﬁ
2268 1994 2353 2047 πο.
2389 1992 2554 2049 Unde
2589 1993 2810 2048 factum
2840 1993 2903 2027 ²⁵¹
2934 1995 3043 2061 est,
3083 1997 3148 2049 ut
3196 1991 3441 2048 consilio
3492 1994 3755 2065 accepto,

2098 2084 2374 2140 Milonem
2405 2082 2679 2139 comitem
2704 2081 2878 2138 vellet
2909 2099 3117 2157 capere
3147 2087 3323 2155 atque
3352 2081 3522 2139 Italia
3543 2079 3757 2138 dereli-

2099 2178 2193 2229 cta
2220 2189 2420 2229 secum
2451 2171 2620 2229 illum
2652 2172 2712 2227 in
2738 2172 3084 2246 Bagoariam
3109 2171 3342 2241 ducere,
3369 2170 3648 2245 quatinus
3671 2187 3763 2226 re-

2098 2267 2300 2335 parato
2331 2261 2607 2328 exercitu,
2637 2278 2772 2317 cum
2805 2277 2870 2318 eo
2903 2262 3116 2317 iterum
3148 2264 3347 2334 posset
3366 2260 3577 2330 redire;
3595 2259 3757 2332 quod

2100 2351 2378 2409 Milonem
2409 2368 2524 2407 non
2547 2349 2739 2406 latuit.

2171 2442 2258 2496 41.
2293 2440 2400 2507 Qui
2428 2439 2674 2496 diversis
2695 2440 3150 2514 cogitationibus
3171 2443 3434 2508 estuans,
3463 2437 3609 2512 quid
3627 2454 3759 2511 age-

2101 2535 2188 2585 ret
2217 2529 2472 2601 poenitus
2502 2528 2829 2602 ignorabat.
2864 2529 3170 2602 Hugonem
3218 2544 3437 2601 regem,
3484 2527 3660 2600 plane
3691 2530 3757 2583 ut

2101 2622 2414 2687 meruerat,
2448 2618 2609 2674 adire
2638 2617 2901 2686 timebat;
2936 2635 3070 2674 cum
3101 2618 3351 2673 Arnaldo
3384 2632 3517 2672 vero
3555 2615 3616 2670 in
3647 2615 3756 2671 Ba-

2101 2707 2363 2780 goariam
2393 2706 2549 2775 duci,
2593 2723 2710 2761 non
2771 2706 2966 2764 solum
3018 2709 3266 2763 mortem
3298 2706 3398 2762 sed
3454 2704 3756 2761 infernum

2102 2797 2365 2870 putabat.
2403 2797 2517 2851 [lac
2534 2794 2731 2867 itaque
2753 2795 2811 2850 in
2825 2796 3233 2869 ambiguitate,
3264 2793 3543 2867 quoniam
3556 2810 3758 2867 regem

2103 2886 2408 2958 Hugonem
2434 2884 2546 2940 cito
2570 2881 3531 2951 misericordianoveratinclinari,
3558 2880 3761 2938 Arual-

2103 2976 2247 3030 dum
2278 2974 2495 3047 fugere,
2524 2977 2583 3029 et
2613 2974 2687 3030 ad
2721 2990 2857 3029 eum
2876 2972 3442 3030 deliberattendere.
3464 2970 3759 3027 Arualdus

2102 3080 2256 3130 vero,
2278 3062 2647 3135 proutcitius
2660 3062 2868 3135 potuit,
2888 3063 2948 3117 in
2962 3061 3308 3135 Bagoariam
3321 3063 3411 3118 est
3430 3075 3755 3133 regressus.

2106 3151 2493 3208 Munitionem
2519 3157 2738 3219 autem,
2789 3151 3003 3224 quaain
3066 3151 3271 3207 eadem
3329 3149 3563 3206 civitate
3608 3153 3756 3217 erat,

2103 3241 2268 3314 prius
2298 3256 2667 3313 oppugnans,
2701 3241 2940 3297 fratrem
2970 3239 3202 3297 Milonis
3233 3238 3569 3310 militesque
3585 3254 3747 3305 suos,

2102 3330 2204 3403 qui
2234 3346 2364 3385 eam
2395 3328 2703 3385 defendere
2719 3330 3085 3386 conabantur
3100 3344 3301 3386 secum
3316 3327 3377 3384 in
3410 3326 3756 3401 Bagoariam

2102 3419 2291 3476 duxit.

2170 3508 2259 3562 52.
2279 3507 2348 3541 ’³³
2377 3506 2499 3571 Quo
2530 3505 2863 3562 discedente
2879 3506 2967 3573 “3,
3000 3505 3230 3579 Hugoni
3249 3505 3369 3579 regi
3400 3521 3536 3561 mox
3551 3504 3758 3562 civitas

2102 3596 2384 3664 redditur,
2418 3599 2475 3651 et
2505 3594 2775 3651 Raterius
2806 3596 3074 3666 ejusdem
3088 3593 3343 3650 civitatis
3360 3594 3756 3667 episcopusab

2100 3702 2167 3740 eo
2198 3687 2425 3756 captus,
2458 3684 2632 3756 Papie
2666 3683 2836 3740 exilio
2867 3683 3171 3756 religatur.
3205 3684 3269 3739 ln
3302 3699 3419 3755 quo
3450 3683 3634 3740 faceta
3663 3700 3756 3741 sa-

2100 3775 2175 3829 tis
2201 3774 2530 3829 urbanitate
2560 3774 2631 3828 de
2662 3772 2818 3828 exilii
2851 3773 2942 3829 sui
2973 3788 3243 3829 erumma
3272 3771 3490 3828 librum
3515 3788 3759 3846 compo-

2100 3880 2236 3920 nere
2267 3863 2438 3934 cepit.
2470 3864 2652 3928 Quem
2682 3863 2731 3919 si
2765 3863 2902 3935 quis
2933 3860 3157 3936 legerit,
3193 3860 3511 3918 nonnullas
3540 3861 3627 3918 ibi
3648 3862 3757 3920 hac

2100 3953 2211 4009 sub
2238 3950 2540 4007 occasione
2590 3967 2683 4007 res
2731 3950 3016 4025 expolitae
3072 3949 3348 4018 inveniet,
3379 3966 3509 4023 quin
3556 3949 3759 4024 legen-

2098 4042 2247 4097 tium
2278 4039 2674 4098 intellectibus
2699 4057 2814 4098 non
2828 4040 3028 4098 minus
3044 4039 3270 4113 placere
3291 4042 3566 4114 poterunt
3582 4056 3763 4113 quam

2099 4131 2397 4204 prodesse.

1522 4289 1776 4329 EXPLICIT
1815 4290 1981 4330 LIBER
2016 4274 2478 4330 ANTAPODOSEOS.
2499 4287 2582 4326 ῙῙῙ.

1324 4416 1725 4480 INCIPIUNT
1768 4418 2161 4481 CAPITULA
2204 4415 2414 4477 LIBRI
2457 4413 2778 4486 QUARTI.

341 4568 394 4627 Ι.
429 4569 507 4626 De
535 4584 601 4626 eo
635 4570 792 4641 quod
824 4585 981 4626 nunc
1013 4584 1203 4641 usque
1232 4568 1536 4641 scripserit
1565 4567 1992 4643 audita,scrip-
2025 4572 2072 4637 ι)

412 4660 583 4734 turus
604 4658 814 4714 amodo
844 4658 911 4693 ³⁸⁸
940 4657 1084 4715 visa.

338 4746 395 4803 2.
428 4744 549 4803 Rex
625 4745 789 4819 Hugo
865 4746 1052 4803 ﬁlium
1119 4763 1297 4803 suum
1365 4745 1705 4803 Lotbarium
1787 4762 1987 4819 regem

412 4834 734 4903 constituit,
767 4840 825 4892 et
855 4835 1101 4893 Romam
1133 4851 1265 4891 cum
1300 4834 1555 4891 exercitu
1589 4836 1797 4907 pergit.

339 4924 393 4980 3.
427 4924 547 4981 Rex
576 4924 742 4998 Hugo
774 4922 955 4980 ﬁliam
1017 4941 1187 4981 suam
1218 4923 1468 4980 Alberico
1521 4925 1831 4997 conjugem
1865 4925 1985 4993 dat,

412 5017 479 5069 ut
508 5013 704 5086 ipsum
733 5029 837 5085 per
867 5029 996 5070 eam
1026 5013 1299 5085 decipiat.

341 5103 394 5158 4.
428 5102 701 5160 Saraceni
731 5102 803 5159 de
860 5103 1176 5159 Fraxeneto
1230 5103 1427 5174 Aquas
1477 5101 1743 5171 veniunt,
1805 5103 1903 5159 ubi
1936 5107 1992 5158 et

2211 4566 2529 4623 commissa
2558 4582 2758 4640 pugna
2777 4581 2982 4622 omnes
3011 4568 3277 4638 pereunt.

2103 4659 2158 4713 5.
2201 4660 2266 4712 In
2333 4655 2619 4712 Januensi
2687 4653 2920 4710 civitate
2988 4654 3120 4711 fons
3201 4653 3506 4728 sanguinis
3574 4653 3761 4722 ﬂuxit,

2208 4763 2323 4818 quo
2391 4761 2544 4802 anno
2611 4743 2684 4800 ab
2758 4742 3046 4800 Africanis
3121 4746 3294 4819 capta
3365 4746 3457 4800 est
3520 4743 3764 4800 Sarace-

2209 4836 2323 4893 nis.

2103 4929 2153 4981 6.
2215 4925 2340 4989 Qua
2397 4922 2623 4979 ratione
2682 4923 2983 4979 Manasses
3010 4919 3399 4978 ‘Arelatensis
3448 4920 3762 4995 episcopus

2208 5013 2505 5085 propriam
2540 5009 2824 5066 reclesiam
2858 5009 3191 5068 deseruisse
3222 5027 3283 5067 se
3314 5009 3471 5066 dicat
3496 5012 3556 5065 et
3583 5008 3761 5067 aliam

2208 5099 2636 5174 absumpsisse,
2669 5104 2727 5156 et
2740 5101 2895 5171 quod
2908 5099 3194 5158 invectiva
3206 5098 3593 5173 responsione
3610 5101 3761 5157 recte

1721 5216 1963 5273 VARI/E
2010 5216 2402 5272 LECTIONES

409 5304 476 5340 ²⁴⁸
508 5304 674 5376 copio
706 5305 756 5360 1.
796 5374 803 5376 Α
833 5304 901 5338 ²⁴⁰
929 5302 1350 5376 suseptionem.
1378 5304 1427 5367 1,
1481 5303 1571 5376 ί²⁵⁰
1601 5305 1690 5358 hic
1706 5305 1941 5361 indicem
1968 5314 2178 5362 semitas
2209 5308 2371 5375 caput
2391 5305 2480 5358 50.
2514 5304 2742 5373 incipio.
2820 5302 2884 5336 ²⁵¹
2917 5302 3141 5358 factutu
3174 5302 3195 5355 1
3224 5371 3239 5376 _
3279 5301 3755 5376 'f?00dex1.jom.

336 5377 397 5431 in
426 5391 550 5431 voce
580 5371 983 5441 Munitionem
1026 5371 1190 5445 caput
1235 5375 1332 5428 hoc
1374 5375 1586 5445 incipit.
1666 5377 1734 5410 ²⁵³
1767 5377 1995 5431 dicente
2031 5383 2079 5433 1.
2155 5377 2222 5411 ³⁵³
2255 5371 2464 5431 amodo
2510 5376 2559 5429 1.
2592 5371 2790 5429 manus
2826 5378 3007 5430 tamen
3039 5371 3276 5429 secunda
3305 5374 3515 5430 lineam
3542 5371 3750 5431 duabus

335 5448 555 5503 lineolis
587 5450 913 5502 iransvems
941 5448 1020 5501 ita
1049 5446 1265 5513 delevit,
1300 5453 1360 5499 ut
1381 5447 1442 5499 in
1469 5446 1652 5500 codice
1680 5449 1733 5499 2.
1767 5448 2033 5503 ciamodo
2061 5448 2231 5503 scribi
2254 5447 2514 5518 potuerit.

1910 5562 2135 5619 NOTAE.

408 5647 559 5721 (H1)
590 5648 671 5703 Cf.
703 5649 852 5703 Ann.
884 5646 1251 5721 Vedastinos,
1288 5664 1539 5718 quorum
1573 5651 1860 5706 sententia
1884 5667 1987 5721 pa-

343 5718 480 5772 latia
508 5734 723 5791 quoque
751 5733 944 5785 regum
972 5723 1025 5774 et
1053 5719 1258 5776 villas..
1292 5721 1418 5787 igne
1446 5727 1824 5777 cremaverunt
1854 5718 1987 5795 plu-

2097 5649 2204 5707 rali
2232 5651 2446 5722 palatia
2473 5649 2599 5722 loco
2627 5648 2903 5722 palatium
2935 5666 3141 5708 ansam
3173 5650 3421 5709 fortasse
3450 5646 3633 5706 dedit.

2173 5720 2323 5790 (112)
2354 5720 2642 5792 Equitum
2666 5726 2913 5778 turmas.
