  <div class='ocr_page' id='page_1' title='image "/cluster/home/n/w/nwhite01/storage/ocr_20150623/136-137/uc1.31175019686917/434.png"; bbox 0 0 3962 6396; ppageno 0'>
   <div class='ocr_carea' id='block_1_1' title="bbox 237 448 387 514">
    <p class='ocr_par' dir='ltr' id='par_1_1' title="bbox 237 448 387 514">
     <span class='ocr_line' id='line_1_1' title="bbox 237 448 387 514; baseline -0.013 0"><span class='ocrx_word' id='word_1_1' title='bbox 237 448 387 514; x_wconf 72' lang='grc' dir='ltr'><strong>ιϐΰΊ</strong></span> 
     </span>
    </p>
   </div>
   <div class='ocr_carea' id='block_1_2' title="bbox 1235 446 2753 512">
    <p class='ocr_par' dir='ltr' id='par_1_2' title="bbox 1235 446 2753 512">
     <span class='ocr_line' id='line_1_2' title="bbox 1235 446 2753 512; baseline -0.002 0"><span class='ocrx_word' id='word_1_2' title='bbox 1235 446 1858 512; x_wconf 80' lang='lat' dir='ltr'><strong>ANTAPODOSEOS</strong></span> <span class='ocrx_word' id='word_1_3' title='bbox 1900 447 2106 511; x_wconf 75' lang='lat' dir='ltr'><strong>hlBltI</strong></span> <span class='ocrx_word' id='word_1_4' title='bbox 2151 448 2429 512; x_wconf 83' lang='lat' dir='ltr'><strong>SEX.-—</strong></span> <span class='ocrx_word' id='word_1_5' title='bbox 2455 447 2601 512; x_wconf 78' lang='lat' dir='ltr'><strong>LIB.</strong></span> <span class='ocrx_word' id='word_1_6' title='bbox 2645 447 2753 512; x_wconf 84' lang='lat' dir='ltr'><strong>IV.</strong></span> 
     </span>
    </p>
   </div>
   <div class='ocr_carea' id='block_1_3' title="bbox 3577 447 3697 512">
    <p class='ocr_par' dir='ltr' id='par_1_3' title="bbox 3577 447 3697 512">
     <span class='ocr_line' id='line_1_3' title="bbox 3577 447 3697 512; baseline 0.008 -1"><span class='ocrx_word' id='word_1_7' title='bbox 3577 447 3697 512; x_wconf 75' lang='lat'><strong>858</strong></span> 
     </span>
    </p>
   </div>
   <div class='ocr_carea' id='block_1_4' title="bbox 377 580 3695 660">
    <p class='ocr_par' dir='ltr' id='par_1_4' title="bbox 377 580 3695 660">
     <span class='ocr_line' id='line_1_4' title="bbox 377 580 3695 660; baseline 0.001 -18"><span class='ocrx_word' id='word_1_8' title='bbox 377 601 442 642; x_wconf 90' lang='lat' dir='ltr'><strong>se</strong></span> <span class='ocrx_word' id='word_1_9' title='bbox 472 603 587 642; x_wconf 91' lang='lat' dir='ltr'><strong>non</strong></span> <span class='ocrx_word' id='word_1_10' title='bbox 605 584 797 660; x_wconf 81' lang='lat' dir='ltr'><strong>egisse</strong></span> <span class='ocrx_word' id='word_1_11' title='bbox 827 585 1256 659; x_wconf 77' lang='lat' dir='ltr'><strong>scripturarum</strong></span> <span class='ocrx_word' id='word_1_12' title='bbox 1276 583 1632 640; x_wconf 81' lang='lat' dir='ltr'><strong>testimoniis</strong></span> <span class='ocrx_word' id='word_1_13' title='bbox 1654 599 1925 655; x_wconf 89' lang='lat' dir='ltr'><strong>compro-</strong></span> <span class='ocrx_word' id='word_1_14' title='bbox 1955 584 2008 652; x_wconf 80' lang='grc' dir='ltr'><strong>Α</strong></span> <span class='ocrx_word' id='word_1_15' title='bbox 2038 586 2125 640; x_wconf 83' lang='grc'><strong>21.</strong></span> <span class='ocrx_word' id='word_1_16' title='bbox 2168 581 2530 640; x_wconf 87' lang='lat' dir='ltr'><strong>Gislebertus</strong></span> <span class='ocrx_word' id='word_1_17' title='bbox 2551 587 2608 638; x_wconf 90' lang='lat' dir='ltr'><strong>et</strong></span> <span class='ocrx_word' id='word_1_18' title='bbox 2628 583 2994 640; x_wconf 85' lang='lat' dir='ltr'><strong>Heverardns</strong></span> <span class='ocrx_word' id='word_1_19' title='bbox 3025 580 3363 641; x_wconf 85' lang='lat' dir='ltr'><strong>Heinricum</strong></span> <span class='ocrx_word' id='word_1_20' title='bbox 3397 582 3477 640; x_wconf 70' lang='lat' dir='ltr'><strong>de&#39;</strong></span> <span class='ocrx_word' id='word_1_21' title='bbox 3498 590 3695 644; x_wconf 85' lang='lat' dir='ltr'><strong>custo-</strong></span> 
     </span>
    </p>
   </div>
   <div class='ocr_carea' id='block_1_5' title="bbox 378 677 568 733">
    <p class='ocr_par' dir='ltr' id='par_1_5' title="bbox 378 677 568 733">
     <span class='ocr_line' id='line_1_5' title="bbox 378 677 568 733; baseline -0.005 0"><span class='ocrx_word' id='word_1_22' title='bbox 378 677 568 733; x_wconf 85' lang='lat' dir='ltr'><strong>betur.</strong></span> 
     </span>
    </p>
   </div>
   <div class='ocr_carea' id='block_1_6' title="bbox 267 761 1933 837">
    <p class='ocr_par' dir='ltr' id='par_1_6' title="bbox 267 761 1933 837">
     <span class='ocr_line' id='line_1_6' title="bbox 267 761 1933 837; baseline -0.003 -16"><span class='ocrx_word' id='word_1_23' title='bbox 267 766 322 821; x_wconf 95' lang='lat'><strong>7.</strong></span> <span class='ocrx_word' id='word_1_24' title='bbox 369 765 556 831; x_wconf 87' lang='lat' dir='ltr'><strong>Quam</strong></span> <span class='ocrx_word' id='word_1_25' title='bbox 601 781 842 820; x_wconf 87' lang='lat' dir='ltr'><strong>uxorem</strong></span> <span class='ocrx_word' id='word_1_26' title='bbox 873 762 1263 837; x_wconf 88' lang='lat' dir='ltr'><strong>Berengarius</strong></span> <span class='ocrx_word' id='word_1_27' title='bbox 1308 761 1618 835; x_wconf 87' lang='lat' dir='ltr'><strong>acceperit,</strong></span> <span class='ocrx_word' id='word_1_28' title='bbox 1650 764 1706 817; x_wconf 90' lang='lat' dir='ltr'><strong>et</strong></span> <span class='ocrx_word' id='word_1_29' title='bbox 1723 761 1795 817; x_wconf 91' lang='lat' dir='ltr'><strong>de</strong></span> <span class='ocrx_word' id='word_1_30' title='bbox 1813 761 1933 817; x_wconf 88' lang='lat' dir='ltr'><strong>An-</strong></span> 
     </span>
    </p>
   </div>
   <div class='ocr_carea' id='block_1_7' title="bbox 381 854 964 925">
    <p class='ocr_par' dir='ltr' id='par_1_7' title="bbox 381 854 964 925">
     <span class='ocr_line' id='line_1_7' title="bbox 381 854 964 925; baseline -0.003 -15"><span class='ocrx_word' id='word_1_31' title='bbox 381 854 570 910; x_wconf 82' lang='lat' dir='ltr'><strong>scario</strong></span> <span class='ocrx_word' id='word_1_32' title='bbox 603 855 782 910; x_wconf 81' lang='lat' dir='ltr'><strong>fratre</strong></span> <span class='ocrx_word' id='word_1_33' title='bbox 813 854 964 925; x_wconf 88' lang='lat' dir='ltr'>ejus.</span> 
     </span>
    </p>
   </div>
   <div class='ocr_carea' id='block_1_8' title="bbox 258 939 1933 1014">
    <p class='ocr_par' dir='ltr' id='par_1_8' title="bbox 258 939 1933 1014">
     <span class='ocr_line' id='line_1_8' title="bbox 258 939 1933 1014; baseline -0.003 -15"><span class='ocrx_word' id='word_1_34' title='bbox 258 945 320 999; x_wconf 54' lang='lat'><strong>&quot;8.</strong></span> <span class='ocrx_word' id='word_1_35' title='bbox 363 944 446 1000; x_wconf 90' lang='lat' dir='ltr'><strong>De</strong></span> <span class='ocrx_word' id='word_1_36' title='bbox 475 941 774 999; x_wconf 91' lang='lat' dir='ltr'><strong>Tedbaldo</strong></span> <span class='ocrx_word' id='word_1_37' title='bbox 824 941 1191 1010; x_wconf 88' lang='lat' dir='ltr'><strong>marchione,</strong></span> <span class='ocrx_word' id='word_1_38' title='bbox 1226 940 1329 1014; x_wconf 90' lang='lat' dir='ltr'><strong>qui</strong></span> <span class='ocrx_word' id='word_1_39' title='bbox 1353 943 1557 996; x_wconf 88' lang='lat' dir='ltr'><strong>contra</strong></span> <span class='ocrx_word' id='word_1_40' title='bbox 1577 939 1790 996; x_wconf 86' lang='lat' dir='ltr'><strong>Grecos</strong></span> <span class='ocrx_word' id='word_1_41' title='bbox 1822 956 1933 1012; x_wconf 90' lang='lat' dir='ltr'><strong>pu-</strong></span> 
     </span>
    </p>
   </div>
   <div class='ocr_carea' id='block_1_9' title="bbox 377 1031 1247 1107">
    <p class='ocr_par' dir='ltr' id='par_1_9' title="bbox 377 1031 1247 1107">
     <span class='ocr_line' id='line_1_9' title="bbox 377 1031 1247 1107; baseline -0.002 -19"><span class='ocrx_word' id='word_1_42' title='bbox 377 1033 597 1107; x_wconf 88' lang='lat' dir='ltr'><strong>gnavit,</strong></span> <span class='ocrx_word' id='word_1_43' title='bbox 632 1037 691 1088; x_wconf 92' lang='lat' dir='ltr'><strong>et</strong></span> <span class='ocrx_word' id='word_1_44' title='bbox 712 1036 914 1105; x_wconf 88' lang='lat' dir='ltr'><strong>captos</strong></span> <span class='ocrx_word' id='word_1_45' title='bbox 948 1031 1247 1089; x_wconf 78' lang='lat' dir='ltr'><strong>castravit.</strong></span> 
     </span>
    </p>
   </div>
   <div class='ocr_carea' id='block_1_10' title="bbox 263 1135 1925 1211">
    <p class='ocr_par' dir='ltr' id='par_1_10' title="bbox 263 1135 1925 1211">
     <span class='ocr_line' id='line_1_10' title="bbox 263 1135 1925 1211; baseline -0.003 -16"><span class='ocrx_word' id='word_1_46' title='bbox 263 1141 319 1196; x_wconf 87' lang='lat'><strong>9.</strong></span> <span class='ocrx_word' id='word_1_47' title='bbox 362 1140 592 1204; x_wconf 87' lang='lat' dir='ltr'><strong>Quanto</strong></span> <span class='ocrx_word' id='word_1_48' title='bbox 620 1137 876 1195; x_wconf 90' lang='lat' dir='ltr'><strong>ludibrio</strong></span> <span class='ocrx_word' id='word_1_49' title='bbox 897 1139 1166 1211; x_wconf 63' lang='lat' dir='ltr'><strong>quaedam</strong></span> <span class='ocrx_word' id='word_1_50' title='bbox 1188 1135 1400 1193; x_wconf 87' lang='lat' dir='ltr'><strong>mulier</strong></span> <span class='ocrx_word' id='word_1_51' title='bbox 1424 1153 1602 1192; x_wconf 92' lang='lat' dir='ltr'><strong>suum</strong></span> <span class='ocrx_word' id='word_1_52' title='bbox 1622 1136 1925 1202; x_wconf 90' lang='lat' dir='ltr'><strong>maritum,</strong></span> 
     </span>
    </p>
   </div>
   <div class='ocr_carea' id='block_1_11' title="bbox 373 1228 1172 1295">
    <p class='ocr_par' dir='ltr' id='par_1_11' title="bbox 373 1228 1172 1295">
     <span class='ocr_line' id='line_1_11' title="bbox 373 1228 1172 1295; baseline -0.003 -11"><span class='ocrx_word' id='word_1_53' title='bbox 373 1245 448 1284; x_wconf 88' lang='lat' dir='ltr'><strong>ne</strong></span> <span class='ocrx_word' id='word_1_54' title='bbox 477 1232 861 1295; x_wconf 79' lang='lat' dir='ltr'><strong>castraretur,</strong></span> <span class='ocrx_word' id='word_1_55' title='bbox 881 1228 1172 1284; x_wconf 83' lang='lat' dir='ltr'><strong>liberavit.</strong></span> 
     </span>
    </p>
   </div>
   <div class='ocr_carea' id='block_1_12' title="bbox 2149 672 2599 730">
    <p class='ocr_par' dir='ltr' id='par_1_12' title="bbox 2149 672 2599 730">
     <span class='ocr_line' id='line_1_12' title="bbox 2149 672 2599 730; baseline -0.004 0"><span class='ocrx_word' id='word_1_56' title='bbox 2149 673 2247 730; x_wconf 91' lang='lat' dir='ltr'><strong>dia</strong></span> <span class='ocrx_word' id='word_1_57' title='bbox 2273 672 2599 729; x_wconf 87' lang='lat' dir='ltr'><strong>dimittunt.</strong></span> 
     </span>
    </p>
   </div>
   <div class='ocr_carea' id='block_1_13' title="bbox 2040 761 3696 837">
    <p class='ocr_par' dir='ltr' id='par_1_13' title="bbox 2040 761 3696 837">
     <span class='ocr_line' id='line_1_13' title="bbox 2040 761 3696 837; baseline 0.002 -20"><span class='ocrx_word' id='word_1_58' title='bbox 2040 763 2128 818; x_wconf 91' lang='lat'><strong>22.</strong></span> <span class='ocrx_word' id='word_1_59' title='bbox 2163 764 2287 830; x_wconf 87' lang='lat' dir='ltr'><strong>Qua</strong></span> <span class='ocrx_word' id='word_1_60' title='bbox 2342 761 2666 818; x_wconf 82' lang='lat' dir='ltr'><strong>calliditate</strong></span> <span class='ocrx_word' id='word_1_61' title='bbox 2719 761 3086 818; x_wconf 89' lang='lat' dir='ltr'><strong>Heverardus</strong></span> <span class='ocrx_word' id='word_1_62' title='bbox 3134 763 3472 820; x_wconf 88' lang='lat' dir='ltr'><strong>Heinricum</strong></span> <span class='ocrx_word' id='word_1_63' title='bbox 3521 768 3696 837; x_wconf 90' lang='lat' dir='ltr'><strong>atque</strong></span> 
     </span>
    </p>
   </div>
   <div class='ocr_carea' id='block_1_14' title="bbox 2148 850 3696 926">
    <p class='ocr_par' dir='ltr' id='par_1_14' title="bbox 2148 850 3696 926">
     <span class='ocr_line' id='line_1_14' title="bbox 2148 850 3696 926; baseline 0.001 -18"><span class='ocrx_word' id='word_1_64' title='bbox 2148 851 2542 908; x_wconf 86' lang='lat' dir='ltr'><strong>Gislebertum</strong></span> <span class='ocrx_word' id='word_1_65' title='bbox 2573 850 2634 906; x_wconf 91' lang='lat' dir='ltr'><strong>in</strong></span> <span class='ocrx_word' id='word_1_66' title='bbox 2678 851 3046 924; x_wconf 88' lang='lat' dir='ltr'><strong>adquirendo</strong></span> <span class='ocrx_word' id='word_1_67' title='bbox 3093 869 3272 926; x_wconf 88' lang='lat' dir='ltr'><strong>regno</strong></span> <span class='ocrx_word' id='word_1_68' title='bbox 3299 853 3569 926; x_wconf 87' lang='lat' dir='ltr'><strong>decipere</strong></span> <span class='ocrx_word' id='word_1_69' title='bbox 3596 872 3696 910; x_wconf 90' lang='lat' dir='ltr'><strong>vo-</strong></span> 
     </span>
    </p>
   </div>
   <div class='ocr_carea' id='block_1_15' title="bbox 2150 940 2284 997">
    <p class='ocr_par' dir='ltr' id='par_1_15' title="bbox 2150 940 2284 997">
     <span class='ocr_line' id='line_1_15' title="bbox 2150 940 2284 997; baseline 0.007 -3"><span class='ocrx_word' id='word_1_70' title='bbox 2150 940 2284 997; x_wconf 88' lang='lat' dir='ltr'><strong>luit.</strong></span> 
     </span>
    </p>
   </div>
   <div class='ocr_carea' id='block_1_16' title="bbox 2037 1029 3695 1103">
    <p class='ocr_par' dir='ltr' id='par_1_16' title="bbox 2037 1029 3695 1103">
     <span class='ocr_line' id='line_1_16' title="bbox 2037 1029 3695 1103; baseline 0.001 -17"><span class='ocrx_word' id='word_1_71' title='bbox 2037 1030 2128 1086; x_wconf 89' lang='lat'><strong>23.</strong></span> <span class='ocrx_word' id='word_1_72' title='bbox 2171 1031 2252 1086; x_wconf 89' lang='lat' dir='ltr'><strong>De</strong></span> <span class='ocrx_word' id='word_1_73' title='bbox 2297 1029 2632 1086; x_wconf 85' lang='lat' dir='ltr'><strong>admirabili</strong></span> <span class='ocrx_word' id='word_1_74' title='bbox 2679 1030 2922 1087; x_wconf 81' lang='lat' dir='ltr'><strong>victoria</strong></span> <span class='ocrx_word' id='word_1_75' title='bbox 2971 1046 3151 1103; x_wconf 90' lang='lat' dir='ltr'><strong>quam</strong></span> <span class='ocrx_word' id='word_1_76' title='bbox 3184 1048 3282 1087; x_wconf 88' lang='lat' dir='ltr'><strong>rex</strong></span> <span class='ocrx_word' id='word_1_77' title='bbox 3312 1030 3444 1086; x_wconf 88' lang='lat' dir='ltr'><strong>Otto</strong></span> <span class='ocrx_word' id='word_1_78' title='bbox 3475 1032 3695 1088; x_wconf 88' lang='lat' dir='ltr'><strong>orando</strong></span> 
     </span>
    </p>
   </div>
   <div class='ocr_carea' id='block_1_17' title="bbox 2061 1119 3696 1191">
    <p class='ocr_par' dir='ltr' id='par_1_17' title="bbox 2061 1119 3696 1191">
     <span class='ocr_line' id='line_1_17' title="bbox 2061 1119 3696 1191; baseline 0.001 -15"><span class='ocrx_word' id='word_1_79' title='bbox 2061 1146 2063 1148; x_wconf 88' lang='grc'>·</span> <span class='ocrx_word' id='word_1_80' title='bbox 2147 1119 2422 1191; x_wconf 82' lang='lat' dir='ltr'><strong>optinuit,</strong></span> <span class='ocrx_word' id='word_1_81' title='bbox 2476 1124 2534 1175; x_wconf 90' lang='lat' dir='ltr'><strong>et</strong></span> <span class='ocrx_word' id='word_1_82' title='bbox 2572 1119 2642 1175; x_wconf 91' lang='lat' dir='ltr'><strong>de</strong></span> <span class='ocrx_word' id='word_1_83' title='bbox 2692 1119 2962 1176; x_wconf 91' lang='lat' dir='ltr'><strong>Heinrico</strong></span> <span class='ocrx_word' id='word_1_84' title='bbox 2994 1120 3054 1177; x_wconf 91' lang='lat' dir='ltr'><strong>in</strong></span> <span class='ocrx_word' id='word_1_85' title='bbox 3085 1119 3324 1177; x_wconf 89' lang='lat' dir='ltr'><strong>brachio</strong></span> <span class='ocrx_word' id='word_1_86' title='bbox 3355 1121 3425 1156; x_wconf 67' lang='grc' dir='ltr'><strong>’δ”</strong></span> <span class='ocrx_word' id='word_1_87' title='bbox 3446 1121 3467 1142; x_wconf 78' lang='grc'>⁶</span> <span class='ocrx_word' id='word_1_88' title='bbox 3496 1119 3696 1178; x_wconf 86' lang='lat' dir='ltr'><strong>vulne-</strong></span> 
     </span>
    </p>
   </div>
   <div class='ocr_carea' id='block_1_18' title="bbox 2148 1211 2294 1264">
    <p class='ocr_par' dir='ltr' id='par_1_18' title="bbox 2148 1211 2294 1264">
     <span class='ocr_line' id='line_1_18' title="bbox 2148 1211 2294 1264; baseline 0 -2"><span class='ocrx_word' id='word_1_89' title='bbox 2148 1211 2294 1264; x_wconf 89' lang='lat' dir='ltr'><strong>rato.</strong></span> 
     </span>
    </p>
   </div>
   <div class='ocr_carea' id='block_1_19' title="bbox 273 1295 3702 1390">
    <p class='ocr_par' dir='ltr' id='par_1_19' title="bbox 273 1295 3702 1390">
     <span class='ocr_line' id='line_1_19' title="bbox 273 1295 3702 1390; baseline 0.001 -39"><span class='ocrx_word' id='word_1_90' title='bbox 273 1319 357 1373; x_wconf 49' lang='grc' dir='ltr'><strong>ιο,</strong></span> <span class='ocrx_word' id='word_1_91' title='bbox 400 1318 520 1373; x_wconf 68' lang='lat' dir='ltr'><strong>Rex</strong></span> <span class='ocrx_word' id='word_1_92' title='bbox 549 1317 716 1390; x_wconf 71' lang='lat' dir='ltr'><strong>Hugo</strong></span> <span class='ocrx_word' id='word_1_93' title='bbox 748 1317 988 1372; x_wconf 66' lang='lat' dir='ltr'><strong>fratrem</strong></span> <span class='ocrx_word' id='word_1_94' title='bbox 1011 1332 1186 1372; x_wconf 71' lang='lat' dir='ltr'><strong>suum</strong></span> <span class='ocrx_word' id='word_1_95' title='bbox 1210 1317 1520 1383; x_wconf 57' lang='lat' dir='ltr'><strong>3030mm,</strong></span> <span class='ocrx_word' id='word_1_96' title='bbox 1549 1314 1648 1387; x_wconf 69' lang='lat' dir='ltr'><strong>qui</strong></span> <span class='ocrx_word' id='word_1_97' title='bbox 1682 1314 1929 1371; x_wconf 67' lang='lat' dir='ltr'><strong>consilio</strong></span> <span class='ocrx_word' id='word_1_98' title='bbox 2039 1296 2126 1352; x_wconf 81' lang='grc'><strong>24.</strong></span> <span class='ocrx_word' id='word_1_99' title='bbox 2170 1295 2428 1390; x_wconf 76' lang='lat' dir='ltr'><strong>Qualiter</strong></span> <span class='ocrx_word' id='word_1_100' title='bbox 2459 1313 2558 1353; x_wconf 87' lang='lat' dir='ltr'><strong>rex</strong></span> <span class='ocrx_word' id='word_1_101' title='bbox 2588 1296 3180 1354; x_wconf 88' lang='lat' dir='ltr'><strong>Heinrieussanctam</strong></span> <span class='ocrx_word' id='word_1_102' title='bbox 3205 1295 3472 1356; x_wconf 83' lang='lat' dir='ltr'><strong>lanceam</strong></span> <span class='ocrx_word' id='word_1_103' title='bbox 3499 1297 3702 1372; x_wconf 85' lang='lat' dir='ltr'><strong>adqui-</strong></span> 
     </span>
    </p>
   </div>
   <div class='ocr_carea' id='block_1_20' title="bbox 375 1402 1930 1479">
    <p class='ocr_par' dir='ltr' id='par_1_20' title="bbox 375 1402 1930 1479">
     <span class='ocr_line' id='line_1_20' title="bbox 375 1402 1930 1479; baseline -0.001 -17"><span class='ocrx_word' id='word_1_104' title='bbox 375 1407 576 1462; x_wconf 87' lang='lat' dir='ltr'><strong>uxoris</strong></span> <span class='ocrx_word' id='word_1_105' title='bbox 608 1423 713 1463; x_wconf 90' lang='lat' dir='ltr'><strong>sue</strong></span> <span class='ocrx_word' id='word_1_106' title='bbox 743 1406 794 1462; x_wconf 91' lang='lat' dir='ltr'><strong>ei</strong></span> <span class='ocrx_word' id='word_1_107' title='bbox 840 1406 1100 1479; x_wconf 84' lang='lat' dir='ltr'><strong>perfidus</strong></span> <span class='ocrx_word' id='word_1_108' title='bbox 1131 1404 1419 1472; x_wconf 79' lang='lat' dir='ltr'><strong>extiterat,</strong></span> <span class='ocrx_word' id='word_1_109' title='bbox 1454 1402 1607 1475; x_wconf 88' lang='lat' dir='ltr'><strong>cepit</strong></span> <span class='ocrx_word' id='word_1_110' title='bbox 1638 1406 1696 1458; x_wconf 89' lang='lat' dir='ltr'><strong>et</strong></span> <span class='ocrx_word' id='word_1_111' title='bbox 1735 1409 1930 1460; x_wconf 88' lang='lat' dir='ltr'><strong>custo-</strong></span> 
     </span>
    </p>
   </div>
   <div class='ocr_carea' id='block_1_21' title="bbox 379 1495 768 1552">
    <p class='ocr_par' dir='ltr' id='par_1_21' title="bbox 379 1495 768 1552">
     <span class='ocr_line' id='line_1_21' title="bbox 379 1495 768 1552; baseline -0.005 0"><span class='ocrx_word' id='word_1_112' title='bbox 379 1495 470 1552; x_wconf 92' lang='lat' dir='ltr'><strong>die</strong></span> <span class='ocrx_word' id='word_1_113' title='bbox 501 1495 768 1552; x_wconf 87' lang='lat' dir='ltr'><strong>tradidit.</strong></span> 
     </span>
    </p>
   </div>
   <div class='ocr_carea' id='block_1_22' title="bbox 271 1583 1930 1656">
    <p class='ocr_par' dir='ltr' id='par_1_22' title="bbox 271 1583 1930 1656">
     <span class='ocr_line' id='line_1_22' title="bbox 271 1583 1930 1656; baseline -0.001 -16"><span class='ocrx_word' id='word_1_114' title='bbox 271 1587 355 1642; x_wconf 93' lang='grc'><strong>11.</strong></span> <span class='ocrx_word' id='word_1_115' title='bbox 399 1584 660 1653; x_wconf 83' lang='lat' dir='ltr'><strong>Qualiter</strong></span> <span class='ocrx_word' id='word_1_116' title='bbox 689 1585 856 1656; x_wconf 85' lang='lat' dir='ltr'><strong>Hugo</strong></span> <span class='ocrx_word' id='word_1_117' title='bbox 890 1601 990 1640; x_wconf 87' lang='lat' dir='ltr'><strong>rex</strong></span> <span class='ocrx_word' id='word_1_118' title='bbox 1018 1583 1538 1639; x_wconf 90' lang='lat' dir='ltr'><strong>Willam.Bosonis</strong></span> <span class='ocrx_word' id='word_1_119' title='bbox 1561 1599 1823 1650; x_wconf 82' lang='lat' dir='ltr'><strong>uxorem,</strong></span> <span class='ocrx_word' id='word_1_120' title='bbox 1858 1584 1930 1639; x_wconf 91' lang='lat' dir='ltr'><strong>ab</strong></span> 
     </span>
    </p>
   </div>
   <div class='ocr_carea' id='block_1_23' title="bbox 373 1670 1930 1745">
    <p class='ocr_par' dir='ltr' id='par_1_23' title="bbox 373 1670 1930 1745">
     <span class='ocr_line' id='line_1_23' title="bbox 373 1670 1930 1745; baseline -0.001 -17"><span class='ocrx_word' id='word_1_121' title='bbox 373 1673 542 1730; x_wconf 86' lang='lat' dir='ltr'><strong>Italia</strong></span> <span class='ocrx_word' id='word_1_122' title='bbox 590 1673 782 1745; x_wconf 89' lang='lat' dir='ltr'><strong>ejecit,</strong></span> <span class='ocrx_word' id='word_1_123' title='bbox 837 1678 894 1729; x_wconf 91' lang='lat' dir='ltr'><strong>et</strong></span> <span class='ocrx_word' id='word_1_124' title='bbox 949 1674 1020 1729; x_wconf 92' lang='lat' dir='ltr'><strong>de</strong></span> <span class='ocrx_word' id='word_1_125' title='bbox 1070 1672 1284 1739; x_wconf 88' lang='lat' dir='ltr'><strong>balteo,</strong></span> <span class='ocrx_word' id='word_1_126' title='bbox 1326 1671 1487 1742; x_wconf 90' lang='lat' dir='ltr'><strong>turpi</strong></span> <span class='ocrx_word' id='word_1_127' title='bbox 1543 1670 1606 1726; x_wconf 90' lang='lat' dir='ltr'><strong>in</strong></span> <span class='ocrx_word' id='word_1_128' title='bbox 1660 1670 1786 1727; x_wconf 93' lang='lat' dir='ltr'><strong>loco</strong></span> <span class='ocrx_word' id='word_1_129' title='bbox 1841 1671 1930 1726; x_wconf 87' lang='lat' dir='ltr'><strong>in-</strong></span> 
     </span>
    </p>
   </div>
   <div class='ocr_carea' id='block_1_24' title="bbox 371 1767 565 1819">
    <p class='ocr_par' dir='ltr' id='par_1_24' title="bbox 371 1767 565 1819">
     <span class='ocr_line' id='line_1_24' title="bbox 371 1767 565 1819; baseline 0.005 -2"><span class='ocrx_word' id='word_1_130' title='bbox 371 1767 565 1819; x_wconf 89' lang='lat' dir='ltr'><strong>vento.</strong></span> 
     </span>
    </p>
   </div>
   <div class='ocr_carea' id='block_1_25' title="bbox 270 1849 1930 1922">
    <p class='ocr_par' dir='ltr' id='par_1_25' title="bbox 270 1849 1930 1922">
     <span class='ocr_line' id='line_1_25' title="bbox 270 1849 1930 1922; baseline -0.002 -14"><span class='ocrx_word' id='word_1_131' title='bbox 270 1853 356 1914; x_wconf 78' lang='lat' dir='ltr'><strong>t2.</strong></span> <span class='ocrx_word' id='word_1_132' title='bbox 398 1857 478 1907; x_wconf 93' lang='lat' dir='ltr'><strong>De</strong></span> <span class='ocrx_word' id='word_1_133' title='bbox 504 1851 692 1907; x_wconf 84' lang='lat' dir='ltr'><strong>morte</strong></span> <span class='ocrx_word' id='word_1_134' title='bbox 722 1850 955 1907; x_wconf 82' lang='lat' dir='ltr'><strong>Rodulﬁ</strong></span> <span class='ocrx_word' id='word_1_135' title='bbox 989 1849 1167 1922; x_wconf 88' lang='lat' dir='ltr'><strong>regis,</strong></span> <span class='ocrx_word' id='word_1_136' title='bbox 1189 1849 1359 1920; x_wconf 88' lang='lat' dir='ltr'><strong>cujus</strong></span> <span class='ocrx_word' id='word_1_137' title='bbox 1375 1865 1616 1904; x_wconf 84' lang='lat' dir='ltr'><strong>uxorem</strong></span> <span class='ocrx_word' id='word_1_138' title='bbox 1646 1865 1745 1905; x_wconf 79' lang='lat' dir='ltr'><strong>rex</strong></span> <span class='ocrx_word' id='word_1_139' title='bbox 1766 1849 1930 1921; x_wconf 89' lang='lat' dir='ltr'><strong>Hugo</strong></span> 
     </span>
    </p>
   </div>
   <div class='ocr_carea' id='block_1_26' title="bbox 370 1938 1620 2013">
    <p class='ocr_par' dir='ltr' id='par_1_26' title="bbox 370 1938 1620 2013">
     <span class='ocr_line' id='line_1_26' title="bbox 370 1938 1620 2013; baseline -0.002 -16"><span class='ocrx_word' id='word_1_140' title='bbox 370 1942 552 2008; x_wconf 86' lang='lat' dir='ltr'><strong>ducit,</strong></span> <span class='ocrx_word' id='word_1_141' title='bbox 587 1957 876 2013; x_wconf 85' lang='lat' dir='ltr'><strong>suamque</strong></span> <span class='ocrx_word' id='word_1_142' title='bbox 908 1939 1091 1995; x_wconf 89' lang='lat' dir='ltr'><strong>ﬁliam</strong></span> <span class='ocrx_word' id='word_1_143' title='bbox 1124 1955 1231 1996; x_wconf 92' lang='lat' dir='ltr'><strong>suo</strong></span> <span class='ocrx_word' id='word_1_144' title='bbox 1265 1938 1386 1994; x_wconf 89' lang='lat' dir='ltr'><strong>ﬁlio</strong></span> <span class='ocrx_word' id='word_1_145' title='bbox 1419 1939 1620 1994; x_wconf 85' lang='lat' dir='ltr'><strong>tradit.</strong></span> 
     </span>
    </p>
   </div>
   <div class='ocr_carea' id='block_1_27' title="bbox 263 2046 1929 2121">
    <p class='ocr_par' dir='ltr' id='par_1_27' title="bbox 263 2046 1929 2121">
     <span class='ocr_line' id='line_1_27' title="bbox 263 2046 1929 2121; baseline -0.001 -19"><span class='ocrx_word' id='word_1_146' title='bbox 263 2049 348 2103; x_wconf 89' lang='grc'><strong>13.</strong></span> <span class='ocrx_word' id='word_1_147' title='bbox 394 2052 471 2103; x_wconf 90' lang='lat' dir='ltr'><strong>De</strong></span> <span class='ocrx_word' id='word_1_148' title='bbox 504 2048 748 2120; x_wconf 89' lang='lat' dir='ltr'><strong>Hugone</strong></span> <span class='ocrx_word' id='word_1_149' title='bbox 777 2063 937 2121; x_wconf 89' lang='lat' dir='ltr'><strong>rege,</strong></span> <span class='ocrx_word' id='word_1_150' title='bbox 970 2046 1071 2119; x_wconf 86' lang='lat' dir='ltr'><strong>qui</strong></span> <span class='ocrx_word' id='word_1_151' title='bbox 1106 2061 1348 2102; x_wconf 86' lang='lat' dir='ltr'><strong>uxorem</strong></span> <span class='ocrx_word' id='word_1_152' title='bbox 1369 2062 1538 2102; x_wconf 91' lang='lat' dir='ltr'><strong>suam</strong></span> <span class='ocrx_word' id='word_1_153' title='bbox 1557 2046 1630 2102; x_wconf 91' lang='lat' dir='ltr'><strong>ob</strong></span> <span class='ocrx_word' id='word_1_154' title='bbox 1649 2046 1929 2103; x_wconf 90' lang='lat' dir='ltr'><strong>concubi-</strong></span> 
     </span>
    </p>
   </div>
   <div class='ocr_carea' id='block_1_28' title="bbox 359 2137 944 2193">
    <p class='ocr_par' dir='ltr' id='par_1_28' title="bbox 359 2137 944 2193">
     <span class='ocr_line' id='line_1_28' title="bbox 359 2137 944 2193; baseline -0.003 0"><span class='ocrx_word' id='word_1_155' title='bbox 359 2154 468 2193; x_wconf 88' lang='lat' dir='ltr'><strong>nas</strong></span> <span class='ocrx_word' id='word_1_156' title='bbox 497 2137 678 2193; x_wconf 90' lang='lat' dir='ltr'><strong>hodio</strong></span> <span class='ocrx_word' id='word_1_157' title='bbox 713 2137 944 2192; x_wconf 86' lang='lat' dir='ltr'><strong>habuit.</strong></span> 
     </span>
    </p>
   </div>
   <div class='ocr_carea' id='block_1_29' title="bbox 268 2241 1932 2317">
    <p class='ocr_par' dir='ltr' id='par_1_29' title="bbox 268 2241 1932 2317">
     <span class='ocr_line' id='line_1_29' title="bbox 268 2241 1932 2317; baseline -0.002 -17"><span class='ocrx_word' id='word_1_158' title='bbox 268 2245 353 2301; x_wconf 83' lang='grc'><strong>14.</strong></span> <span class='ocrx_word' id='word_1_159' title='bbox 396 2244 478 2300; x_wconf 90' lang='lat' dir='ltr'><strong>De</strong></span> <span class='ocrx_word' id='word_1_160' title='bbox 507 2248 695 2300; x_wconf 85' lang='lat' dir='ltr'><strong>morte</strong></span> <span class='ocrx_word' id='word_1_161' title='bbox 729 2243 985 2300; x_wconf 89' lang='lat' dir='ltr'><strong>Heinrici</strong></span> <span class='ocrx_word' id='word_1_162' title='bbox 1017 2243 1172 2317; x_wconf 88' lang='lat' dir='ltr'><strong>regis</strong></span> <span class='ocrx_word' id='word_1_163' title='bbox 1205 2246 1263 2298; x_wconf 90' lang='lat' dir='ltr'><strong>et</strong></span> <span class='ocrx_word' id='word_1_164' title='bbox 1291 2243 1394 2298; x_wconf 90' lang='lat' dir='ltr'><strong>ubi</strong></span> <span class='ocrx_word' id='word_1_165' title='bbox 1436 2242 1514 2298; x_wconf 92' lang='lat' dir='ltr'><strong>sit</strong></span> <span class='ocrx_word' id='word_1_166' title='bbox 1561 2241 1844 2298; x_wconf 83' lang='lat' dir='ltr'><strong>humatus</strong></span> <span class='ocrx_word' id='word_1_167' title='bbox 1875 2244 1932 2298; x_wconf 88' lang='lat' dir='ltr'><strong>et</strong></span> 
     </span>
    </p>
   </div>
   <div class='ocr_carea' id='block_1_30' title="bbox 374 2333 791 2405">
    <p class='ocr_par' dir='ltr' id='par_1_30' title="bbox 374 2333 791 2405">
     <span class='ocr_line' id='line_1_30' title="bbox 374 2333 791 2405; baseline -0.002 -16"><span class='ocrx_word' id='word_1_168' title='bbox 374 2335 445 2390; x_wconf 90' lang='lat' dir='ltr'><strong>de</strong></span> <span class='ocrx_word' id='word_1_169' title='bbox 472 2333 609 2390; x_wconf 90' lang='lat' dir='ltr'><strong>ﬁliis</strong></span> <span class='ocrx_word' id='word_1_170' title='bbox 640 2334 791 2405; x_wconf 88' lang='lat' dir='ltr'><strong>ejus.</strong></span> 
     </span>
    </p>
   </div>
   <div class='ocr_carea' id='block_1_31' title="bbox 275 2419 1933 2495">
    <p class='ocr_par' dir='ltr' id='par_1_31' title="bbox 275 2419 1933 2495">
     <span class='ocr_line' id='line_1_31' title="bbox 275 2419 1933 2495; baseline -0.001 -18"><span class='ocrx_word' id='word_1_171' title='bbox 275 2425 358 2480; x_wconf 90' lang='grc'><strong>15.</strong></span> <span class='ocrx_word' id='word_1_172' title='bbox 400 2423 480 2479; x_wconf 93' lang='lat' dir='ltr'><strong>De</strong></span> <span class='ocrx_word' id='word_1_173' title='bbox 509 2422 828 2495; x_wconf 87' lang='lat' dir='ltr'><strong>prudentia</strong></span> <span class='ocrx_word' id='word_1_174' title='bbox 853 2421 1108 2479; x_wconf 81' lang='lat' dir='ltr'><strong>Heinrici</strong></span> <span class='ocrx_word' id='word_1_175' title='bbox 1135 2419 1620 2494; x_wconf 87' lang='lat' dir='ltr'><strong>regis,quiﬁ1ium</strong></span> <span class='ocrx_word' id='word_1_176' title='bbox 1638 2436 1815 2478; x_wconf 90' lang='lat' dir='ltr'><strong>suum</strong></span> <span class='ocrx_word' id='word_1_177' title='bbox 1839 2420 1933 2476; x_wconf 91' lang='lat' dir='ltr'><strong>Ot-</strong></span> 
     </span>
    </p>
   </div>
   <div class='ocr_carea' id='block_1_32' title="bbox 374 2511 1161 2586">
    <p class='ocr_par' dir='ltr' id='par_1_32' title="bbox 374 2511 1161 2586">
     <span class='ocr_line' id='line_1_32' title="bbox 374 2511 1161 2586; baseline -0.001 -18"><span class='ocrx_word' id='word_1_178' title='bbox 374 2515 575 2569; x_wconf 89' lang='lat' dir='ltr'><strong>tonem</strong></span> <span class='ocrx_word' id='word_1_179' title='bbox 606 2528 804 2586; x_wconf 83' lang='lat' dir='ltr'><strong>regem</strong></span> <span class='ocrx_word' id='word_1_180' title='bbox 836 2511 1161 2568; x_wconf 86' lang='lat' dir='ltr'><strong>constituit.</strong></span> 
     </span>
    </p>
   </div>
   <div class='ocr_carea' id='block_1_33' title="bbox 277 2617 1929 2691">
    <p class='ocr_par' dir='ltr' id='par_1_33' title="bbox 277 2617 1929 2691">
     <span class='ocr_line' id='line_1_33' title="bbox 277 2617 1929 2691; baseline -0.001 -15"><span class='ocrx_word' id='word_1_181' title='bbox 277 2621 361 2676; x_wconf 90' lang='grc'><strong>16.</strong></span> <span class='ocrx_word' id='word_1_182' title='bbox 404 2624 483 2677; x_wconf 93' lang='lat' dir='ltr'><strong>De</strong></span> <span class='ocrx_word' id='word_1_183' title='bbox 513 2619 638 2676; x_wconf 92' lang='lat' dir='ltr'><strong>ﬁlia</strong></span> <span class='ocrx_word' id='word_1_184' title='bbox 670 2619 867 2674; x_wconf 80' lang='lat' dir='ltr'><strong>fratris</strong></span> <span class='ocrx_word' id='word_1_185' title='bbox 897 2617 1053 2690; x_wconf 90' lang='lat' dir='ltr'><strong>regis</strong></span> <span class='ocrx_word' id='word_1_186' title='bbox 1081 2617 1430 2691; x_wconf 86' lang='lat' dir='ltr'><strong>Anglorum,</strong></span> <span class='ocrx_word' id='word_1_187' title='bbox 1464 2634 1642 2690; x_wconf 89' lang='lat' dir='ltr'><strong>quam</strong></span> <span class='ocrx_word' id='word_1_188' title='bbox 1673 2633 1773 2674; x_wconf 86' lang='lat' dir='ltr'><strong>rex</strong></span> <span class='ocrx_word' id='word_1_189' title='bbox 1798 2617 1929 2674; x_wconf 88' lang='lat' dir='ltr'><strong>Otto</strong></span> 
     </span>
    </p>
   </div>
   <div class='ocr_carea' id='block_1_34' title="bbox 375 2707 1395 2782">
    <p class='ocr_par' dir='ltr' id='par_1_34' title="bbox 375 2707 1395 2782">
     <span class='ocr_line' id='line_1_34' title="bbox 375 2707 1395 2782; baseline -0.003 -17"><span class='ocrx_word' id='word_1_190' title='bbox 375 2713 510 2765; x_wconf 88' lang='lat' dir='ltr'><strong>ante</strong></span> <span class='ocrx_word' id='word_1_191' title='bbox 541 2708 706 2782; x_wconf 87' lang='lat' dir='ltr'><strong>regni</strong></span> <span class='ocrx_word' id='word_1_192' title='bbox 739 2708 1180 2780; x_wconf 89' lang='lat' dir='ltr'><strong>susceptionem</strong></span> <span class='ocrx_word' id='word_1_193' title='bbox 1212 2707 1395 2762; x_wconf 83' lang='lat' dir='ltr'><strong>duxit.</strong></span> 
     </span>
    </p>
   </div>
   <div class='ocr_carea' id='block_1_35' title="bbox 273 2813 1928 2886">
    <p class='ocr_par' dir='ltr' id='par_1_35' title="bbox 273 2813 1928 2886">
     <span class='ocr_line' id='line_1_35' title="bbox 273 2813 1928 2886; baseline -0.001 -15"><span class='ocrx_word' id='word_1_194' title='bbox 273 2818 360 2874; x_wconf 89' lang='grc'><strong>17.</strong></span> <span class='ocrx_word' id='word_1_195' title='bbox 401 2816 483 2871; x_wconf 89' lang='lat' dir='ltr'><strong>De</strong></span> <span class='ocrx_word' id='word_1_196' title='bbox 513 2814 801 2881; x_wconf 87' lang='lat' dir='ltr'><strong>Heinriro,</strong></span> <span class='ocrx_word' id='word_1_197' title='bbox 833 2815 934 2885; x_wconf 85' lang='lat' dir='ltr'><strong>qui</strong></span> <span class='ocrx_word' id='word_1_198' title='bbox 967 2829 1376 2886; x_wconf 89' lang='lat' dir='ltr'><strong>perversorum</strong></span> <span class='ocrx_word' id='word_1_199' title='bbox 1406 2813 1716 2870; x_wconf 86' lang='lat' dir='ltr'><strong>hominum</strong></span> <span class='ocrx_word' id='word_1_200' title='bbox 1734 2815 1928 2870; x_wconf 90' lang='lat' dir='ltr'><strong>consi-</strong></span> 
     </span>
    </p>
   </div>
   <div class='ocr_carea' id='block_1_36' title="bbox 377 2903 1028 2961">
    <p class='ocr_par' dir='ltr' id='par_1_36' title="bbox 377 2903 1028 2961">
     <span class='ocr_line' id='line_1_36' title="bbox 377 2903 1028 2961; baseline -0.003 0"><span class='ocrx_word' id='word_1_201' title='bbox 377 2904 460 2961; x_wconf 91' lang='lat' dir='ltr'><strong>lio</strong></span> <span class='ocrx_word' id='word_1_202' title='bbox 488 2903 652 2960; x_wconf 86' lang='lat' dir='ltr'><strong>fratri</strong></span> <span class='ocrx_word' id='word_1_203' title='bbox 680 2903 917 2960; x_wconf 89' lang='lat' dir='ltr'><strong>rebellis</strong></span> <span class='ocrx_word' id='word_1_204' title='bbox 942 2904 1028 2959; x_wconf 85' lang='lat' dir='ltr'><strong>ﬁt.</strong></span> 
     </span>
    </p>
   </div>
   <div class='ocr_carea' id='block_1_37' title="bbox 279 2992 1928 3064">
    <p class='ocr_par' dir='ltr' id='par_1_37' title="bbox 279 2992 1928 3064">
     <span class='ocr_line' id='line_1_37' title="bbox 279 2992 1928 3064; baseline -0.001 -14"><span class='ocrx_word' id='word_1_205' title='bbox 279 2997 367 3051; x_wconf 90' lang='grc'><strong>18.</strong></span> <span class='ocrx_word' id='word_1_206' title='bbox 403 2993 641 3050; x_wconf 88' lang='lat' dir='ltr'><strong>Metrice</strong></span> <span class='ocrx_word' id='word_1_207' title='bbox 680 2992 966 3050; x_wconf 87' lang='lat' dir='ltr'><strong>invectiva</strong></span> <span class='ocrx_word' id='word_1_208' title='bbox 994 2993 1179 3050; x_wconf 90' lang='lat' dir='ltr'><strong>oratio</strong></span> <span class='ocrx_word' id='word_1_209' title='bbox 1210 2993 1283 3049; x_wconf 93' lang='lat' dir='ltr'><strong>ad</strong></span> <span class='ocrx_word' id='word_1_210' title='bbox 1316 2993 1674 3064; x_wconf 90' lang='lat' dir='ltr'><strong>Heinricum,</strong></span> <span class='ocrx_word' id='word_1_211' title='bbox 1704 2996 1763 3050; x_wconf 91' lang='lat' dir='ltr'><strong>et</strong></span> <span class='ocrx_word' id='word_1_212' title='bbox 1792 3010 1928 3050; x_wconf 89' lang='lat' dir='ltr'><strong>con-</strong></span> 
     </span>
    </p>
   </div>
   <div class='ocr_carea' id='block_1_38' title="bbox 376 3082 1931 3157">
    <p class='ocr_par' dir='ltr' id='par_1_38' title="bbox 376 3082 1931 3157">
     <span class='ocr_line' id='line_1_38' title="bbox 376 3082 1931 3157; baseline 0.001 -18"><span class='ocrx_word' id='word_1_213' title='bbox 376 3087 468 3141; x_wconf 89' lang='lat' dir='ltr'><strong>tra</strong></span> <span class='ocrx_word' id='word_1_214' title='bbox 501 3082 824 3150; x_wconf 90' lang='lat' dir='ltr'><strong>diabolum,</strong></span> <span class='ocrx_word' id='word_1_215' title='bbox 859 3083 1030 3154; x_wconf 82' lang='lat' dir='ltr'><strong>cujus</strong></span> <span class='ocrx_word' id='word_1_216' title='bbox 1055 3099 1232 3155; x_wconf 87' lang='lat' dir='ltr'><strong>opera</strong></span> <span class='ocrx_word' id='word_1_217' title='bbox 1274 3099 1409 3138; x_wconf 91' lang='lat' dir='ltr'><strong>cum</strong></span> <span class='ocrx_word' id='word_1_218' title='bbox 1440 3083 1620 3140; x_wconf 85' lang='lat' dir='ltr'><strong>fratre</strong></span> <span class='ocrx_word' id='word_1_219' title='bbox 1668 3100 1931 3157; x_wconf 87' lang='lat' dir='ltr'><strong>pugnare</strong></span> 
     </span>
    </p>
   </div>
   <div class='ocr_carea' id='block_1_39' title="bbox 377 3172 692 3230">
    <p class='ocr_par' dir='ltr' id='par_1_39' title="bbox 377 3172 692 3230">
     <span class='ocr_line' id='line_1_39' title="bbox 377 3172 692 3230; baseline -0.01 0"><span class='ocrx_word' id='word_1_220' title='bbox 377 3172 692 3230; x_wconf 89' lang='lat' dir='ltr'><strong>desiderat.</strong></span> 
     </span>
    </p>
   </div>
   <div class='ocr_carea' id='block_1_40' title="bbox 2147 1385 2366 1442">
    <p class='ocr_par' dir='ltr' id='par_1_40' title="bbox 2147 1385 2366 1442">
     <span class='ocr_line' id='line_1_40' title="bbox 2147 1385 2366 1442; baseline 0 -1"><span class='ocrx_word' id='word_1_221' title='bbox 2147 1385 2366 1442; x_wconf 85' lang='lat' dir='ltr'><strong>siverit.</strong></span> 
     </span>
    </p>
   </div>
   <div class='ocr_carea' id='block_1_41' title="bbox 2039 1475 3699 1548">
    <p class='ocr_par' dir='ltr' id='par_1_41' title="bbox 2039 1475 3699 1548">
     <span class='ocr_line' id='line_1_41' title="bbox 2039 1475 3699 1548; baseline 0.002 -18"><span class='ocrx_word' id='word_1_222' title='bbox 2039 1475 2128 1530; x_wconf 76' lang='lat'><strong>25.</strong></span> <span class='ocrx_word' id='word_1_223' title='bbox 2168 1477 2601 1547; x_wconf 87' lang='lat' dir='ltr'><strong>Argumentum</strong></span> <span class='ocrx_word' id='word_1_224' title='bbox 2634 1492 2703 1532; x_wconf 84' lang='lat' dir='ltr'><strong>ex</strong></span> <span class='ocrx_word' id='word_1_225' title='bbox 2731 1475 3043 1548; x_wconf 85' lang='lat' dir='ltr'><strong>scripturis</strong></span> <span class='ocrx_word' id='word_1_226' title='bbox 3070 1475 3476 1548; x_wconf 89' lang='lat' dir='ltr'><strong>sanctis,quod</strong></span> <span class='ocrx_word' id='word_1_227' title='bbox 3491 1476 3699 1548; x_wconf 87' lang='lat' dir='ltr'><strong>hujus-</strong></span> 
     </span>
    </p>
   </div>
   <div class='ocr_carea' id='block_1_42' title="bbox 2148 1564 3699 1622">
    <p class='ocr_par' dir='ltr' id='par_1_42' title="bbox 2148 1564 3699 1622">
     <span class='ocr_line' id='line_1_42' title="bbox 2148 1564 3699 1622; baseline 0.003 -4"><span class='ocrx_word' id='word_1_228' title='bbox 2148 1564 2308 1620; x_wconf 91' lang='lat' dir='ltr'><strong>modi</strong></span> <span class='ocrx_word' id='word_1_229' title='bbox 2335 1564 2580 1621; x_wconf 87' lang='lat' dir='ltr'><strong>victoria</strong></span> <span class='ocrx_word' id='word_1_230' title='bbox 2609 1565 2734 1620; x_wconf 89' lang='lat' dir='ltr'><strong>sive</strong></span> <span class='ocrx_word' id='word_1_231' title='bbox 2762 1565 2982 1621; x_wconf 85' lang='lat' dir='ltr'><strong>bellum</strong></span> <span class='ocrx_word' id='word_1_232' title='bbox 3015 1582 3131 1622; x_wconf 87' lang='lat' dir='ltr'><strong>non</strong></span> <span class='ocrx_word' id='word_1_233' title='bbox 3176 1565 3418 1621; x_wconf 88' lang='lat' dir='ltr'><strong>fortuitu</strong></span> <span class='ocrx_word' id='word_1_234' title='bbox 3449 1565 3553 1620; x_wconf 87' lang='lat' dir='ltr'><strong>sed</strong></span> <span class='ocrx_word' id='word_1_235' title='bbox 3583 1566 3699 1622; x_wconf 85' lang='lat' dir='ltr'><strong>Deo</strong></span> 
     </span>
    </p>
   </div>
   <div class='ocr_carea' id='block_1_43' title="bbox 2147 1651 2870 1724">
    <p class='ocr_par' dir='ltr' id='par_1_43' title="bbox 2147 1651 2870 1724">
     <span class='ocr_line' id='line_1_43' title="bbox 2147 1651 2870 1724; baseline 0 -18"><span class='ocrx_word' id='word_1_236' title='bbox 2147 1651 2496 1724; x_wconf 86' lang='lat' dir='ltr'><strong>disponente</strong></span> <span class='ocrx_word' id='word_1_237' title='bbox 2523 1651 2870 1724; x_wconf 86' lang='lat' dir='ltr'><strong>provenerit.</strong></span> 
     </span>
    </p>
   </div>
   <div class='ocr_carea' id='block_1_44' title="bbox 2038 1741 3702 1814">
    <p class='ocr_par' dir='ltr' id='par_1_44' title="bbox 2038 1741 3702 1814">
     <span class='ocr_line' id='line_1_44' title="bbox 2038 1741 3702 1814; baseline 0.001 -18"><span class='ocrx_word' id='word_1_238' title='bbox 2038 1741 2127 1797; x_wconf 84' lang='lat'><strong>26.</strong></span> <span class='ocrx_word' id='word_1_239' title='bbox 2162 1741 2243 1796; x_wconf 92' lang='lat' dir='ltr'><strong>De</strong></span> <span class='ocrx_word' id='word_1_240' title='bbox 2282 1758 2350 1796; x_wconf 92' lang='lat' dir='ltr'><strong>eo</strong></span> <span class='ocrx_word' id='word_1_241' title='bbox 2395 1742 2550 1813; x_wconf 92' lang='lat' dir='ltr'><strong>quod</strong></span> <span class='ocrx_word' id='word_1_242' title='bbox 2605 1757 2802 1814; x_wconf 88' lang='lat' dir='ltr'><strong>regem</strong></span> <span class='ocrx_word' id='word_1_243' title='bbox 2850 1745 3112 1797; x_wconf 89' lang='lat' dir='ltr'><strong>castrum</strong></span> <span class='ocrx_word' id='word_1_244' title='bbox 3144 1741 3408 1799; x_wconf 88' lang='lat' dir='ltr'><strong>Brisicau</strong></span> <span class='ocrx_word' id='word_1_245' title='bbox 3447 1742 3514 1778; x_wconf 77' lang='grc'><strong>²⁵⁵</strong></span> <span class='ocrx_word' id='word_1_246' title='bbox 3539 1743 3702 1800; x_wconf 87' lang='lat' dir='ltr'><strong>obsi-</strong></span> 
     </span>
    </p>
   </div>
   <div class='ocr_carea' id='block_1_45' title="bbox 2147 1829 3702 1904">
    <p class='ocr_par' dir='ltr' id='par_1_45' title="bbox 2147 1829 3702 1904">
     <span class='ocr_line' id='line_1_45' title="bbox 2147 1829 3702 1904; baseline 0.001 -18"><span class='ocrx_word' id='word_1_247' title='bbox 2147 1831 2404 1900; x_wconf 86' lang='lat' dir='ltr'><strong>dentem,</strong></span> <span class='ocrx_word' id='word_1_248' title='bbox 2454 1830 2701 1886; x_wconf 88' lang='lat' dir='ltr'><strong>consilio</strong></span> <span class='ocrx_word' id='word_1_249' title='bbox 2752 1829 3030 1887; x_wconf 88' lang='lat' dir='ltr'><strong>Friderici</strong></span> <span class='ocrx_word' id='word_1_250' title='bbox 3065 1830 3499 1904; x_wconf 86' lang='lat' dir='ltr'><strong>archiepiscopi</strong></span> <span class='ocrx_word' id='word_1_251' title='bbox 3529 1832 3702 1888; x_wconf 72' lang='lat' dir='ltr'><strong>multi</strong></span> 
     </span>
    </p>
   </div>
   <div class='ocr_carea' id='block_1_46' title="bbox 2149 1919 2449 1976">
    <p class='ocr_par' dir='ltr' id='par_1_46' title="bbox 2149 1919 2449 1976">
     <span class='ocr_line' id='line_1_46' title="bbox 2149 1919 2449 1976; baseline 0 -2"><span class='ocrx_word' id='word_1_252' title='bbox 2149 1919 2449 1976; x_wconf 89' lang='lat' dir='ltr'><strong>deserunt.</strong></span> 
     </span>
    </p>
   </div>
   <div class='ocr_carea' id='block_1_47' title="bbox 2042 2007 3701 2084">
    <p class='ocr_par' dir='ltr' id='par_1_47' title="bbox 2042 2007 3701 2084">
     <span class='ocr_line' id='line_1_47' title="bbox 2042 2007 3701 2084; baseline 0.004 -23"><span class='ocrx_word' id='word_1_253' title='bbox 2042 2009 2131 2062; x_wconf 89' lang='lat'><strong>27.</strong></span> <span class='ocrx_word' id='word_1_254' title='bbox 2173 2013 2252 2064; x_wconf 92' lang='lat' dir='ltr'><strong>De</strong></span> <span class='ocrx_word' id='word_1_255' title='bbox 2283 2007 2616 2066; x_wconf 87' lang='lat' dir='ltr'><strong>admirabili</strong></span> <span class='ocrx_word' id='word_1_256' title='bbox 2669 2008 3003 2066; x_wconf 88' lang='lat' dir='ltr'><strong>constantia</strong></span> <span class='ocrx_word' id='word_1_257' title='bbox 3047 2013 3103 2066; x_wconf 87' lang='lat' dir='ltr'><strong>et</strong></span> <span class='ocrx_word' id='word_1_258' title='bbox 3134 2010 3516 2082; x_wconf 81' lang='lat' dir='ltr'><strong>responsione</strong></span> <span class='ocrx_word' id='word_1_259' title='bbox 3545 2011 3701 2084; x_wconf 81' lang='lat' dir='ltr'><strong>regis</strong></span> 
     </span>
    </p>
   </div>
   <div class='ocr_carea' id='block_1_48' title="bbox 2150 2097 2399 2154">
    <p class='ocr_par' dir='ltr' id='par_1_48' title="bbox 2150 2097 2399 2154">
     <span class='ocr_line' id='line_1_48' title="bbox 2150 2097 2399 2154; baseline -0.004 -1"><span class='ocrx_word' id='word_1_260' title='bbox 2150 2097 2399 2154; x_wconf 88' lang='lat' dir='ltr'><strong>Ottonis.</strong></span> 
     </span>
    </p>
   </div>
   <div class='ocr_carea' id='block_1_49' title="bbox 2039 2185 3702 2260">
    <p class='ocr_par' dir='ltr' id='par_1_49' title="bbox 2039 2185 3702 2260">
     <span class='ocr_line' id='line_1_49' title="bbox 2039 2185 3702 2260; baseline 0.001 -18"><span class='ocrx_word' id='word_1_261' title='bbox 2039 2188 2130 2242; x_wconf 87' lang='lat'><strong>28.</strong></span> <span class='ocrx_word' id='word_1_262' title='bbox 2172 2185 2704 2256; x_wconf 87' lang='lat' dir='ltr'><strong>Quemadmodum,</strong></span> <span class='ocrx_word' id='word_1_263' title='bbox 2728 2185 2846 2242; x_wconf 89' lang='lat' dir='ltr'><strong>Deo</strong></span> <span class='ocrx_word' id='word_1_264' title='bbox 2879 2202 2984 2259; x_wconf 89' lang='lat' dir='ltr'><strong>pro</strong></span> <span class='ocrx_word' id='word_1_265' title='bbox 3018 2201 3151 2259; x_wconf 86' lang='lat' dir='ltr'><strong>rege</strong></span> <span class='ocrx_word' id='word_1_266' title='bbox 3181 2191 3502 2260; x_wconf 84' lang='lat' dir='ltr'><strong>pugnante,</strong></span> <span class='ocrx_word' id='word_1_267' title='bbox 3520 2187 3702 2246; x_wconf 88' lang='lat' dir='ltr'><strong>Gisle-</strong></span> 
     </span>
    </p>
   </div>
   <div class='ocr_carea' id='block_1_50' title="bbox 2147 2275 3700 2348">
    <p class='ocr_par' dir='ltr' id='par_1_50' title="bbox 2147 2275 3700 2348">
     <span class='ocr_line' id='line_1_50' title="bbox 2147 2275 3700 2348; baseline 0.003 -17"><span class='ocrx_word' id='word_1_268' title='bbox 2147 2275 2350 2331; x_wconf 87' lang='lat' dir='ltr'><strong>bertus</strong></span> <span class='ocrx_word' id='word_1_269' title='bbox 2379 2279 2554 2348; x_wconf 89' lang='lat' dir='ltr'><strong>atque</strong></span> <span class='ocrx_word' id='word_1_270' title='bbox 2585 2276 2951 2332; x_wconf 86' lang='lat' dir='ltr'><strong>Heverardus</strong></span> <span class='ocrx_word' id='word_1_271' title='bbox 2995 2276 3070 2332; x_wconf 89' lang='lat' dir='ltr'><strong>ab</strong></span> <span class='ocrx_word' id='word_1_272' title='bbox 3123 2275 3352 2340; x_wconf 70' lang='lat' dir='ltr'><strong>Hutone</strong></span> <span class='ocrx_word' id='word_1_273' title='bbox 3379 2280 3437 2337; x_wconf 84' lang='lat' dir='ltr'><strong>et</strong></span> <span class='ocrx_word' id='word_1_274' title='bbox 3461 2277 3700 2336; x_wconf 78' lang='lat' dir='ltr'><strong>Chaon-</strong></span> 
     </span>
    </p>
   </div>
   <div class='ocr_carea' id='block_1_51' title="bbox 2149 2364 3188 2422">
    <p class='ocr_par' dir='ltr' id='par_1_51' title="bbox 2149 2364 3188 2422">
     <span class='ocr_line' id='line_1_51' title="bbox 2149 2364 3188 2422; baseline 0 -2"><span class='ocrx_word' id='word_1_275' title='bbox 2149 2365 2292 2421; x_wconf 89' lang='lat' dir='ltr'><strong>rado</strong></span> <span class='ocrx_word' id='word_1_276' title='bbox 2323 2365 2396 2420; x_wconf 90' lang='lat' dir='ltr'><strong>ad</strong></span> <span class='ocrx_word' id='word_1_277' title='bbox 2417 2364 2804 2422; x_wconf 85' lang='lat' dir='ltr'><strong>Andernacha</strong></span> <span class='ocrx_word' id='word_1_278' title='bbox 2835 2364 2957 2422; x_wconf 89' lang='lat' dir='ltr'><strong>sint</strong></span> <span class='ocrx_word' id='word_1_279' title='bbox 2985 2365 3188 2422; x_wconf 88' lang='lat' dir='ltr'><strong>occisi.</strong></span> 
     </span>
    </p>
   </div>
   <div class='ocr_carea' id='block_1_52' title="bbox 2038 2453 3699 2528">
    <p class='ocr_par' dir='ltr' id='par_1_52' title="bbox 2038 2453 3699 2528">
     <span class='ocr_line' id='line_1_52' title="bbox 2038 2453 3699 2528; baseline 0.004 -19"><span class='ocrx_word' id='word_1_280' title='bbox 2038 2454 2129 2510; x_wconf 82' lang='lat'><strong>29.</strong></span> <span class='ocrx_word' id='word_1_281' title='bbox 2163 2455 2244 2510; x_wconf 92' lang='lat' dir='ltr'><strong>De</strong></span> <span class='ocrx_word' id='word_1_282' title='bbox 2275 2454 2482 2511; x_wconf 90' lang='lat' dir='ltr'><strong>nuntio</strong></span> <span class='ocrx_word' id='word_1_283' title='bbox 2513 2453 2615 2528; x_wconf 90' lang='lat' dir='ltr'><strong>qui</strong></span> <span class='ocrx_word' id='word_1_284' title='bbox 2647 2454 2859 2512; x_wconf 88' lang='lat' dir='ltr'><strong>horum</strong></span> <span class='ocrx_word' id='word_1_285' title='bbox 2875 2458 3124 2512; x_wconf 87' lang='lat' dir='ltr'><strong>mortem</strong></span> <span class='ocrx_word' id='word_1_286' title='bbox 3144 2454 3268 2528; x_wconf 89' lang='lat' dir='ltr'><strong>regi</strong></span> <span class='ocrx_word' id='word_1_287' title='bbox 3301 2456 3536 2518; x_wconf 78' lang='lat' dir='ltr'><strong>nuntiat</strong></span> <span class='ocrx_word' id='word_1_288' title='bbox 3556 2457 3699 2516; x_wconf 84' lang='lat' dir='ltr'><strong>dum</strong></span> 
     </span>
    </p>
   </div>
   <div class='ocr_carea' id='block_1_53' title="bbox 2150 2543 2730 2617">
    <p class='ocr_par' dir='ltr' id='par_1_53' title="bbox 2150 2543 2730 2617">
     <span class='ocr_line' id='line_1_53' title="bbox 2150 2543 2730 2617; baseline 0.002 -19"><span class='ocrx_word' id='word_1_289' title='bbox 2150 2543 2459 2600; x_wconf 89' lang='lat' dir='ltr'><strong>ecclesiam</strong></span> <span class='ocrx_word' id='word_1_290' title='bbox 2489 2547 2730 2617; x_wconf 89' lang='lat' dir='ltr'><strong>peteret.</strong></span> 
     </span>
    </p>
   </div>
   <div class='ocr_carea' id='block_1_54' title="bbox 2037 2632 3700 2708">
    <p class='ocr_par' dir='ltr' id='par_1_54' title="bbox 2037 2632 3700 2708">
     <span class='ocr_line' id='line_1_54' title="bbox 2037 2632 3700 2708; baseline 0.004 -20"><span class='ocrx_word' id='word_1_291' title='bbox 2037 2633 2128 2688; x_wconf 90' lang='grc'><strong>30.</strong></span> <span class='ocrx_word' id='word_1_292' title='bbox 2173 2633 2292 2689; x_wconf 86' lang='lat' dir='ltr'><strong>Rex</strong></span> <span class='ocrx_word' id='word_1_293' title='bbox 2323 2633 2458 2689; x_wconf 91' lang='lat' dir='ltr'><strong>Otto</strong></span> <span class='ocrx_word' id='word_1_294' title='bbox 2487 2633 2559 2688; x_wconf 92' lang='lat' dir='ltr'><strong>de</strong></span> <span class='ocrx_word' id='word_1_295' title='bbox 2590 2632 2842 2688; x_wconf 89' lang='lat' dir='ltr'><strong>istorum</strong></span> <span class='ocrx_word' id='word_1_296' title='bbox 2875 2636 3063 2696; x_wconf 84' lang='lat' dir='ltr'><strong>morte</strong></span> <span class='ocrx_word' id='word_1_297' title='bbox 3094 2632 3366 2690; x_wconf 89' lang='lat' dir='ltr'><strong>Bertaldo</strong></span> <span class='ocrx_word' id='word_1_298' title='bbox 3397 2635 3700 2708; x_wconf 82' lang='lat' dir='ltr'><strong>Bagoarie-</strong></span> 
     </span>
    </p>
   </div>
   <div class='ocr_carea' id='block_1_55' title="bbox 2149 2721 3699 2794">
    <p class='ocr_par' dir='ltr' id='par_1_55' title="bbox 2149 2721 3699 2794">
     <span class='ocr_line' id='line_1_55' title="bbox 2149 2721 3699 2794; baseline 0.006 -18"><span class='ocrx_word' id='word_1_299' title='bbox 2149 2738 2280 2778; x_wconf 88' lang='lat' dir='ltr'><strong>rum</strong></span> <span class='ocrx_word' id='word_1_300' title='bbox 2311 2722 2470 2790; x_wconf 90' lang='lat' dir='ltr'><strong>duci,</strong></span> <span class='ocrx_word' id='word_1_301' title='bbox 2503 2725 2561 2777; x_wconf 90' lang='lat' dir='ltr'><strong>et</strong></span> <span class='ocrx_word' id='word_1_302' title='bbox 2591 2721 2746 2794; x_wconf 92' lang='lat' dir='ltr'><strong>quod</strong></span> <span class='ocrx_word' id='word_1_303' title='bbox 2780 2721 2833 2778; x_wconf 91' lang='lat' dir='ltr'><strong>ei</strong></span> <span class='ocrx_word' id='word_1_304' title='bbox 2864 2737 3124 2780; x_wconf 84' lang='lat' dir='ltr'><strong>sororem</strong></span> <span class='ocrx_word' id='word_1_305' title='bbox 3155 2722 3277 2780; x_wconf 89' lang='lat' dir='ltr'><strong>sive</strong></span> <span class='ocrx_word' id='word_1_306' title='bbox 3317 2723 3537 2783; x_wconf 83' lang='lat' dir='ltr'><strong>sororis</strong></span> <span class='ocrx_word' id='word_1_307' title='bbox 3577 2739 3699 2785; x_wconf 68' lang='lat' dir='ltr'><strong>stuc</strong></span> 
     </span>
    </p>
   </div>
   <div class='ocr_carea' id='block_1_56' title="bbox 2149 2809 3400 2884">
    <p class='ocr_par' dir='ltr' id='par_1_56' title="bbox 2149 2809 3400 2884">
     <span class='ocr_line' id='line_1_56' title="bbox 2149 2809 3400 2884; baseline 0.001 -18"><span class='ocrx_word' id='word_1_308' title='bbox 2149 2811 2332 2867; x_wconf 91' lang='lat' dir='ltr'><strong>ﬁliam</strong></span> <span class='ocrx_word' id='word_1_309' title='bbox 2362 2811 2677 2884; x_wconf 87' lang='lat' dir='ltr'><strong>conjugem</strong></span> <span class='ocrx_word' id='word_1_310' title='bbox 2707 2811 2845 2866; x_wconf 89' lang='lat' dir='ltr'><strong>dare</strong></span> <span class='ocrx_word' id='word_1_311' title='bbox 2875 2809 3034 2878; x_wconf 90' lang='lat' dir='ltr'><strong>velit,</strong></span> <span class='ocrx_word' id='word_1_312' title='bbox 3069 2811 3400 2867; x_wconf 85' lang='lat' dir='ltr'><strong>denuntiat.</strong></span> 
     </span>
    </p>
   </div>
   <div class='ocr_carea' id='block_1_57' title="bbox 2037 2899 3699 2972">
    <p class='ocr_par' dir='ltr' id='par_1_57' title="bbox 2037 2899 3699 2972">
     <span class='ocr_line' id='line_1_57' title="bbox 2037 2899 3699 2972; baseline 0.002 -16"><span class='ocrx_word' id='word_1_313' title='bbox 2037 2902 2129 2957; x_wconf 82' lang='grc'><strong>31.</strong></span> <span class='ocrx_word' id='word_1_314' title='bbox 2171 2901 2252 2956; x_wconf 92' lang='lat' dir='ltr'><strong>De</strong></span> <span class='ocrx_word' id='word_1_315' title='bbox 2282 2899 2573 2956; x_wconf 90' lang='lat' dir='ltr'><strong>Friderico</strong></span> <span class='ocrx_word' id='word_1_316' title='bbox 2605 2899 3048 2972; x_wconf 88' lang='lat' dir='ltr'><strong>archiepiscopo</strong></span> <span class='ocrx_word' id='word_1_317' title='bbox 3075 2900 3174 2971; x_wconf 90' lang='lat' dir='ltr'><strong>qui</strong></span> <span class='ocrx_word' id='word_1_318' title='bbox 3197 2900 3328 2971; x_wconf 87' lang='lat' dir='ltr'><strong>jam</strong></span> <span class='ocrx_word' id='word_1_319' title='bbox 3349 2901 3578 2960; x_wconf 82' lang='lat' dir='ltr'><strong>dudum</strong></span> <span class='ocrx_word' id='word_1_320' title='bbox 3602 2919 3699 2960; x_wconf 84' lang='lat' dir='ltr'><strong>re-</strong></span> 
     </span>
    </p>
   </div>
   <div class='ocr_carea' id='block_1_58' title="bbox 2146 2987 3698 3063">
    <p class='ocr_par' dir='ltr' id='par_1_58' title="bbox 2146 2987 3698 3063">
     <span class='ocr_line' id='line_1_58' title="bbox 2146 2987 3698 3063; baseline 0.002 -17"><span class='ocrx_word' id='word_1_321' title='bbox 2146 3007 2280 3063; x_wconf 89' lang='lat' dir='ltr'><strong>gem</strong></span> <span class='ocrx_word' id='word_1_322' title='bbox 2307 2987 2568 3046; x_wconf 88' lang='lat' dir='ltr'><strong>deseruit</strong></span> <span class='ocrx_word' id='word_1_323' title='bbox 2597 2993 2654 3045; x_wconf 87' lang='lat' dir='ltr'><strong>et</strong></span> <span class='ocrx_word' id='word_1_324' title='bbox 2683 2989 2755 3044; x_wconf 89' lang='lat' dir='ltr'><strong>ad</strong></span> <span class='ocrx_word' id='word_1_325' title='bbox 2789 2989 3104 3046; x_wconf 86' lang='lat' dir='ltr'><strong>Metensem</strong></span> <span class='ocrx_word' id='word_1_326' title='bbox 3139 2989 3204 3024; x_wconf 80' lang='grc'>²⁵⁶</span> <span class='ocrx_word' id='word_1_327' title='bbox 3230 2989 3441 3056; x_wconf 78' lang='lat' dir='ltr'><strong>urbem</strong></span> <span class='ocrx_word' id='word_1_328' title='bbox 3472 2994 3537 3046; x_wconf 88' lang='lat' dir='ltr'><strong>ut</strong></span> <span class='ocrx_word' id='word_1_329' title='bbox 3564 3007 3698 3050; x_wconf 81' lang='lat' dir='ltr'><strong>con-</strong></span> 
     </span>
    </p>
   </div>
   <div class='ocr_carea' id='block_1_59' title="bbox 2145 3076 3696 3153">
    <p class='ocr_par' dir='ltr' id='par_1_59' title="bbox 2145 3076 3696 3153">
     <span class='ocr_line' id='line_1_59' title="bbox 2145 3076 3696 3153; baseline 0.003 -20"><span class='ocrx_word' id='word_1_330' title='bbox 2145 3080 2414 3153; x_wconf 86' lang='lat' dir='ltr'><strong>gregaret</strong></span> <span class='ocrx_word' id='word_1_331' title='bbox 2442 3076 2760 3134; x_wconf 83' lang='lat' dir='ltr'><strong>exercitum</strong></span> <span class='ocrx_word' id='word_1_332' title='bbox 2790 3077 2858 3114; x_wconf 65' lang='lat'><strong>’5‘</strong></span> <span class='ocrx_word' id='word_1_333' title='bbox 2889 3077 3011 3134; x_wconf 88' lang='lat' dir='ltr'><strong>ivit.</strong></span> <span class='ocrx_word' id='word_1_334' title='bbox 3048 3076 3144 3134; x_wconf 85' lang='lat' dir='ltr'><strong>ubi</strong></span> <span class='ocrx_word' id='word_1_335' title='bbox 3176 3078 3247 3134; x_wconf 90' lang='lat' dir='ltr'><strong>de</strong></span> <span class='ocrx_word' id='word_1_336' title='bbox 3277 3082 3464 3137; x_wconf 79' lang='lat' dir='ltr'><strong>morte</strong></span> <span class='ocrx_word' id='word_1_337' title='bbox 3491 3095 3696 3136; x_wconf 81' lang='lat' dir='ltr'><strong>eorum</strong></span> 
     </span>
    </p>
   </div>
   <div class='ocr_carea' id='block_1_60' title="bbox 2148 3167 2389 3225">
    <p class='ocr_par' dir='ltr' id='par_1_60' title="bbox 2148 3167 2389 3225">
     <span class='ocr_line' id='line_1_60' title="bbox 2148 3167 2389 3225; baseline -0.008 0"><span class='ocrx_word' id='word_1_338' title='bbox 2148 3167 2389 3225; x_wconf 87' lang='lat' dir='ltr'><strong>audivit.</strong></span> 
     </span>
    </p>
   </div>
   <div class='ocr_carea' id='block_1_61' title="bbox 272 3255 3691 3336">
    <p class='ocr_par' dir='ltr' id='par_1_61' title="bbox 272 3255 3691 3336">
     <span class='ocr_line' id='line_1_61' title="bbox 272 3255 3691 3336; baseline -0.001 -14"><span class='ocrx_word' id='word_1_339' title='bbox 272 3265 358 3322; x_wconf 83' lang='grc'><strong>19.</strong></span> <span class='ocrx_word' id='word_1_340' title='bbox 401 3264 481 3320; x_wconf 93' lang='lat' dir='ltr'><strong>De</strong></span> <span class='ocrx_word' id='word_1_341' title='bbox 510 3263 862 3330; x_wconf 82' lang='lat' dir='ltr'><strong>Heverardc,</strong></span> <span class='ocrx_word' id='word_1_342' title='bbox 898 3261 998 3335; x_wconf 89' lang='lat' dir='ltr'><strong>qui</strong></span> <span class='ocrx_word' id='word_1_343' title='bbox 1051 3261 1390 3319; x_wconf 90' lang='lat' dir='ltr'><strong>Heinricum</strong></span> <span class='ocrx_word' id='word_1_344' title='bbox 1425 3262 1619 3318; x_wconf 86' lang='lat' dir='ltr'><strong>adhuc</strong></span> <span class='ocrx_word' id='word_1_345' title='bbox 1667 3261 1788 3336; x_wconf 91' lang='lat' dir='ltr'><strong>regi</strong></span> <span class='ocrx_word' id='word_1_346' title='bbox 1819 3279 1927 3318; x_wconf 82' lang='lat' dir='ltr'><strong>suo</strong></span> <span class='ocrx_word' id='word_1_347' title='bbox 1971 3333 1999 3336; x_wconf 83' lang='lat'><em>_</em></span> <span class='ocrx_word' id='word_1_348' title='bbox 2037 3260 2125 3315; x_wconf 90' lang='lat'><strong>32.</strong></span> <span class='ocrx_word' id='word_1_349' title='bbox 2168 3259 2249 3314; x_wconf 91' lang='lat' dir='ltr'><strong>De</strong></span> <span class='ocrx_word' id='word_1_350' title='bbox 2271 3258 2476 3315; x_wconf 85' lang='lat' dir='ltr'><strong>eodem</strong></span> <span class='ocrx_word' id='word_1_351' title='bbox 2509 3255 2946 3330; x_wconf 86' lang='lat' dir='ltr'><strong>archiepiscopo</strong></span> <span class='ocrx_word' id='word_1_352' title='bbox 2971 3259 3136 3329; x_wconf 80' lang='lat' dir='ltr'><strong>espto</strong></span> <span class='ocrx_word' id='word_1_353' title='bbox 3165 3259 3224 3314; x_wconf 89' lang='lat' dir='ltr'><strong>et</strong></span> <span class='ocrx_word' id='word_1_354' title='bbox 3253 3258 3535 3318; x_wconf 72' lang='lat' dir='ltr'><strong>custodite</strong></span> <span class='ocrx_word' id='word_1_355' title='bbox 3567 3261 3691 3318; x_wconf 81' lang='lat' dir='ltr'><strong>tra-</strong></span> 
     </span>
    </p>
   </div>
   <div class='ocr_carea' id='block_1_62' title="bbox 377 3333 2002 3425">
    <p class='ocr_par' dir='ltr' id='par_1_62' title="bbox 377 3333 2002 3425">
     <span class='ocr_line' id='line_1_62' title="bbox 377 3333 2002 3425; baseline -0.002 -16"><span class='ocrx_word' id='word_1_356' title='bbox 377 3353 543 3409; x_wconf 87' lang='lat' dir='ltr'><strong>fratri</strong></span> <span class='ocrx_word' id='word_1_357' title='bbox 598 3350 831 3408; x_wconf 89' lang='lat' dir='ltr'><strong>ﬁdelem</strong></span> <span class='ocrx_word' id='word_1_358' title='bbox 883 3333 942 3406; x_wconf 77' lang='lat' dir='ltr'><strong>in</strong></span> <span class='ocrx_word' id='word_1_359' title='bbox 990 3351 1230 3408; x_wconf 90' lang='lat' dir='ltr'><strong>castello</strong></span> <span class='ocrx_word' id='word_1_360' title='bbox 1291 3352 1548 3425; x_wconf 91' lang='lat' dir='ltr'><strong>quodam</strong></span> <span class='ocrx_word' id='word_1_361' title='bbox 1615 3333 2002 3425; x_wconf 49' lang='lat' dir='ltr'><strong>degentem&#39;c</strong></span> 
     </span>
    </p>
   </div>
   <div class='ocr_carea' id='block_1_63' title="bbox 377 3440 1926 3513">
    <p class='ocr_par' dir='ltr' id='par_1_63' title="bbox 377 3440 1926 3513">
     <span class='ocr_line' id='line_1_63' title="bbox 377 3440 1926 3513; baseline 0.001 -16"><span class='ocrx_word' id='word_1_362' title='bbox 377 3442 546 3499; x_wconf 90' lang='lat' dir='ltr'><strong>initio</strong></span> <span class='ocrx_word' id='word_1_363' title='bbox 605 3440 942 3498; x_wconf 88' lang='lat' dir='ltr'><strong>rebellionis</strong></span> <span class='ocrx_word' id='word_1_364' title='bbox 1001 3458 1122 3497; x_wconf 76' lang='lat' dir='ltr'><strong>suae</strong></span> <span class='ocrx_word' id='word_1_365' title='bbox 1181 3441 1336 3513; x_wconf 88' lang='lat' dir='ltr'><strong>cepit</strong></span> <span class='ocrx_word' id='word_1_366' title='bbox 1379 3446 1437 3498; x_wconf 91' lang='lat' dir='ltr'><strong>et</strong></span> <span class='ocrx_word' id='word_1_367' title='bbox 1493 3441 1553 3497; x_wconf 88' lang='lat' dir='ltr'><strong>in</strong></span> <span class='ocrx_word' id='word_1_368' title='bbox 1618 3442 1926 3498; x_wconf 90' lang='lat' dir='ltr'><strong>Franciam</strong></span> 
     </span>
    </p>
   </div>
   <div class='ocr_carea' id='block_1_64' title="bbox 377 3531 566 3588">
    <p class='ocr_par' dir='ltr' id='par_1_64' title="bbox 377 3531 566 3588">
     <span class='ocr_line' id='line_1_64' title="bbox 377 3531 566 3588; baseline 0 0"><span class='ocrx_word' id='word_1_369' title='bbox 377 3531 566 3588; x_wconf 84' lang='lat' dir='ltr'><strong>duxit.</strong></span> 
     </span>
    </p>
   </div>
   <div class='ocr_carea' id='block_1_65' title="bbox 267 3618 1933 3692">
    <p class='ocr_par' dir='ltr' id='par_1_65' title="bbox 267 3618 1933 3692">
     <span class='ocr_line' id='line_1_65' title="bbox 267 3618 1933 3692; baseline -0.001 -17"><span class='ocrx_word' id='word_1_370' title='bbox 267 3621 360 3677; x_wconf 88' lang='lat'><strong>20.</strong></span> <span class='ocrx_word' id='word_1_371' title='bbox 405 3622 530 3686; x_wconf 83' lang='lat' dir='ltr'><strong>Qua</strong></span> <span class='ocrx_word' id='word_1_372' title='bbox 558 3620 783 3676; x_wconf 85' lang='lat' dir='ltr'><strong>rat-ioue</strong></span> <span class='ocrx_word' id='word_1_373' title='bbox 814 3619 1179 3676; x_wconf 86' lang='lat' dir='ltr'><strong>Heverardus</strong></span> <span class='ocrx_word' id='word_1_374' title='bbox 1209 3618 1602 3678; x_wconf 89' lang='lat' dir='ltr'><strong>Gislebertum</strong></span> <span class='ocrx_word' id='word_1_375' title='bbox 1633 3636 1667 3676; x_wconf 93' lang='lat' dir='ltr'><strong>a</strong></span> <span class='ocrx_word' id='word_1_376' title='bbox 1699 3619 1851 3692; x_wconf 88' lang='lat' dir='ltr'><strong>regis</strong></span> <span class='ocrx_word' id='word_1_377' title='bbox 1870 3619 1933 3673; x_wconf 87' lang='lat' dir='ltr'><strong>ﬁ-</strong></span> 
     </span>
    </p>
   </div>
   <div class='ocr_carea' id='block_1_66' title="bbox 370 3707 985 3779">
    <p class='ocr_par' dir='ltr' id='par_1_66' title="bbox 370 3707 985 3779">
     <span class='ocr_line' id='line_1_66' title="bbox 370 3707 985 3779; baseline -0.002 -14"><span class='ocrx_word' id='word_1_378' title='bbox 370 3708 606 3767; x_wconf 86' lang='lat' dir='ltr'><strong>delitate</strong></span> <span class='ocrx_word' id='word_1_379' title='bbox 641 3707 985 3779; x_wconf 88' lang='lat' dir='ltr'><strong>sejunxerit.</strong></span> 
     </span>
    </p>
   </div>
   <div class='ocr_carea' id='block_1_67' title="bbox 2149 3347 2292 3404">
    <p class='ocr_par' dir='ltr' id='par_1_67' title="bbox 2149 3347 2292 3404">
     <span class='ocr_line' id='line_1_67' title="bbox 2149 3347 2292 3404; baseline -0.014 0"><span class='ocrx_word' id='word_1_380' title='bbox 2149 3347 2292 3404; x_wconf 88' lang='lat' dir='ltr'><strong>dito.</strong></span> 
     </span>
    </p>
   </div>
   <div class='ocr_carea' id='block_1_68' title="bbox 2039 3433 3692 3506">
    <p class='ocr_par' dir='ltr' id='par_1_68' title="bbox 2039 3433 3692 3506">
     <span class='ocr_line' id='line_1_68' title="bbox 2039 3433 3692 3506; baseline -0.001 -11"><span class='ocrx_word' id='word_1_381' title='bbox 2039 3438 2127 3495; x_wconf 89' lang='lat'><strong>33.</strong></span> <span class='ocrx_word' id='word_1_382' title='bbox 2169 3437 2252 3493; x_wconf 89' lang='lat' dir='ltr'><strong>De</strong></span> <span class='ocrx_word' id='word_1_383' title='bbox 2277 3435 2545 3492; x_wconf 87' lang='lat' dir='ltr'><strong>Heinrico</strong></span> <span class='ocrx_word' id='word_1_384' title='bbox 2576 3434 2680 3506; x_wconf 89' lang='lat' dir='ltr'><strong>qui</strong></span> <span class='ocrx_word' id='word_1_385' title='bbox 2711 3451 2746 3490; x_wconf 92' lang='lat' dir='ltr'><strong>a</strong></span> <span class='ocrx_word' id='word_1_386' title='bbox 2775 3449 2974 3490; x_wconf 88' lang='lat' dir='ltr'><strong>sorore</strong></span> <span class='ocrx_word' id='word_1_387' title='bbox 2999 3433 3450 3506; x_wconf 82' lang='lat' dir='ltr'><strong>probibetur,ne</strong></span> <span class='ocrx_word' id='word_1_388' title='bbox 3471 3435 3530 3490; x_wconf 89' lang='lat' dir='ltr'><strong>in</strong></span> <span class='ocrx_word' id='word_1_389' title='bbox 3561 3452 3692 3494; x_wconf 88' lang='lat' dir='ltr'><strong>mu-</strong></span> 
     </span>
    </p>
   </div>
   <div class='ocr_carea' id='block_1_69' title="bbox 2147 3522 3256 3595">
    <p class='ocr_par' dir='ltr' id='par_1_69' title="bbox 2147 3522 3256 3595">
     <span class='ocr_line' id='line_1_69' title="bbox 2147 3522 3256 3595; baseline 0.002 -15"><span class='ocrx_word' id='word_1_390' title='bbox 2147 3525 2402 3581; x_wconf 89' lang='lat' dir='ltr'><strong>nitiones</strong></span> <span class='ocrx_word' id='word_1_391' title='bbox 2427 3527 2630 3579; x_wconf 90' lang='lat' dir='ltr'><strong>contra</strong></span> <span class='ocrx_word' id='word_1_392' title='bbox 2647 3538 2847 3595; x_wconf 89' lang='lat' dir='ltr'><strong>regem</strong></span> <span class='ocrx_word' id='word_1_393' title='bbox 2870 3522 3256 3593; x_wconf 84' lang='lat' dir='ltr'><strong>ingrediatur.</strong></span> 
     </span>
    </p>
   </div>
   <div class='ocr_carea' id='block_1_70' title="bbox 2037 3610 3692 3684">
    <p class='ocr_par' dir='ltr' id='par_1_70' title="bbox 2037 3610 3692 3684">
     <span class='ocr_line' id='line_1_70' title="bbox 2037 3610 3692 3684; baseline 0.002 -14"><span class='ocrx_word' id='word_1_394' title='bbox 2037 3615 2107 3671; x_wconf 85' lang='grc'><strong>34</strong></span> <span class='ocrx_word' id='word_1_395' title='bbox 2147 3615 2228 3670; x_wconf 93' lang='lat' dir='ltr'><strong>De</strong></span> <span class='ocrx_word' id='word_1_396' title='bbox 2245 3613 2448 3669; x_wconf 88' lang='lat' dir='ltr'><strong>eodem</strong></span> <span class='ocrx_word' id='word_1_397' title='bbox 2462 3611 2562 3684; x_wconf 89' lang='lat' dir='ltr'><strong>qui</strong></span> <span class='ocrx_word' id='word_1_398' title='bbox 2580 3610 2734 3683; x_wconf 90' lang='lat' dir='ltr'><strong>regis</strong></span> <span class='ocrx_word' id='word_1_399' title='bbox 2751 3612 3128 3683; x_wconf 83' lang='lat' dir='ltr'><strong>postmodum</strong></span> <span class='ocrx_word' id='word_1_400' title='bbox 3140 3612 3210 3668; x_wconf 84' lang='lat' dir='ltr'><strong>ad</strong></span> <span class='ocrx_word' id='word_1_401' title='bbox 3229 3611 3692 3673; x_wconf 81' lang='lat' dir='ltr'><strong>misericordiam</strong></span> 
     </span>
    </p>
   </div>
   <div class='ocr_carea' id='block_1_71' title="bbox 2145 3701 2324 3758">
    <p class='ocr_par' dir='ltr' id='par_1_71' title="bbox 2145 3701 2324 3758">
     <span class='ocr_line' id='line_1_71' title="bbox 2145 3701 2324 3758; baseline -0.006 -1"><span class='ocrx_word' id='word_1_402' title='bbox 2145 3701 2324 3758; x_wconf 87' lang='lat' dir='ltr'><strong>venit.</strong></span> 
     </span>
    </p>
   </div>
   <div class='ocr_carea' id='block_1_72' title="bbox 1625 3897 2338 3952">
    <p class='ocr_par' dir='ltr' id='par_1_72' title="bbox 1625 3897 2338 3952">
     <span class='ocr_line' id='line_1_72' title="bbox 1625 3897 2338 3952; baseline -0.008 -2"><span class='ocrx_word' id='word_1_403' title='bbox 1625 3903 1980 3952; x_wconf 81' lang='lat' dir='ltr'><strong>EXPLICIUNT</strong></span> <span class='ocrx_word' id='word_1_404' title='bbox 2022 3897 2338 3948; x_wconf 65' lang='lat' dir='ltr'><strong>CAPITULA.</strong></span> 
     </span>
    </p>
   </div>
   <div class='ocr_carea' id='block_1_73' title="bbox 925 4077 3012 4201">
    <p class='ocr_par' dir='ltr' id='par_1_73' title="bbox 925 4077 3012 4201">
     <span class='ocr_line' id='line_1_73' title="bbox 925 4077 3012 4201; baseline -0.001 -29"><span class='ocrx_word' id='word_1_405' title='bbox 925 4085 1338 4174; x_wconf 84' lang='lat' dir='ltr'><strong>INCIPIT</strong></span> <span class='ocrx_word' id='word_1_406' title='bbox 1398 4083 1718 4173; x_wconf 76' lang='lat' dir='ltr'><strong>LIBER</strong></span> <span class='ocrx_word' id='word_1_407' title='bbox 1783 4080 2326 4201; x_wconf 80' lang='lat' dir='ltr'><strong>QUARTUS</strong></span> <span class='ocrx_word' id='word_1_408' title='bbox 2388 4077 3012 4169; x_wconf 77' lang='lat' dir='ltr'><strong>FELICITER.</strong></span> 
     </span>
    </p>
   </div>
   <div class='ocr_carea' id='block_1_74' title="bbox 338 4275 3689 4356">
    <p class='ocr_par' dir='ltr' id='par_1_74' title="bbox 338 4275 3689 4356">
     <span class='ocr_line' id='line_1_74' title="bbox 338 4275 3689 4356; baseline 0.001 -20"><span class='ocrx_word' id='word_1_409' title='bbox 338 4283 384 4336; x_wconf 91' lang='grc' dir='ltr'><strong>ι.</strong></span> <span class='ocrx_word' id='word_1_410' title='bbox 418 4280 712 4340; x_wconf 86' lang='lat' dir='ltr'><strong>Hactenus</strong></span> <span class='ocrx_word' id='word_1_411' title='bbox 742 4297 871 4355; x_wconf 68' lang='lat' dir='ltr'><strong>quas</strong></span> <span class='ocrx_word' id='word_1_412' title='bbox 920 4282 1148 4356; x_wconf 89' lang='lat' dir='ltr'><strong>digesta</strong></span> <span class='ocrx_word' id='word_1_413' title='bbox 1181 4286 1338 4351; x_wconf 88' lang='lat' dir='ltr'><strong>sunt,</strong></span> <span class='ocrx_word' id='word_1_414' title='bbox 1373 4283 1648 4340; x_wconf 87' lang='lat' dir='ltr'><strong>sacerdos</strong></span> <span class='ocrx_word' id='word_1_415' title='bbox 1677 4282 1922 4339; x_wconf 85' lang='lat' dir='ltr'><strong>sanetis—</strong></span> <span class='ocrx_word' id='word_1_416' title='bbox 1949 4282 1998 4348; x_wconf 90' lang='lat' dir='ltr'><strong>D</strong></span> <span class='ocrx_word' id='word_1_417' title='bbox 2033 4282 2090 4336; x_wconf 90' lang='lat' dir='ltr'><strong>et</strong></span> <span class='ocrx_word' id='word_1_418' title='bbox 2118 4277 2449 4351; x_wconf 86' lang='lat' dir='ltr'><strong>provincias</strong></span> <span class='ocrx_word' id='word_1_419' title='bbox 2463 4275 3689 4354; x_wconf 83' lang='lat' dir='ltr'><strong>eircumcircamiseredevastaret,eamque</strong></span> 
     </span>
    </p>
   </div>
   <div class='ocr_carea' id='block_1_75' title="bbox 257 4368 1918 4445">
    <p class='ocr_par' dir='ltr' id='par_1_75' title="bbox 257 4368 1918 4445">
     <span class='ocr_line' id='line_1_75' title="bbox 257 4368 1918 4445; baseline 0 -18"><span class='ocrx_word' id='word_1_420' title='bbox 257 4368 433 4438; x_wconf 90' lang='lat' dir='ltr'><strong>sime,</strong></span> <span class='ocrx_word' id='word_1_421' title='bbox 465 4369 618 4427; x_wconf 87' lang='lat' dir='ltr'><strong>sicut</strong></span> <span class='ocrx_word' id='word_1_422' title='bbox 648 4389 682 4428; x_wconf 89' lang='lat' dir='ltr'><strong>a</strong></span> <span class='ocrx_word' id='word_1_423' title='bbox 710 4371 1209 4445; x_wconf 85' lang='lat' dir='ltr'><strong>gravissimis,qui</strong></span> <span class='ocrx_word' id='word_1_424' title='bbox 1241 4388 1310 4430; x_wconf 91' lang='lat' dir='ltr'><strong>ea</strong></span> <span class='ocrx_word' id='word_1_425' title='bbox 1339 4376 1640 4429; x_wconf 88' lang='lat' dir='ltr'><strong>creverant</strong></span> <span class='ocrx_word' id='word_1_426' title='bbox 1663 4372 1729 4443; x_wconf 79' lang='grc' dir='ltr'><strong>[ί.</strong></span> <span class='ocrx_word' id='word_1_427' title='bbox 1763 4387 1810 4428; x_wconf 82' lang='lat' dir='ltr'><strong>e.</strong></span> <span class='ocrx_word' id='word_1_428' title='bbox 1834 4371 1918 4427; x_wconf 89' lang='lat' dir='ltr'><strong>vi-</strong></span> 
     </span>
    </p>
   </div>
   <div class='ocr_carea' id='block_1_76' title="bbox 258 4459 1917 4534">
    <p class='ocr_par' dir='ltr' id='par_1_76' title="bbox 258 4459 1917 4534">
     <span class='ocr_line' id='line_1_76' title="bbox 258 4459 1917 4534; baseline 0 -19"><span class='ocrx_word' id='word_1_429' title='bbox 258 4459 512 4531; x_wconf 82' lang='lat' dir='ltr'><strong>derant],</strong></span> <span class='ocrx_word' id='word_1_430' title='bbox 558 4460 702 4517; x_wconf 85' lang='lat' dir='ltr'><strong>viris</strong></span> <span class='ocrx_word' id='word_1_431' title='bbox 747 4461 966 4530; x_wconf 89' lang='lat' dir='ltr'><strong>audivi;</strong></span> <span class='ocrx_word' id='word_1_432' title='bbox 1001 4462 1281 4534; x_wconf 86' lang='lat' dir='ltr'><strong>exposui;</strong></span> <span class='ocrx_word' id='word_1_433' title='bbox 1316 4466 1592 4518; x_wconf 59' lang='lat' dir='ltr'><strong>caeterum</strong></span> <span class='ocrx_word' id='word_1_434' title='bbox 1624 4478 1749 4534; x_wconf 67' lang='lat' dir='ltr'><strong>quae</strong></span> <span class='ocrx_word' id='word_1_435' title='bbox 1783 4477 1917 4517; x_wconf 90' lang='lat' dir='ltr'><strong>nar-</strong></span> 
     </span>
    </p>
   </div>
   <div class='ocr_carea' id='block_1_77' title="bbox 261 4549 1920 4625">
    <p class='ocr_par' dir='ltr' id='par_1_77' title="bbox 261 4549 1920 4625">
     <span class='ocr_line' id='line_1_77' title="bbox 261 4549 1920 4625; baseline 0 -21"><span class='ocrx_word' id='word_1_436' title='bbox 261 4549 449 4605; x_wconf 87' lang='lat' dir='ltr'><strong>randa</strong></span> <span class='ocrx_word' id='word_1_437' title='bbox 479 4553 638 4622; x_wconf 87' lang='lat' dir='ltr'><strong>sunt,</strong></span> <span class='ocrx_word' id='word_1_438' title='bbox 673 4550 755 4606; x_wconf 89' lang='lat' dir='ltr'><strong>ita</strong></span> <span class='ocrx_word' id='word_1_439' title='bbox 783 4553 850 4606; x_wconf 91' lang='lat' dir='ltr'><strong>ut</strong></span> <span class='ocrx_word' id='word_1_440' title='bbox 879 4549 980 4625; x_wconf 88' lang='lat' dir='ltr'><strong>qui</strong></span> <span class='ocrx_word' id='word_1_441' title='bbox 1012 4550 1400 4619; x_wconf 87' lang='lat' dir='ltr'><strong>interfuerim,</strong></span> <span class='ocrx_word' id='word_1_442' title='bbox 1429 4549 1920 4622; x_wconf 84' lang='lat' dir='ltr'><strong>explicabo.Easi-</strong></span> 
     </span>
    </p>
   </div>
   <div class='ocr_carea' id='block_1_78' title="bbox 256 4638 1916 4712">
    <p class='ocr_par' dir='ltr' id='par_1_78' title="bbox 256 4638 1916 4712">
     <span class='ocr_line' id='line_1_78' title="bbox 256 4638 1916 4712; baseline 0.001 -20"><span class='ocrx_word' id='word_1_443' title='bbox 256 4638 498 4710; x_wconf 80' lang='lat' dir='ltr'><strong>quidem</strong></span> <span class='ocrx_word' id='word_1_444' title='bbox 531 4643 879 4712; x_wconf 87' lang='lat' dir='ltr'><strong>tempestate</strong></span> <span class='ocrx_word' id='word_1_445' title='bbox 899 4643 1097 4697; x_wconf 87' lang='lat' dir='ltr'><strong>tantus</strong></span> <span class='ocrx_word' id='word_1_446' title='bbox 1115 4641 1461 4712; x_wconf 87' lang='lat' dir='ltr'><strong>eram,quod</strong></span> <span class='ocrx_word' id='word_1_447' title='bbox 1488 4639 1916 4712; x_wconf 83' lang='lat' dir='ltr'><strong>regisHugonis</strong></span> 
     </span>
    </p>
   </div>
   <div class='ocr_carea' id='block_1_79' title="bbox 255 4727 1915 4800">
    <p class='ocr_par' dir='ltr' id='par_1_79' title="bbox 255 4727 1915 4800">
     <span class='ocr_line' id='line_1_79' title="bbox 255 4727 1915 4800; baseline -0.001 -18"><span class='ocrx_word' id='word_1_448' title='bbox 255 4727 509 4800; x_wconf 89' lang='lat' dir='ltr'><strong>gratiam</strong></span> <span class='ocrx_word' id='word_1_449' title='bbox 541 4728 722 4785; x_wconf 89' lang='lat' dir='ltr'><strong>michi</strong></span> <span class='ocrx_word' id='word_1_450' title='bbox 751 4730 908 4785; x_wconf 85' lang='lat' dir='ltr'><strong>vocis</strong></span> <span class='ocrx_word' id='word_1_451' title='bbox 934 4728 1245 4785; x_wconf 88' lang='lat' dir='ltr'><strong>dulcedine</strong></span> <span class='ocrx_word' id='word_1_452' title='bbox 1258 4728 1736 4800; x_wconf 90' lang='lat' dir='ltr'><strong>adquirebam.Is</strong></span> <span class='ocrx_word' id='word_1_453' title='bbox 1757 4727 1915 4783; x_wconf 90' lang='lat' dir='ltr'><strong>enim</strong></span> 
     </span>
    </p>
   </div>
   <div class='ocr_carea' id='block_1_80' title="bbox 233 4816 1915 4891">
    <p class='ocr_par' dir='ltr' id='par_1_80' title="bbox 233 4816 1915 4891">
     <span class='ocr_line' id='line_1_80' title="bbox 233 4816 1915 4891; baseline -0.001 -19"><span class='ocrx_word' id='word_1_454' title='bbox 233 4816 620 4889; x_wconf 80' lang='lat' dir='ltr'><strong>euphoniam</strong></span> <span class='ocrx_word' id='word_1_455' title='bbox 654 4818 798 4875; x_wconf 88' lang='lat' dir='ltr'><strong>adeo</strong></span> <span class='ocrx_word' id='word_1_456' title='bbox 835 4821 894 4886; x_wconf 80' lang='grc' dir='ltr'><strong>[ί.</strong></span> <span class='ocrx_word' id='word_1_457' title='bbox 930 4835 975 4875; x_wconf 81' lang='lat' dir='ltr'><strong>e.</strong></span> <span class='ocrx_word' id='word_1_458' title='bbox 1009 4817 1201 4891; x_wconf 90' lang='lat' dir='ltr'><strong>valde]</strong></span> <span class='ocrx_word' id='word_1_459' title='bbox 1233 4816 1533 4891; x_wconf 88' lang='lat' dir='ltr'><strong>diligebat,</strong></span> <span class='ocrx_word' id='word_1_460' title='bbox 1585 4818 1643 4872; x_wconf 93' lang='lat' dir='ltr'><strong>in</strong></span> <span class='ocrx_word' id='word_1_461' title='bbox 1675 4834 1793 4889; x_wconf 89' lang='lat' dir='ltr'><strong>qua</strong></span> <span class='ocrx_word' id='word_1_462' title='bbox 1823 4833 1915 4872; x_wconf 89' lang='lat' dir='ltr'><strong>me</strong></span> 
     </span>
    </p>
   </div>
   <div class='ocr_carea' id='block_1_81' title="bbox 255 4905 1732 4980">
    <p class='ocr_par' dir='ltr' id='par_1_81' title="bbox 255 4905 1732 4980">
     <span class='ocr_line' id='line_1_81' title="bbox 255 4905 1732 4980; baseline 0.001 -20"><span class='ocrx_word' id='word_1_463' title='bbox 255 4905 632 4979; x_wconf 26' lang='lat' dir='ltr'><strong>coequalium,</strong></span> <span class='ocrx_word' id='word_1_464' title='bbox 657 4923 980 4980; x_wconf 88' lang='lat' dir='ltr'><strong>puerorum</strong></span> <span class='ocrx_word' id='word_1_465' title='bbox 1012 4922 1184 4964; x_wconf 89' lang='lat' dir='ltr'><strong>nemo</strong></span> <span class='ocrx_word' id='word_1_466' title='bbox 1214 4907 1445 4962; x_wconf 88' lang='lat' dir='ltr'><strong>vincere</strong></span> <span class='ocrx_word' id='word_1_467' title='bbox 1488 4910 1732 4979; x_wconf 90' lang='lat' dir='ltr'><strong>poterat.</strong></span> 
     </span>
    </p>
   </div>
   <div class='ocr_carea' id='block_1_82' title="bbox 324 4995 1911 5070">
    <p class='ocr_par' dir='ltr' id='par_1_82' title="bbox 324 4995 1911 5070">
     <span class='ocr_line' id='line_1_82' title="bbox 324 4995 1911 5070; baseline 0 -20"><span class='ocrx_word' id='word_1_468' title='bbox 324 4998 379 5050; x_wconf 88' lang='grc'><strong>2.</strong></span> <span class='ocrx_word' id='word_1_469' title='bbox 413 4995 600 5069; x_wconf 87' lang='lat' dir='ltr'><strong>Igitur</strong></span> <span class='ocrx_word' id='word_1_470' title='bbox 630 5013 729 5053; x_wconf 87' lang='lat' dir='ltr'><strong>rex</strong></span> <span class='ocrx_word' id='word_1_471' title='bbox 759 4997 924 5070; x_wconf 87' lang='lat' dir='ltr'><strong>Hugo</strong></span> <span class='ocrx_word' id='word_1_472' title='bbox 957 4997 1098 5052; x_wconf 91' lang='lat' dir='ltr'><strong>dum</strong></span> <span class='ocrx_word' id='word_1_473' title='bbox 1119 4995 1417 5068; x_wconf 89' lang='lat' dir='ltr'><strong>properari</strong></span> <span class='ocrx_word' id='word_1_474' title='bbox 1432 4995 1911 5068; x_wconf 89' lang='lat' dir='ltr'><strong>sibicunctapro-</strong></span> 
     </span>
    </p>
   </div>
   <div class='ocr_carea' id='block_1_83' title="bbox 253 5082 1914 5157">
    <p class='ocr_par' dir='ltr' id='par_1_83' title="bbox 253 5082 1914 5157">
     <span class='ocr_line' id='line_1_83' title="bbox 253 5082 1914 5157; baseline -0.001 -16"><span class='ocrx_word' id='word_1_475' title='bbox 253 5082 526 5157; x_wconf 88' lang='lat' dir='ltr'><strong>spiceret,</strong></span> <span class='ocrx_word' id='word_1_476' title='bbox 585 5084 771 5141; x_wconf 83' lang='lat' dir='ltr'><strong>filium</strong></span> <span class='ocrx_word' id='word_1_477' title='bbox 829 5102 1006 5142; x_wconf 90' lang='lat' dir='ltr'><strong>suum</strong></span> <span class='ocrx_word' id='word_1_478' title='bbox 1061 5084 1428 5151; x_wconf 85' lang='lat' dir='ltr'><strong>Lotharium,</strong></span> <span class='ocrx_word' id='word_1_479' title='bbox 1464 5100 1636 5156; x_wconf 90' lang='lat' dir='ltr'><strong>quem</strong></span> <span class='ocrx_word' id='word_1_480' title='bbox 1670 5101 1736 5140; x_wconf 84' lang='lat' dir='ltr'><strong>ex</strong></span> <span class='ocrx_word' id='word_1_481' title='bbox 1768 5083 1914 5139; x_wconf 83' lang='lat' dir='ltr'><strong>Alda</strong></span> 
     </span>
    </p>
   </div>
   <div class='ocr_carea' id='block_1_84' title="bbox 250 5173 1912 5247">
    <p class='ocr_par' dir='ltr' id='par_1_84' title="bbox 250 5173 1912 5247">
     <span class='ocr_line' id='line_1_84' title="bbox 250 5173 1912 5247; baseline -0.001 -18"><span class='ocrx_word' id='word_1_482' title='bbox 250 5189 430 5237; x_wconf 84' lang='lat' dir='ltr'><strong>uxore</strong></span> <span class='ocrx_word' id='word_1_483' title='bbox 479 5189 590 5231; x_wconf 91' lang='lat' dir='ltr'><strong>sua</strong></span> <span class='ocrx_word' id='word_1_484' title='bbox 631 5178 934 5247; x_wconf 85' lang='lat' dir='ltr'><strong>genuerat,</strong></span> <span class='ocrx_word' id='word_1_485' title='bbox 969 5173 1196 5230; x_wconf 86' lang='lat' dir='ltr'><strong>cunctis</strong></span> <span class='ocrx_word' id='word_1_486' title='bbox 1231 5173 1652 5242; x_wconf 88' lang='lat' dir='ltr'><strong>coniventibus,</strong></span> <span class='ocrx_word' id='word_1_487' title='bbox 1686 5176 1817 5246; x_wconf 89' lang='lat' dir='ltr'><strong>post</strong></span> <span class='ocrx_word' id='word_1_488' title='bbox 1849 5188 1912 5228; x_wconf 90' lang='lat' dir='ltr'><strong>se</strong></span> 
     </span>
    </p>
   </div>
   <div class='ocr_carea' id='block_1_85' title="bbox 249 5262 1908 5336">
    <p class='ocr_par' dir='ltr' id='par_1_85' title="bbox 249 5262 1908 5336">
     <span class='ocr_line' id='line_1_85' title="bbox 249 5262 1908 5336; baseline -0.002 -17"><span class='ocrx_word' id='word_1_489' title='bbox 249 5277 452 5336; x_wconf 80' lang='lat' dir='ltr'><strong>regem</strong></span> <span class='ocrx_word' id='word_1_490' title='bbox 476 5263 784 5320; x_wconf 86' lang='lat' dir='ltr'><strong>constituit</strong></span> <span class='ocrx_word' id='word_1_491' title='bbox 808 5265 922 5336; x_wconf 82' lang='lat' dir='ltr'><strong>(an.</strong></span> <span class='ocrx_word' id='word_1_492' title='bbox 955 5265 1081 5331; x_wconf 76' lang='lat'><strong>931,</strong></span> <span class='ocrx_word' id='word_1_493' title='bbox 1113 5263 1238 5318; x_wconf 78' lang='lat' dir='ltr'><strong>Mai.</strong></span> <span class='ocrx_word' id='word_1_494' title='bbox 1275 5263 1383 5334; x_wconf 85' lang='grc'><strong>15).</strong></span> <span class='ocrx_word' id='word_1_495' title='bbox 1419 5263 1541 5328; x_wconf 90' lang='lat' dir='ltr'><strong>Quo</strong></span> <span class='ocrx_word' id='word_1_496' title='bbox 1574 5262 1908 5329; x_wconf 88' lang='lat' dir='ltr'><strong>constituto,</strong></span> 
     </span>
    </p>
   </div>
   <div class='ocr_carea' id='block_1_86' title="bbox 234 5350 1908 5425">
    <p class='ocr_par' dir='ltr' id='par_1_86' title="bbox 234 5350 1908 5425">
     <span class='ocr_line' id='line_1_86' title="bbox 234 5350 1908 5425; baseline -0.001 -19"><span class='ocrx_word' id='word_1_497' title='bbox 234 5351 510 5425; x_wconf 67' lang='lat' dir='ltr'><strong>&quot;qualiter</strong></span> <span class='ocrx_word' id='word_1_498' title='bbox 527 5351 801 5420; x_wconf 82' lang='lat' dir='ltr'><strong>Romam,</strong></span> <span class='ocrx_word' id='word_1_499' title='bbox 821 5367 888 5408; x_wconf 84' lang='lat' dir='ltr'><strong>ex</strong></span> <span class='ocrx_word' id='word_1_500' title='bbox 900 5351 1278 5424; x_wconf 85' lang='lat' dir='ltr'><strong>quaturpiter</strong></span> <span class='ocrx_word' id='word_1_501' title='bbox 1297 5351 1518 5422; x_wconf 87' lang='lat' dir='ltr'><strong>ejectus</strong></span> <span class='ocrx_word' id='word_1_502' title='bbox 1532 5350 1739 5418; x_wconf 85' lang='lat' dir='ltr'><strong>fuerat,</strong></span> <span class='ocrx_word' id='word_1_503' title='bbox 1775 5365 1908 5422; x_wconf 89' lang='lat' dir='ltr'><strong>pos-</strong></span> 
     </span>
    </p>
   </div>
   <div class='ocr_carea' id='block_1_87' title="bbox 247 5436 1910 5512">
    <p class='ocr_par' dir='ltr' id='par_1_87' title="bbox 247 5436 1910 5512">
     <span class='ocr_line' id='line_1_87' title="bbox 247 5436 1910 5512; baseline -0.002 -15"><span class='ocrx_word' id='word_1_504' title='bbox 247 5441 344 5497; x_wconf 79' lang='lat' dir='ltr'><strong>set</strong></span> <span class='ocrx_word' id='word_1_505' title='bbox 394 5436 724 5510; x_wconf 88' lang='lat' dir='ltr'><strong>adquirere.</strong></span> <span class='ocrx_word' id='word_1_506' title='bbox 773 5441 1088 5512; x_wconf 87' lang='lat' dir='ltr'><strong>cogitabat.</strong></span> <span class='ocrx_word' id='word_1_507' title='bbox 1142 5439 1394 5496; x_wconf 90' lang='lat' dir='ltr'><strong>Collecta</strong></span> <span class='ocrx_word' id='word_1_508' title='bbox 1441 5440 1642 5512; x_wconf 87' lang='lat' dir='ltr'><strong>itaque</strong></span> <span class='ocrx_word' id='word_1_509' title='bbox 1710 5439 1910 5495; x_wconf 90' lang='lat' dir='ltr'><strong>multi-</strong></span> 
     </span>
    </p>
   </div>
   <div class='ocr_carea' id='block_1_88' title="bbox 245 5527 1914 5602">
    <p class='ocr_par' dir='ltr' id='par_1_88' title="bbox 245 5527 1914 5602">
     <span class='ocr_line' id='line_1_88' title="bbox 245 5527 1914 5602; baseline 0.001 -16"><span class='ocrx_word' id='word_1_510' title='bbox 245 5527 886 5601; x_wconf 86' lang='lat' dir='ltr'><strong>tudine,proﬁciscitur</strong></span> <span class='ocrx_word' id='word_1_511' title='bbox 914 5529 1185 5586; x_wconf 81' lang='lat' dir='ltr'><strong>Romam.</strong></span> <span class='ocrx_word' id='word_1_512' title='bbox 1202 5528 1385 5600; x_wconf 87' lang='lat' dir='ltr'><strong>Cujus</strong></span> <span class='ocrx_word' id='word_1_513' title='bbox 1398 5546 1761 5602; x_wconf 87' lang='lat' dir='ltr'><strong>quamquam</strong></span> <span class='ocrx_word' id='word_1_514' title='bbox 1783 5529 1914 5587; x_wconf 87' lang='lat' dir='ltr'><strong>loca</strong></span> 
     </span>
    </p>
   </div>
   <div class='ocr_carea' id='block_1_89' title="bbox 2028 4364 3686 4441">
    <p class='ocr_par' dir='ltr' id='par_1_89' title="bbox 2028 4364 3686 4441">
     <span class='ocr_line' id='line_1_89' title="bbox 2028 4364 3686 4441; baseline 0.001 -17"><span class='ocrx_word' id='word_1_515' title='bbox 2028 4368 2220 4441; x_wconf 89' lang='lat' dir='ltr'><strong>ipsam</strong></span> <span class='ocrx_word' id='word_1_516' title='bbox 2253 4365 2571 4423; x_wconf 89' lang='lat' dir='ltr'><strong>cottidiano</strong></span> <span class='ocrx_word' id='word_1_517' title='bbox 2601 4364 2824 4438; x_wconf 89' lang='lat' dir='ltr'><strong>impetu</strong></span> <span class='ocrx_word' id='word_1_518' title='bbox 2868 4365 3267 4439; x_wconf 86' lang='lat' dir='ltr'><strong>impugnaret,</strong></span> <span class='ocrx_word' id='word_1_519' title='bbox 3315 4366 3686 4441; x_wconf 87' lang='lat' dir='ltr'><strong>ingrediendi</strong></span> 
     </span>
    </p>
   </div>
   <div class='ocr_carea' id='block_1_90' title="bbox 2027 4454 3380 4527">
    <p class='ocr_par' dir='ltr' id='par_1_90' title="bbox 2027 4454 3380 4527">
     <span class='ocr_line' id='line_1_90' title="bbox 2027 4454 3380 4527; baseline 0 -15"><span class='ocrx_word' id='word_1_520' title='bbox 2027 4462 2225 4514; x_wconf 87' lang='lat' dir='ltr'><strong>tamen</strong></span> <span class='ocrx_word' id='word_1_521' title='bbox 2258 4472 2387 4512; x_wconf 89' lang='lat' dir='ltr'><strong>eam</strong></span> <span class='ocrx_word' id='word_1_522' title='bbox 2421 4456 2690 4511; x_wconf 67' lang='lat' dir='ltr'><strong>effectum</strong></span> <span class='ocrx_word' id='word_1_523' title='bbox 2723 4470 2839 4510; x_wconf 89' lang='lat' dir='ltr'><strong>non</strong></span> <span class='ocrx_word' id='word_1_524' title='bbox 2872 4454 3064 4527; x_wconf 89' lang='lat' dir='ltr'><strong>potuit</strong></span> <span class='ocrx_word' id='word_1_525' title='bbox 3094 4455 3380 4513; x_wconf 88' lang='lat' dir='ltr'><strong>obtinere.</strong></span> 
     </span>
    </p>
   </div>
   <div class='ocr_carea' id='block_1_91' title="bbox 2099 4542 3689 4617">
    <p class='ocr_par' dir='ltr' id='par_1_91' title="bbox 2099 4542 3689 4617">
     <span class='ocr_line' id='line_1_91' title="bbox 2099 4542 3689 4617; baseline 0.003 -16"><span class='ocrx_word' id='word_1_526' title='bbox 2099 4547 2153 4602; x_wconf 91' lang='lat'><strong>3.</strong></span> <span class='ocrx_word' id='word_1_527' title='bbox 2188 4546 2444 4617; x_wconf 89' lang='lat' dir='ltr'><strong>Sperans</strong></span> <span class='ocrx_word' id='word_1_528' title='bbox 2487 4543 2763 4615; x_wconf 86' lang='lat' dir='ltr'><strong>denique,</strong></span> <span class='ocrx_word' id='word_1_529' title='bbox 2830 4542 3146 4600; x_wconf 88' lang='lat' dir='ltr'><strong>calliditate</strong></span> <span class='ocrx_word' id='word_1_530' title='bbox 3201 4561 3311 4602; x_wconf 89' lang='lat' dir='ltr'><strong>sua</strong></span> <span class='ocrx_word' id='word_1_531' title='bbox 3353 4545 3689 4606; x_wconf 82' lang='lat' dir='ltr'><strong>Albericum</strong></span> 
     </span>
    </p>
   </div>
   <div class='ocr_carea' id='block_1_92' title="bbox 2031 4631 3686 4708">
    <p class='ocr_par' dir='ltr' id='par_1_92' title="bbox 2031 4631 3686 4708">
     <span class='ocr_line' id='line_1_92' title="bbox 2031 4631 3686 4708; baseline 0.002 -18"><span class='ocrx_word' id='word_1_532' title='bbox 2031 4651 2206 4708; x_wconf 88' lang='lat' dir='ltr'><strong>posse</strong></span> <span class='ocrx_word' id='word_1_533' title='bbox 2235 4632 2520 4705; x_wconf 88' lang='lat' dir='ltr'><strong>decipere,</strong></span> <span class='ocrx_word' id='word_1_534' title='bbox 2555 4631 2605 4688; x_wconf 91' lang='lat' dir='ltr'><strong>ei</strong></span> <span class='ocrx_word' id='word_1_535' title='bbox 2621 4632 2951 4700; x_wconf 85' lang='lat' dir='ltr'><strong>denuntiat,</strong></span> <span class='ocrx_word' id='word_1_536' title='bbox 2971 4637 3036 4689; x_wconf 88' lang='lat' dir='ltr'><strong>ut</strong></span> <span class='ocrx_word' id='word_1_537' title='bbox 3057 4632 3238 4692; x_wconf 83' lang='lat' dir='ltr'><strong>ﬁliam</strong></span> <span class='ocrx_word' id='word_1_538' title='bbox 3263 4651 3432 4692; x_wconf 91' lang='lat' dir='ltr'><strong>suam</strong></span> <span class='ocrx_word' id='word_1_539' title='bbox 3455 4635 3686 4708; x_wconf 88' lang='lat' dir='ltr'><strong>Aldam,</strong></span> 
     </span>
    </p>
   </div>
   <div class='ocr_carea' id='block_1_93' title="bbox 2028 4721 3687 4798">
    <p class='ocr_par' dir='ltr' id='par_1_93' title="bbox 2028 4721 3687 4798">
     <span class='ocr_line' id='line_1_93' title="bbox 2028 4721 3687 4798; baseline 0.001 -17"><span class='ocrx_word' id='word_1_540' title='bbox 2028 4723 2287 4781; x_wconf 89' lang='lat' dir='ltr'><strong>Lotharii</strong></span> <span class='ocrx_word' id='word_1_541' title='bbox 2315 4721 2469 4794; x_wconf 87' lang='lat' dir='ltr'><strong>regis</strong></span> <span class='ocrx_word' id='word_1_542' title='bbox 2501 4722 2621 4777; x_wconf 90' lang='lat' dir='ltr'><strong>nati</strong></span> <span class='ocrx_word' id='word_1_543' title='bbox 2653 4721 2745 4778; x_wconf 91' lang='lat' dir='ltr'><strong>sui</strong></span> <span class='ocrx_word' id='word_1_544' title='bbox 2773 4724 3258 4794; x_wconf 86' lang='lat' dir='ltr'><strong>germanam,sibi</strong></span> <span class='ocrx_word' id='word_1_545' title='bbox 3281 4724 3555 4798; x_wconf 84' lang='lat' dir='ltr'><strong>conjugio</strong></span> <span class='ocrx_word' id='word_1_546' title='bbox 3577 4727 3687 4783; x_wconf 88' lang='lat' dir='ltr'><strong>tol-</strong></span> 
     </span>
    </p>
   </div>
   <div class='ocr_carea' id='block_1_94' title="bbox 2025 4810 3688 4884">
    <p class='ocr_par' dir='ltr' id='par_1_94' title="bbox 2025 4810 3688 4884">
     <span class='ocr_line' id='line_1_94' title="bbox 2025 4810 3688 4884; baseline 0.002 -16"><span class='ocrx_word' id='word_1_547' title='bbox 2025 4813 2130 4881; x_wconf 90' lang='lat' dir='ltr'><strong>lat,</strong></span> <span class='ocrx_word' id='word_1_548' title='bbox 2164 4813 2367 4883; x_wconf 90' lang='lat' dir='ltr'><strong>sicque</strong></span> <span class='ocrx_word' id='word_1_549' title='bbox 2398 4825 2538 4884; x_wconf 91' lang='lat' dir='ltr'><strong>pace</strong></span> <span class='ocrx_word' id='word_1_550' title='bbox 2563 4810 2784 4879; x_wconf 90' lang='lat' dir='ltr'><strong>habita,</strong></span> <span class='ocrx_word' id='word_1_551' title='bbox 2807 4815 2871 4866; x_wconf 90' lang='lat' dir='ltr'><strong>ut</strong></span> <span class='ocrx_word' id='word_1_552' title='bbox 2896 4827 3042 4867; x_wconf 89' lang='lat' dir='ltr'><strong>suus</strong></span> <span class='ocrx_word' id='word_1_553' title='bbox 3065 4811 3254 4884; x_wconf 91' lang='lat' dir='ltr'><strong>ipsius</strong></span> <span class='ocrx_word' id='word_1_554' title='bbox 3268 4811 3425 4870; x_wconf 89' lang='lat' dir='ltr'><strong>ﬁlius</strong></span> <span class='ocrx_word' id='word_1_555' title='bbox 3442 4829 3688 4872; x_wconf 90' lang='lat' dir='ltr'><strong>securus</strong></span> 
     </span>
    </p>
   </div>
   <div class='ocr_carea' id='block_1_95' title="bbox 2023 4898 3686 4976">
    <p class='ocr_par' dir='ltr' id='par_1_95' title="bbox 2023 4898 3686 4976">
     <span class='ocr_line' id='line_1_95' title="bbox 2023 4898 3686 4976; baseline 0.002 -19"><span class='ocrx_word' id='word_1_556' title='bbox 2023 4903 2389 4976; x_wconf 88' lang='lat' dir='ltr'><strong>permaneat.</strong></span> <span class='ocrx_word' id='word_1_557' title='bbox 2421 4898 2727 4955; x_wconf 88' lang='lat' dir='ltr'><strong>Albericus</strong></span> <span class='ocrx_word' id='word_1_558' title='bbox 2759 4899 2960 4973; x_wconf 89' lang='lat' dir='ltr'><strong>igitur,</strong></span> <span class='ocrx_word' id='word_1_559' title='bbox 2995 4903 3061 4956; x_wconf 92' lang='lat' dir='ltr'><strong>ut</strong></span> <span class='ocrx_word' id='word_1_560' title='bbox 3091 4900 3180 4956; x_wconf 84' lang='lat' dir='ltr'><strong>vir</strong></span> <span class='ocrx_word' id='word_1_561' title='bbox 3210 4900 3686 4971; x_wconf 80' lang='lat' dir='ltr'><strong>infatuus,ﬁ‘liam</strong></span> 
     </span>
    </p>
   </div>
   <div class='ocr_carea' id='block_1_96' title="bbox 2024 4987 3687 5063">
    <p class='ocr_par' dir='ltr' id='par_1_96' title="bbox 2024 4987 3687 5063">
     <span class='ocr_line' id='line_1_96' title="bbox 2024 4987 3687 5063; baseline 0.002 -16"><span class='ocrx_word' id='word_1_562' title='bbox 2024 4993 2152 5063; x_wconf 88' lang='lat' dir='ltr'><strong>ejus</strong></span> <span class='ocrx_word' id='word_1_563' title='bbox 2166 4989 2278 5046; x_wconf 90' lang='lat' dir='ltr'><strong>sibi</strong></span> <span class='ocrx_word' id='word_1_564' title='bbox 2291 4987 2565 5061; x_wconf 89' lang='lat' dir='ltr'><strong>conjugio</strong></span> <span class='ocrx_word' id='word_1_565' title='bbox 2572 4988 3045 5060; x_wconf 83' lang='lat' dir='ltr'><strong>junxit,Romam</strong></span> <span class='ocrx_word' id='word_1_566' title='bbox 3068 4994 3287 5060; x_wconf 84' lang='lat' dir='ltr'><strong>autem,</strong></span> <span class='ocrx_word' id='word_1_567' title='bbox 3304 5007 3482 5063; x_wconf 91' lang='lat' dir='ltr'><strong>quam</strong></span> <span class='ocrx_word' id='word_1_568' title='bbox 3507 4991 3687 5052; x_wconf 87' lang='lat' dir='ltr'><strong>nimis</strong></span> 
     </span>
    </p>
   </div>
   <div class='ocr_carea' id='block_1_97' title="bbox 2021 5077 3686 5149">
    <p class='ocr_par' dir='ltr' id='par_1_97' title="bbox 2021 5077 3686 5149">
     <span class='ocr_line' id='line_1_97' title="bbox 2021 5077 3686 5149; baseline 0.002 -13"><span class='ocrx_word' id='word_1_569' title='bbox 2021 5079 2414 5147; x_wconf 88' lang='lat' dir='ltr'><strong>ardebat,non</strong></span> <span class='ocrx_word' id='word_1_570' title='bbox 2428 5077 2883 5149; x_wconf 88' lang='lat' dir='ltr'><strong>tradidit,seque</strong></span> <span class='ocrx_word' id='word_1_571' title='bbox 2904 5077 2954 5134; x_wconf 91' lang='lat' dir='ltr'><strong>ei</strong></span> <span class='ocrx_word' id='word_1_572' title='bbox 2975 5078 3222 5136; x_wconf 90' lang='lat' dir='ltr'><strong>minime</strong></span> <span class='ocrx_word' id='word_1_573' title='bbox 3240 5081 3510 5138; x_wconf 87' lang='lat' dir='ltr'><strong>credidit.</strong></span> <span class='ocrx_word' id='word_1_574' title='bbox 3539 5083 3686 5140; x_wconf 88' lang='lat' dir='ltr'><strong>Vere</strong></span> 
     </span>
    </p>
   </div>
   <div class='ocr_carea' id='block_1_98' title="bbox 2025 5166 3682 5245">
    <p class='ocr_par' dir='ltr' id='par_1_98' title="bbox 2025 5166 3682 5245">
     <span class='ocr_line' id='line_1_98' title="bbox 2025 5166 3682 5245; baseline 0.002 -19"><span class='ocrx_word' id='word_1_575' title='bbox 2025 5175 2222 5226; x_wconf 89' lang='lat' dir='ltr'><strong>tamen</strong></span> <span class='ocrx_word' id='word_1_576' title='bbox 2271 5167 2606 5223; x_wconf 86' lang='lat' dir='ltr'><strong>Albericum</strong></span> <span class='ocrx_word' id='word_1_577' title='bbox 2657 5183 2755 5222; x_wconf 85' lang='lat' dir='ltr'><strong>rex</strong></span> <span class='ocrx_word' id='word_1_578' title='bbox 2805 5166 2971 5242; x_wconf 87' lang='lat' dir='ltr'><strong>Hugo</strong></span> <span class='ocrx_word' id='word_1_579' title='bbox 3011 5167 3404 5228; x_wconf 74' lang='lat' dir='ltr'><strong>inescaret‘et</strong></span> <span class='ocrx_word' id='word_1_580' title='bbox 3428 5177 3682 5245; x_wconf 85' lang='lat' dir='ltr'><strong>caperet,</strong></span> 
     </span>
    </p>
   </div>
   <div class='ocr_carea' id='block_1_99' title="bbox 2019 5258 3681 5331">
    <p class='ocr_par' dir='ltr' id='par_1_99' title="bbox 2019 5258 3681 5331">
     <span class='ocr_line' id='line_1_99' title="bbox 2019 5258 3681 5331; baseline 0.002 -15"><span class='ocrx_word' id='word_1_581' title='bbox 2019 5268 2179 5330; x_wconf 79' lang='grc' dir='ltr'>τούτῳ</span> <span class='ocrx_word' id='word_1_582' title='bbox 2208 5267 2302 5329; x_wconf 51' lang='lat' dir='ltr'><strong>«qr</strong></span> <span class='ocrx_word' id='word_1_583' title='bbox 2328 5259 2744 5330; x_wconf 70' lang='grc' dir='ltr'><strong>ἁγκήσδρῳ,ῒοΐο</strong></span> <span class='ocrx_word' id='word_1_584' title='bbox 2776 5260 2834 5313; x_wconf 91' lang='lat' dir='ltr'><strong>to</strong></span> <span class='ocrx_word' id='word_1_585' title='bbox 2856 5258 3199 5331; x_wconf 88' lang='lat' dir='ltr'><strong>agkistro,id</strong></span> <span class='ocrx_word' id='word_1_586' title='bbox 3223 5264 3315 5317; x_wconf 87' lang='lat' dir='ltr'><strong>est</strong></span> <span class='ocrx_word' id='word_1_587' title='bbox 3336 5260 3450 5318; x_wconf 87' lang='lat' dir='ltr'><strong>isto</strong></span> <span class='ocrx_word' id='word_1_588' title='bbox 3482 5261 3681 5331; x_wconf 89' lang='lat' dir='ltr'><strong>hamo,</strong></span> 
     </span>
    </p>
   </div>
   <div class='ocr_carea' id='block_1_100' title="bbox 2022 5345 3680 5428">
    <p class='ocr_par' dir='ltr' id='par_1_100' title="bbox 2022 5345 3680 5428">
     <span class='ocr_line' id='line_1_100' title="bbox 2022 5345 3680 5428; baseline 0.002 -24"><span class='ocrx_word' id='word_1_589' title='bbox 2022 5347 2137 5404; x_wconf 87' lang='lat' dir='ltr'><strong>nisi</strong></span> <span class='ocrx_word' id='word_1_590' title='bbox 2169 5363 2412 5404; x_wconf 90' lang='lat' dir='ltr'><strong>suorum</strong></span> <span class='ocrx_word' id='word_1_591' title='bbox 2444 5345 2552 5402; x_wconf 93' lang='lat' dir='ltr'><strong>hoc</strong></span> <span class='ocrx_word' id='word_1_592' title='bbox 2582 5345 2796 5403; x_wconf 81' lang='lat' dir='ltr'><strong>faceret</strong></span> <span class='ocrx_word' id='word_1_593' title='bbox 2827 5347 3051 5404; x_wconf 78' lang='lat' dir='ltr'><strong>fallatis</strong></span> <span class='ocrx_word' id='word_1_594' title='bbox 3082 5349 3388 5422; x_wconf 85' lang='lat' dir='ltr'><strong>militum,</strong></span> <span class='ocrx_word' id='word_1_595' title='bbox 3413 5352 3513 5428; x_wconf 87' lang='lat' dir='ltr'><strong>qui</strong></span> <span class='ocrx_word' id='word_1_596' title='bbox 3544 5368 3680 5409; x_wconf 91' lang='lat' dir='ltr'><strong>eum</strong></span> 
     </span>
    </p>
   </div>
   <div class='ocr_carea' id='block_1_101' title="bbox 2021 5435 3673 5513">
    <p class='ocr_par' dir='ltr' id='par_1_101' title="bbox 2021 5435 3673 5513">
     <span class='ocr_line' id='line_1_101' title="bbox 2021 5435 3673 5513; baseline 0.001 -20"><span class='ocrx_word' id='word_1_597' title='bbox 2021 5437 2337 5510; x_wconf 89' lang='lat' dir='ltr'><strong>aliquando</strong></span> <span class='ocrx_word' id='word_1_598' title='bbox 2371 5450 2576 5508; x_wconf 87' lang='lat' dir='ltr'><strong>pacem</strong></span> <span class='ocrx_word' id='word_1_599' title='bbox 2607 5449 2742 5492; x_wconf 91' lang='lat' dir='ltr'><strong>cum</strong></span> <span class='ocrx_word' id='word_1_600' title='bbox 2774 5435 2903 5508; x_wconf 90' lang='lat' dir='ltr'><strong>ipso</strong></span> <span class='ocrx_word' id='word_1_601' title='bbox 2934 5436 3152 5494; x_wconf 85' lang='lat' dir='ltr'><strong>habere</strong></span> <span class='ocrx_word' id='word_1_602' title='bbox 3202 5453 3319 5496; x_wconf 88' lang='lat' dir='ltr'><strong>non</strong></span> <span class='ocrx_word' id='word_1_603' title='bbox 3371 5443 3673 5513; x_wconf 73' lang='lat' dir='ltr'><strong>cuperent.</strong></span> 
     </span>
    </p>
   </div>
   <div class='ocr_carea' id='block_1_102' title="bbox 2021 5525 3676 5602">
    <p class='ocr_par' dir='ltr' id='par_1_102' title="bbox 2021 5525 3676 5602">
     <span class='ocr_line' id='line_1_102' title="bbox 2021 5525 3676 5602; baseline -0.001 -16"><span class='ocrx_word' id='word_1_604' title='bbox 2021 5529 2081 5586; x_wconf 89' lang='lat' dir='ltr'><strong>Si</strong></span> <span class='ocrx_word' id='word_1_605' title='bbox 2133 5541 2308 5600; x_wconf 88' lang='lat' dir='ltr'><strong>quem</strong></span> <span class='ocrx_word' id='word_1_606' title='bbox 2367 5525 2526 5581; x_wconf 90' lang='lat' dir='ltr'><strong>enim</strong></span> <span class='ocrx_word' id='word_1_607' title='bbox 2573 5541 2674 5582; x_wconf 85' lang='lat' dir='ltr'><strong>rex</strong></span> <span class='ocrx_word' id='word_1_608' title='bbox 2724 5542 2970 5583; x_wconf 90' lang='lat' dir='ltr'><strong>suorum</strong></span> <span class='ocrx_word' id='word_1_609' title='bbox 3019 5527 3192 5585; x_wconf 90' lang='lat' dir='ltr'><strong>vellet</strong></span> <span class='ocrx_word' id='word_1_610' title='bbox 3245 5529 3555 5602; x_wconf 85' lang='lat' dir='ltr'><strong>corripere,</strong></span> <span class='ocrx_word' id='word_1_611' title='bbox 3603 5528 3676 5585; x_wconf 89' lang='lat' dir='ltr'><strong>ad</strong></span> 
     </span>
    </p>
   </div>
   <div class='ocr_carea' id='block_1_103' title="bbox 1621 5651 2320 5722">
    <p class='ocr_par' dir='ltr' id='par_1_103' title="bbox 1621 5651 2320 5722">
     <span class='ocr_line' id='line_1_103' title="bbox 1621 5651 2320 5722; baseline -0.003 -13"><span class='ocrx_word' id='word_1_612' title='bbox 1621 5653 1866 5722; x_wconf 69' lang='grc' dir='ltr'><strong>νΑηυΕ</strong></span> <span class='ocrx_word' id='word_1_613' title='bbox 1903 5651 2320 5714; x_wconf 82' lang='lat' dir='ltr'><strong>LECTIONES.</strong></span> 
     </span>
    </p>
   </div>
   <div class='ocr_carea' id='block_1_104' title="bbox 322 5749 3390 5828">
    <p class='ocr_par' dir='ltr' id='par_1_104' title="bbox 322 5749 3390 5828">
     <span class='ocr_line' id='line_1_104' title="bbox 322 5749 3390 5828; baseline 0 -19"><span class='ocrx_word' id='word_1_614' title='bbox 322 5753 415 5787; x_wconf 69' lang='lat'><strong>’5&quot;</strong></span> <span class='ocrx_word' id='word_1_615' title='bbox 446 5753 685 5812; x_wconf 89' lang='lat' dir='ltr'><strong>brachio</strong></span> <span class='ocrx_word' id='word_1_616' title='bbox 723 5758 768 5811; x_wconf 92' lang='grc'><strong>1.</strong></span> <span class='ocrx_word' id='word_1_617' title='bbox 847 5755 914 5790; x_wconf 76' lang='grc'><strong>³⁵⁵</strong></span> <span class='ocrx_word' id='word_1_618' title='bbox 942 5751 1211 5810; x_wconf 89' lang='lat' dir='ltr'><strong>briuicau</strong></span> <span class='ocrx_word' id='word_1_619' title='bbox 1243 5754 1296 5808; x_wconf 89' lang='lat'><strong>2.</strong></span> <span class='ocrx_word' id='word_1_620' title='bbox 1377 5753 1563 5812; x_wconf 75' lang='lat' dir='ltr'><strong>littera</strong></span> <span class='ocrx_word' id='word_1_621' title='bbox 1588 5771 1728 5814; x_wconf 64' lang='lat' dir='ltr'><strong>voca</strong></span> <span class='ocrx_word' id='word_1_622' title='bbox 1753 5757 1943 5828; x_wconf 64' lang='lat' dir='ltr'><strong>prima</strong></span> <span class='ocrx_word' id='word_1_623' title='bbox 1981 5756 2080 5813; x_wconf 60' lang='lat' dir='ltr'><strong>ea</strong></span> <span class='ocrx_word' id='word_1_624' title='bbox 2110 5750 2495 5819; x_wconf 63' lang='lat' dir='ltr'><strong>distinguitur.</strong></span> <span class='ocrx_word' id='word_1_625' title='bbox 2573 5750 2640 5788; x_wconf 75' lang='grc'><strong>³⁵⁷</strong></span> <span class='ocrx_word' id='word_1_626' title='bbox 2669 5749 2921 5810; x_wconf 69' lang='lat' dir='ltr'><strong>exercitu</strong></span> <span class='ocrx_word' id='word_1_627' title='bbox 2957 5751 3105 5809; x_wconf 73' lang='lat' dir='ltr'><strong>linea</strong></span> <span class='ocrx_word' id='word_1_628' title='bbox 3130 5751 3306 5810; x_wconf 68' lang='lat' dir='ltr'><strong>dalata</strong></span> <span class='ocrx_word' id='word_1_629' title='bbox 3337 5750 3390 5810; x_wconf 72' lang='grc'><strong>1.</strong></span> 
     </span>
    </p>
   </div>
  </div>
