3962 6378
316 428 437 501 889
1279 430 1762 505 LUITPBANDI
1805 429 2361 503 CREMONENSIS
2402 432 2782 508 EPISCOPI.
3611 437 3737 507 860

315 569 650 631 Alberioum
677 589 813 632 mox
841 571 1070 633 studuit
1098 571 1321 650 fugere,
1353 593 1388 633 a
1415 592 1531 649 quo
1560 574 1715 649 regis
1745 574 1817 630 ob
1840 589 1961 630 me-
1990 572 2049 640 Α
2076 575 2405 649 pernitiem,
2457 593 2573 633 non
2618 579 2690 635 ad
2737 577 3038 640 salutem.,
3064 577 3289 647 Scisne,
3352 576 3530 647 hunc,
3579 593 3720 635 cum

315 665 445 727 tum
475 667 775 738 gratanter
823 668 1134 739 susceptus
1165 665 1360 722 Romae
1392 666 1675 739 deguerat
1716 664 1967 721 honora-
2075 665 2526 738 temptationum
2566 667 2783 739 jaculis
2828 668 3135 725 dominum
3186 672 3244 725 et
3299 667 3733 740 redemptorem

315 754 434 810 tus.
2076 757 2345 811 nostrum
2392 756 2599 812 Jesum
2639 757 2940 814 Christum
2989 776 3138 815 ausu
3197 757 3419 814 nefario
3465 755 3735 813 sautiare

387 844 438 898 4.
472 846 622 899 Dum
644 842 751 899 hec
780 846 1055 915 aguntur,
1084 843 1360 901 Saraceni
1393 844 1779 900 Fraxenetum
1801 842 1966 897 inha-
2075 848 2403 913 conaretur,
2428 844 2521 901 his
2551 846 2908 919 propheticis
2939 847 3092 904 male
3123 864 3301 904 usum
3329 845 3566 903 verbis?
3588 846 3733 915 Quo-

314 930 590 999 bitantes,
618 931 855 987 collecta
877 931 1282 998 multitudine,
1313 934 1556 1006 Aquas‘,
1584 934 1655 988 50
1697 931 1967 987 miliariis
2072 935 2229 988 niam
2258 936 2470 1005 angelis
2497 937 2614 990 suis
2644 935 2926 992 mandavit
2955 936 3022 992 de
3052 940 3120 1007 te,
3152 941 3203 991 et
3235 938 3295 991 in
3325 936 3583 991 manibus
3631 934 3735 990 tol-

314 1020 491 1093 Papia
522 1020 768 1089 distans,
789 1038 976 1094 usque
997 1025 1397 1093 pervenerant.
1433 1023 1652 1077 Horum
1678 1028 1962 1093 πρώϐωλος,
2075 1024 2185 1078 (ent
2216 1027 2283 1091 te,
2315 1040 2385 1079 ne
2416 1041 2675 1097 umquam
2705 1025 2946 1098 offendas
2976 1025 3047 1081 ad
3078 1025 3313 1097 lapidem
3337 1025 3533 1096 pedem
3573 1028 3730 1080 tuum

312 1108 602 1181 provolos,
631 1108 687 1165 id
719 1114 808 1165 est
837 1111 1099 1181 praedux,
1132 1111 1396 1183 Sagittus
1428 1111 1754 1167 Saracenos
1775 1110 1963 1181 pessi-
2072 1114 2221 1181 (Luc.
2258 1118 2353 1180 iv).
2387 1112 2504 1169 Hoc
2535 1130 2675 1170 sane
2704 1113 2788 1169 ita
2816 1130 2945 1171 esse
2988 1114 3275 1186 scriptum
3307 1130 3374 1170 ac
3404 1113 3475 1168 de
3506 1128 3572 1169 eo
3606 1113 3733 1169 dic-

313 1214 448 1255 mus
478 1198 815 1272 impiusque
837 1199 1245 1255 extiterat.Deo
1268 1205 1463 1256 tamen
1486 1199 1963 1271 propitio,pugna
2069 1204 2218 1268 tum,
2269 1200 2469 1258 nullus
2520 1201 3082 1276 fideliumambigit.
3120 1203 3231 1259 Sed
3263 1218 3443 1274 quam
3474 1202 3643 1258 fraud
3659 1219 3727 1256 u-

311 1287 650 1358 commissa,
679 1296 969 1362 ταλέπορος,
1005 1287 1317 1361 taleporos,
1365 1288 1422 1343 id
1466 1292 1557 1345 est
1585 1287 1787 1355 miser,
1838 1286 1962 1358 ipse
2068 1289 2257 1346 lenter
2284 1306 2418 1346 vera
2447 1291 2566 1347 haec
2587 1290 2901 1348 Leviathan
2934 1290 3030 1347 ille
3053 1291 3355 1363 proferret,
3380 1290 3594 1363 ipsius,
3623 1288 3736 1363 qui

312 1392 447 1432 cum
480 1376 757 1432 omnibus
783 1377 909 1433 suis
931 1377 1173 1433 interiit.
2071 1396 2187 1435 non
2219 1379 2408 1435 solum
2434 1379 2772 1436 mortalium
2803 1381 2905 1437 sed
2920 1384 2978 1436 et
2996 1379 3338 1453 angelorum
3361 1395 3573 1435 sensus
3597 1395 3742 1433 exu-

381 1465 436 1519 5.
469 1463 578 1520 Per
618 1464 775 1520 idem
822 1470 1058 1537 tempus
1108 1465 1167 1520 in
1194 1465 1477 1522 Januensi
1508 1465 1670 1533 urbe,
1714 1482 1840 1538 qum
1874 1470 1963 1522 est
2070 1472 2252 1541 perat,
2305 1468 2683 1541 responsione
2733 1469 3198 1524 animadvertere
3264 1466 3484 1539 poteris
3527 1483 3541 1534 ;
3612 1467 3737 1521 Non

309 1550 369 1607 in
399 1550 647 1624 Alpibus
676 1552 1244 1627 Cotzie,octingentis
1275 1554 1482 1610 stadiis
1513 1552 1689 1626 Papia
1709 1554 1957 1622 distans,
2067 1559 2376 1629 temptabis,
2429 1559 2629 1629 inquit,
2677 1557 2961 1612 dominum
3000 1557 3173 1611 Deum
3204 1562 3381 1610 tuum.
3412 1552 3590 1609 Vides
3620 1552 3734 1627 igi-

307 1657 487 1712 supra
516 1640 859 1697 Africanum
906 1659 1066 1698 mare
1105 1643 1443 1711 constituta,
1480 1643 1610 1699 fons
1641 1644 1957 1716 sanguinis
2068 1652 2166 1701 tur
2190 1650 2247 1701 et
2275 1651 2359 1712 tu,
2386 1646 2538 1702 veris
2570 1646 2807 1717 quidem
2841 1645 2942 1701 sed
2964 1642 3443 1699 frandulentibus
3460 1643 3736 1698 assertio-

308 1729 639 1803 largissime
661 1730 1302 1799 fluxit,subsecuturam
1316 1732 1544 1788 cunctis
1561 1737 1827 1806 patenter
1846 1732 1959 1788 rui-
2069 1734 2246 1790 nibus
2276 1734 2456 1789 uteris
2482 1752 2496 1803 ;
2528 1734 3029 1805 quemadmodum
3061 1736 3117 1787 et
3148 1734 3418 1803 apostata
3453 1730 3731 1787 Julianus

308 1835 447 1876 nam
476 1818 1027 1877 insinuans.Eodem
1051 1821 1269 1894 quippe
1291 1837 1361 1877 an
1373 1838 1445 1877 no
1467 1821 1625 1876 Poeni
1646 1838 1779 1877 cum
1804 1820 1956 1876 mul-
2068 1822 2444 1895 respondisse
2473 1820 3055 1888 diciturchristianis,
3086 1837 3234 1892 quos
3261 1818 3540 1875 aviditate
3565 1819 3731 1892 rapi-

308 1906 557 2007 titudine
586 1905 866 1964 classium
888 1907 989 1965 illo
1020 1909 1386 1983 perveniunt,
1419 1910 1762 1983 civibusque
1793 1910 1957 1983 igno—
1988 1943 2037 2010 B
2067 1929 2153 1967 nea
2183 1929 2362 1967 censu
2410 1910 2645 1984 proprio
2692 1909 3060 1965 defraudavit
3087 1925 3101 1964 :
3151 1908 3350 1977 Nolite,
3382 1909 3509 1980 inﬁt
3544 1910 3727 1981 magi-

307 1995 596 2063 rantibus,
631 1996 923 2053 civitatem
970 1996 1406 2071 ingrediuntur,
1460 2003 1724 2065 cunctos,
1757 1999 1956 2072 pueris
1988 1995 2037 2010 “’
2069 2009 2181 2056 ster
2223 2004 2415 2069 vester,
2454 1998 2729 2073 possidere
2750 1999 2818 2033 ’5‘
2858 2015 3058 2054 aurum
3103 2014 3275 2072 neque
3306 2001 3623 2067 argentum.
3656 1998 3731 2054 Et

308 2085 564 2157 exceptis
583 2084 650 2119 ²δ⁸
667 2087 725 2141 et
753 2084 1123 2149 mulieribus.
1148 2087 1509 2143 trucidantes
1548 2105 1561 2155 ;
1595 2092 1872 2158 cunctosq

2163 2090 2247 2144 Id:
2281 2098 2627 2161 Εὐκοπώτερον
2680 2098 2774 2160 γάρ
2823 2095 2970 2156 ἔστην
3019 2095 3250 2159 κάμηλον
3309 2094 3387 2143 διά
3449 2094 3727 2159 τρυμαλίας

308 2172 559 2229 civitatis
586 2177 644 2228 et
663 2172 1013 2230 eclesiarum
1037 2174 1137 2231 Dei
1160 2175 1471 2232 thesauros
1492 2177 1741 2232 navibus
1769 2176 1872 2247 im;

2151 2188 2264 2252 ρίδος
2326 2186 2585 2235 εἶπελθείν
2643 2204 2678 2246 η
2738 2185 2972 2234 πλουσιον
3025 2183 3087 2241 εἰς
3136 2184 3229 2245 τήν
3300 2183 3569 2249 βασιλεῖαν,
3620 2187 3715 2233 τοῦ

308 2265 533 2331 nentes»
566 2261 625 2317 ίῐι
654 2262 910 2318 Africam
938 2267 1079 2318 sunt
1105 2264 1340 2319 PBVBPSi-
2068 2272 2566 2339 6506,6ue0poteron
2609 2283 2710 2338 gar
2736 2268 2875 2321 estin
2916 2266 3157 2321 camilon
3195 2264 3291 2320 dia
3320 2266 3599 2320 trimalias
3630 2281 3734 2319 ra-

379 2352 432 2407 6.
452 2352 571 2408 Hoc
594 2350 654 2407 in
685 2354 946 2424 tempore
968 2352 1691 2423 Mannasses,Arelatensis
1704 2352 1954 2409 civitatis
2070 2358 2202 2429 ﬁdos
2248 2357 2470 2413 iselthin
2499 2358 2522 2412 i
2545 2358 2766 2428 plusion
2816 2358 2863 2411 is
2888 2357 2972 2411 tin
3005 2356 3267 2411 basiliam
3295 2359 3356 2410 tu
3383 2354 3532 2423 theu,
3565 2353 3729 2425 quod

307 2438 642 2513 episcopus,
674 2440 876 2513 agnita
918 2442 1073 2515 regis
1121 2442 1385 2516 Hugonis
1416 2442 1693 2514 potentia,
1730 2460 1763 2498 a
1792 2442 1961 2513 cujus
2071 2451 2161 2502 est
2192 2464 2205 2502 :
2238 2447 2478 2501 Facilius
2507 2450 2587 2501 est
2605 2445 2875 2500 camelum
2893 2460 2996 2515 per
3022 2447 3273 2516 foramen
3306 2459 3434 2499 acus
3463 2444 3726 2510 transiri,

305 2529 433 2603 ipse
458 2529 762 2587 afﬁnitatis
790 2530 859 2566 ³⁵9
874 2528 1090 2586 lineam
1113 2531 1400 2604 sanguine
1429 2535 1700 2599 traxerat,
1734 2532 1963 2587 deserta
2070 2553 2235 2608 quam
2263 2536 2489 2590 divitem
2536 2538 2747 2590 intrare
2788 2536 2848 2588 in
2894 2550 3124 2605 regnum
3152 2534 3415 2591 caelorum
3443 2532 3630 2604 (Marc.
3666 2550 3723 2602 x,

305 2618 419 2676 sibi
448 2617 763 2676 commissa
813 2618 1061 2687 molesia,
1092 2619 1438 2675 ambitionis
1469 2620 1701 2693 spiritu,
1739 2618 1955 2675 multas
2069 2625 2184 2697 25).
2216 2626 2287 2679 Et
2318 2623 2492 2679 item:
2527 2624 2630 2693 Qui
2658 2639 2770 2678 non
2799 2624 3081 2678 renuntiat
3110 2622 3363 2677 omnibus
3392 2635 3517 2693 quae
3544 2622 3724 2693 possi-

305 2705 630 2764 violaturus
648 2708 718 2743 ²⁶⁰
738 2706 919 2763 immo
939 2706 1305 2764 laceraturus
1321 2708 1847 2777 aeclesias,ltaliam
1861 2725 1957 2780 pc-
2069 2714 2157 2770 det
2173 2715 2260 2779 εδδ,
2283 2729 2391 2769 non
2408 2717 2585 2785 potest
2606 2728 2756 2768 meus
2784 2728 2896 2768 esse
2923 2711 3221 2783 discipulus
3267 2712 3418 2781 (Luc.
3451 2727 3567 2779 xiv,
3598 2710 3712 2781 33).

308 2796 419 2851 tiit.
443 2795 610 2868 Hugo
636 2798 831 2851 autem
865 2811 966 2851 rex
996 2813 1245 2869 regnum
1268 2797 1535 2853 securius
1554 2798 1817 2855 obtinere
1831 2814 1961 2870 spe-
2077 2804 2230 2859 Cedo
2264 2802 2464 2875 igitur,
2495 2802 2637 2873 quid
2669 2800 2997 2873 perversius
3038 2799 3157 2869 ille,
3192 2799 3402 2873 quidve
3434 2798 3644 2855 fmdius
3670 2801 3728 2854 te

308 2899 469 2950 rans,
503 2882 553 2938 si
584 2882 871 2939 afﬁnitate
901 2883 1359 2955 sibiconjunctis
1388 2885 1552 2958 regni
1574 2885 1960 2957 officialargi-
2070 2892 2288 2947 dixisse
2317 2890 2643 2946 credendus
2658 2890 2725 2925 ²⁶⁶
2741 2894 2831 2945 est
2850 2889 2877 2944 ‘?
2906 2890 3068 2956 Quod
3101 2889 3258 2945 enim
3287 2889 3496 2944 Petrus
3526 2888 3598 2943 ad
3622 2888 3723 2960 ju-

312 2974 502 3037 retur,
529 2971 840 3042 contrajus
866 2971 1073 3047 fasque
1101 2970 1522 3041 Veronensem,
1555 2974 1989 3045 Tridentinam.
2070 2980 2315 3048 stitiam,
2348 2983 2411 3034 tu
2441 2979 2727 3035 transfers
2758 2979 2828 3034 ad
2853 2977 3107 3051 culpam.
3132 2977 3314 3034 Credo
3335 2978 3402 3013 ’⁸⁷
3423 2976 3721 3050 equidem,

309 3064 486 3133 atque
513 3059 896 3115 Mantuanam
940 3060 1392 3132 commendavit,
1424 3079 1551 3134 seu,
1585 3063 1739 3134 quod
1768 3063 1964 3119 verius
2072 3074 2129 3125 te
2160 3072 2325 3124 actus
2346 3067 2742 3140 apostolorum
2763 3084 2879 3123 non
2898 3066 3271 3136 intellexisse,
3288 3069 3408 3133 aut,
3431 3065 3589 3138 quod
3603 3082 3723 3122 cre-

310 3150 420 3215 est,
453 3145 515 3202 in
547 3162 743 3203 escam
792 3146 972 3214 dedit,
1021 3147 1330 3204 melesiam.
1359 3150 1433 3204 Ac
1464 3167 1569 3206 nec
1601 3150 1693 3207 his
1724 3150 1962 3222 quidem
2072 3156 2312 3213 dibilius
2340 3161 2447 3223 est,
2482 3156 2725 3212 minime
2749 3155 2980 3228 legisse.
3012 3156 3096 3211 lbi
3125 3155 3297 3227 plane
3327 3154 3413 3212 sic
3430 3154 3719 3227 scriptum

308 3240 639 3305 contentus,
673 3234 1079 3292 Tridentinam
1102 3237 1347 3309 adeptus
1379 3243 1469 3294 est
1498 3256 1793 3307 marcam;
1824 3257 1960 3312 quo,
1997 3308 2033 3319 _
2072 3245 2366 3319 repperies
2400 3244 2679 3318 quoniam
2700 3243 2900 3302 ﬁdeles
2930 3242 3262 3301 vendebant
3288 3243 3723 3317 przediasua,et

306 3324 642 3398 impellente
663 3323 916 3393 diabolo,
939 3326 1082 3381 dum
1098 3308 1266 3382 miles
1281 3328 1723 3402 esseinciperet,
1741 3308 1961 3402 episco-
1990 3308 2034 3377 ο
2069 3308 2365 3409 ponebant
2394 3308 2672 3407 precium
2704 3337 2838 3390 ante
2868 3335 3047 3406 pedes
3072 3308 3724 3407 apostolorum,quibus

306 3431 418 3487 pus
448 3431 578 3471 esse
605 3412 915 3470 desineret.
948 3414 1113 3470 Libet
1145 3419 1363 3486 autem,
1398 3421 1563 3489 pater
1601 3418 1749 3492 agie,
1784 3418 1841 3474 id
1872 3422 1961 3475 est
2067 3428 2235 3481 erant
2264 3423 2462 3480 omnia
2492 3424 2830 3480 communia
2857 3426 2995 3495 (Act.
3025 3441 3087 3492 II,
3120 3424 3231 3496 35),
3266 3438 3371 3479 nec
3402 3421 3721 3495 quisquam

307 3507 527 3572 sancte,
560 3502 998 3576 aliquantulum
1028 3504 1418 3573 immorarier,
1454 3525 1741 3581 suamque
1772 3508 1960 3581 ipsius
2070 3513 2291 3586 aliquid
2325 3530 2499 3569 suum
2532 3529 2659 3569 esse
2690 3512 2953 3581 dicebat;
2986 3511 3353 3568 dividebatur
3374 3514 3573 3567 autem
3605 3510 3725 3567 sin-

308 3591 659 3650 sententiam
692 3610 798 3649 cur
814 3592 924 3650 hoc
947 3594 1288 3666 ageret,Deo
1310 3594 1593 3669 largiente
1617 3599 1703 3662 ’5‘,
1724 3598 1962 3671 propria
2037 3602 2245 3675 "gulis,
2278 3607 2453 3675 prout
2500 3602 2712 3673 cuique
2751 3618 2901 3674 opus
2932 3605 3058 3657 erat
3087 3604 3226 3669 (Aet.
3263 3618 3339 3669 iv,
3373 3600 3484 3672 45).
3521 3598 3584 3655 Si
3612 3598 3725 3672 igi-

298 3680 592 3754 jugulare.
622 3705 651 3733 «
685 3682 919 3749 Beatus,
945 3682 1159 3755 inquit,
1191 3684 1419 3755 Petrus,
1451 3686 1770 3744 Antiocena
1798 3686 1962 3744 insti-
2068 3690 2691 3765 tur,quodinhumano
2723 3706 2902 3746 censu
2921 3688 3261 3763 praeciosius
3282 3688 3726 3761 tibiqueanima

305 3774 435 3826 tuta
463 3770 789 3835 aeolesia,ad
816 3775 1141 3827 Romanam
1165 3773 1536 3847 urbem,qua3
1549 3776 1819 3848 potentiae
1834 3793 1958 3832 ma—
2067 3786 2170 3838 tua
2195 3781 2410 3847 carius,
2442 3781 2649 3837 Petrus
2679 3796 2913 3848 aurum,
2949 3778 3118 3852 quasi
3164 3778 3448 3852 quiddam
3478 3777 3729 3850 pestife-

307 3858 617 3931 gnitudine
636 3859 864 3914 cunctis
893 3862 1035 3915 tunc
1066 3860 1405 3918 nationibus
1438 3862 1782 3936 imperabat,
1801 3870 1957 3938 post-
2070 3889 2222 3940 rum,
2262 3875 2503 3943 tangere
2541 3868 2749 3938 noluit,
2794 3885 2913 3942 qua
2950 3868 3176 3925 ratione
3215 3884 3374 3939 eum,
3406 3867 3731 3923 Antiocena

310 3947 553 4003 modum
581 3945 1096 4003 transvolavit.Ubi
1127 3965 1262 4005 cum
1301 3950 1417 4006 Deo
1454 3951 1800 4026 disponente
1827 3972 1961 4011 san-
2070 3961 2322 4026 deserta,
2368 3960 2439 4015 ad
2492 3959 2819 4015 Romanam
2870 3956 3088 4013 asseris
3136 3955 3430 4012 ecclesiam
3459 3959 3730 4011 transvo-

309 4039 463 4092 ctam
477 4038 714 4108 totoque
731 4035 1377 4094 orbe’“venerandamf
1382 4042 1629 4097 undaret
1648 4042 1958 4113 melesiam,
2068 4049 2224 4106 lasse
2251 4053 2277 4103 .9
2302 4049 2359 4104 Si
2407 4048 2611 4116 latras,
2660 4046 2852 4114 illum,
2902 4046 3057 4118 quod
3091 4045 3333 4102 omnino
3362 4044 3584 4101 falsum
3615 4048 3727 4111 est,

309 4123 600 4198 discipulo
622 4141 728 4181 suo
760 4125 928 4181 beato
959 4125 1367 4200 euvangelistze
1402 4130 1596 4185 Marco
1623 4130 1957 4203 pristinam,
2071 4137 2407 4211 quasivisse
2464 4153 2728 4205 censum,
2792 4152 2897 4209 ego
2960 4135 3298 4190 animarum
3367 4133 3604 4189 lucrum
3675 4137 3735 4188 et

293 4213 683 4271 Antiocenam
718 4213 961 4283 scilicet,
1004 4217 1470 4287 commendavit;
1516 4218 1599 4274 ita
1644 4223 1865 4288 tamen,
1898 4224 1963 4276 ut
2069 4227 2383 4299 comprobo
2415 4225 2738 4298 gioriosum
2770 4223 3138 4296 martyrium.
3159 4221 3731 4294 Predictumquippe

306 4302 1964 4380 Aquilegensemetipseprimoinstitueret,atqueAIexan-
2070 4316 2182 4372 sibi
2211 4316 2278 4351 ²⁶⁸
2309 4332 2343 4370 a
2389 4314 2694 4386 magistro,
2739 4313 2921 4369 immo
2971 4316 3228 4368 creatore
3259 4315 3318 4367 et
3360 4311 3732 4383 redemptore

304 4393 536 4448 drinam
568 4390 790 4448 concite
812 4396 1053 4465 peteret.
1075 4395 1236 4460 Quod
1266 4394 1350 4450 ita
1369 4400 1565 4452 actum
1591 4414 1739 4465 esse,
1774 4398 1960 4454 nemi-
2071 4422 2177 4461 suo
2225 4404 2434 4469 fuerat,
2485 4401 2767 4475 quoniam
2799 4419 2813 4457 :
2865 4401 2999 4457 Cum
3045 4417 3182 4457 esses
3204 4401 3422 4472 junior,
3473 4399 3733 4471 eingebas

306 4498 443 4537 nem
475 4479 578 4553 qui
609 4496 813 4536 eorum
843 4480 1256 4555 actuslegerit,
1279 4500 1396 4539 non
1418 4486 1642 4541 nescire
1662 4487 1960 4560 cognosci-
2070 4498 2140 4561 te,
2173 4502 2223 4550 et
2273 4492 2592 4548 ambulabas
2638 4492 2733 4547 ubi
2780 4491 3018 4558 volebas,
3068 4507 3195 4546 cum
3245 4493 3429 4545 autem
3457 4490 3731 4555 senueris,

307 4586 464 4625 mus.
496 4590 525 4621 ιι
561 4567 673 4624 Sed
706 4572 793 4636 ut,
825 4568 996 4626 nobis
1026 4572 1536 4643 respondentibus.
1573 4591 1605 4630 o
1636 4576 1958 4644 Monaeses,
2069 4576 2332 4636 extendes
2349 4596 2548 4635 manus
2577 4586 2717 4647 tuas,
2750 4582 2802 4634 et
2848 4578 2994 4634 alius
3041 4587 3093 4634 te
3118 4579 3319 4650 cinget,
3359 4581 3413 4633 et
3435 4576 3594 4633 ducet
3627 4592 3733 4648 quo

305 4674 444 4715 vera
470 4660 527 4713 te
558 4672 735 4729 super
763 4656 856 4713 his
905 4675 1022 4714 non
1062 4660 1279 4716 sentire
1328 4678 1667 4734 cognoscas,
1703 4665 1959 4722 nominis
1989 4677 2039 4743 D
2069 4670 2137 4705 ²⁶⁰
2195 4674 2257 4725 tu
2284 4685 2396 4723 non
2436 4670 2537 4723 vis.
2580 4669 2688 4723 Hoc
2755 4675 2939 4722 autem
3002 4666 3171 4732 dixit,
3239 4664 3563 4736 signiﬁca-ns
3624 4683 3733 4738 qua

306 4745 394 4803 tui
415 4744 814 4820 etimologiam
833 4749 1522 4820 parentestuosvidentes
1537 4752 1720 4810 fuisse
1735 4753 1957 4811 intelle-
2066 4766 2238 4815 morte
2278 4757 2684 4827 clariﬁoaturus
2734 4763 2870 4812 esset
2897 4756 3069 4811 Deum
3111 4757 3289 4825 (Joan.
3322 4772 3439 4823 xxr,
3480 4755 3588 4824 18).
3620 4754 3730 4810 De-

305 4852 428 4910 ges.
452 4835 722 4892 Manases
742 4835 960 4910 quippe
979 4836 1292 4908 obliv?osus,
1329 4855 1432 4896 seu
1477 4842 1678 4898 oblivio
1707 4844 1951 4914 Domini,
2064 4847 2241 4919 nique
2266 4849 2324 4901 et
2352 4845 2467 4901 alio
2499 4845 2558 4900 in
2591 4842 2716 4899 loco
2750 4846 2884 4916 post
2913 4843 3404 4900 resurrectionem
3434 4843 3603 4900 Petro
3636 4859 3725 4912 se,

305 4924 898 4998 interpretatur.Quid
929 4925 1088 4982 enim
1117 4927 1312 4984 verius
1330 4932 1433 4985 aut
1461 4932 1727 5003 npertius
1751 4950 1956 5005 paren-
2064 4952 2179 5008 quo
2208 4932 2752 5005 iret,interroganti,
2774 4932 3151 5004 respondisse
3169 4933 3457 4989 Dominus
3475 4930 3725 5004 legitur:

302 5017 390 5070 tes
418 5014 487 5049 ³⁸³
533 5013 597 5087 [ἰ.
628 5030 676 5071 e.
712 5013 1049 5086 prophetas]
1103 5016 1188 5070 tui
1229 5015 1339 5073 hoc
1375 5019 1610 5076 nomine
1638 5022 1955 5079 vaticinare
2064 5027 2289 5082 Romam
2330 5025 2536 5078 iterum
2573 5022 2847 5093 cruciﬁgi.
2899 5021 3073 5077 Venit
3124 5021 3309 5094 igitur
3338 5021 3566 5090 Petrus,
3595 5037 3717 5076 non

305 5106 622 5176 potuerunt
643 5105 671 5157 ?
691 5102 797 5173 Ita,
839 5102 1105 5175 inquam,
1137 5120 1202 5161 es
1231 5105 1449 5163 oblitus
1479 5108 1587 5176 tui,
1619 5113 1686 5164 ut
1710 5128 1817 5168 nec
1842 5112 1953 5168 ho-
2062 5112 2383 5170 ambitione
2408 5111 2646 5167 inﬂatus
2678 5110 2781 5167 sed
2815 5110 3078 5167 martirio
3112 5110 3558 5180 animatus,non
3583 5126 3731 5182 que-

303 5190 523 5248 minem
546 5191 1410 5264 quidemteessereminiscare.
1430 5196 1706 5254 Diabolus
1735 5201 1953 5275 quippe
2061 5220 2196 5259 rens
2245 5217 2458 5257 aurum
2506 5199 2609 5255 sed
2669 5198 3002 5255 animarum
3052 5198 3308 5256 lucrum.
3356 5199 3401 5257 Ο
3453 5198 3711 5269 felicem,

303 5280 630 5353 scripturas
677 5279 858 5346 novit,
917 5284 976 5336 et
1034 5285 1256 5351 tamen,
1306 5286 1374 5337 ut
1426 5300 1759 5355 perversus,
1818 5307 1949 5362 per-
2060 5291 2244 5347 immo
2276 5292 2537 5356 beatum,
2570 5287 2621 5344 si
2651 5286 2828 5344 talem
2858 5291 2915 5345 te
2941 5291 3044 5344 tua
3082 5287 3446 5345 conscientia
3476 5291 3727 5345 testare-

301 5386 467 5428 verse
511 5385 612 5428 eas
663 5368 1100 5440 interpretatur,
1151 5373 1210 5424 et
1274 5386 1412 5425 cum
1469 5371 1561 5428 his
1619 5376 1823 5444 utitur,
1878 5381 1950 5436 ad
2063 5379 2208 5436 tur!
2260 5379 2375 5435 Nec
2422 5375 2673 5433 inficiari
2720 5376 2965 5449 inquam
2996 5380 3184 5450 potes,
3234 5377 3638 5435 Veronensem
3671 5380 3729 5433 te

1685 5491 1924 5550 VARI/E
1963 5495 2380 5553 LECTIONES.

373 5580 441 5655 ἥδε
470 5571 729 5655 exceptis
768 5574 817 5625 1.
846 5571 961 5655 “’5’
999 5572 1379 5655 agnitatis}.
1455 5576 1524 5655 ἳθο
1565 5576 2009 5655 ui_uiolat_urus
2047 5583 2258 5639 duabus
2289 5584 2453 5638 lineis
2489 5590 2535 5638 ι.
2612 5583 2677 5618 ²⁶¹
2707 5581 2971 5655 largente
3004 5583 3056 5638 1.
3093 5653 3101 5655 _
3136 5583 3204 5619 ²⁶²
3235 5583 3374 5640 orbe
3405 5582 3458 5639 1.
3535 5581 3606 5619 ³⁵³
3641 5582 3733 5639 hic

304 5641 985 5752 E'..§’.Z°ff£’.‘fi‘.‘."'q
1006 5644 1672 5752 "‘.a°ri3ae-'~..:fi
1698 5651 1961 5752 posse.
1985 5655 2202 5752 ιο-.ῗῖ
2230 5655 2538 5752 emend“
2596 5658 2641 5710 ι·
2968 5653 3244 5727 equidem
3285 5678 3379 5725 την
3409 5661 3606 5729 mw

307 5735 532 5770 αποστων
558 5713 678 5774 non
705 5713 923 5771 dixisse
949 5715 1007 5772 3.
1079 5713 1147 5752 πθ
1179 5716 1241 5773 Ρ.
1271 5716 1385 5775 sibi
1416 5734 1475 5790 q.
1509 5718 1622 5777 sibi
1644 5738 1678 5780 a
1698 5713 1748 5781 ἱ.
1822 5725 1891 5761 ²⁶⁹
1922 5727 2207 5799 q=quod
2230 5726 2286 5782 1.
3020 5713 3040 5727 ³
3196 5772 3203 5779 .
