3962 6388
155 464 280 534 861

1112 468 1738 537 ANTAPODESEOS
1784 469 1994 535 LIBRI
2040 466 2210 535 SEX.
2241 502 2322 519 —
2348 471 2497 534 LIB.
2540 467 2644 534 IV.

3480 464 3601 529 862

160 607 532 681 episcopium
565 606 808 664 minime
854 607 1214 675 vendidisse,
1269 608 1426 678 quod
1467 607 1656 673 Petro,
1709 623 1824 662 non
1855 611 1909 675 Α
1939 607 2290 679 amputare?
2313 607 2371 662 in
2401 605 2618 679 quibus
2650 600 2832 660 nostri
2863 599 3181 660 refocilatio
3212 604 3493 678 corporis,
3518 609 3597 675 et,

161 697 410 753 cuilibet
441 697 542 754 sed
576 695 838 771 apostolo
878 696 978 752 illo
995 697 1082 765 ’70,
1137 713 1464 768 numquam
1515 695 1831 752 didicimus

163 787 511 859 contigisse.
567 788 691 850 Qua
721 803 791 842 ex
839 802 902 842 re
946 803 1061 841 non
1116 785 1308 841 solum
1356 784 1832 857 spiritaliverum

164 875 348 932 etiam
383 875 669 948 corporali
702 876 942 942 honore,
976 892 1188 930 census
1211 874 1569 930 animatione
1598 875 1745 945 (113)
1778 879 1833 929 te

163 967 470 1037 privatum
501 981 629 1021 esse
659 965 1060 1030 cognovimus.
1095 964 1224 1018 Haec
1265 967 1460 1018 autem
1493 961 1728 1017 interim
1760 963 1831 1018 ad

163 1055 540 1127 propositum
590 1054 885 1109 redeundo
937 1053 1093 1108 dicta
1123 1052 1434 1121 sufﬁtiant,
1487 1051 1679 1122 quoad
1711 1051 1834 1105 lar-

164 1143 366 1216 giente
420 1143 536 1198 Deo
571 1143 699 1197 suis
747 1143 804 1196 in
835 1141 998 1209 locis,
1036 1140 1286 1212 qualiter
1336 1139 1831 1195 Mediolanensem

167 1231 552 1306 usurpaveris
582 1231 946 1296 cathedram,
978 1229 1307 1285 veniamus.

239 1325 296 1377 7.
324 1323 400 1377 Eo
422 1323 486 1357 ²τ¹
507 1325 768 1392 tempore
791 1318 1178 1391 Berengarius
1196 1319 1504 1389 iste,cujus
1527 1318 1835 1391 tyrannide

171 1415 300 1466 tota
330 1428 488 1466 nunc
508 1409 754 1482 “luget
777 1408 1262 1480 ltalia,Eporegize
1288 1407 1542 1463 civitatis
1571 1407 1832 1462 marchio

167 1499 517 1556 habebatur.
552 1497 655 1554 Cui
689 1514 786 1552 rex
799 1497 964 1570 Hugo
984 1497 1204 1568 neptim
1220 1512 1414 1562 suam,
1434 1496 1673 1552 nomine
1689 1495 1834 1551 Wil-

165 1588 312 1654 lam,
337 1605 514 1658 quam
545 1605 614 1643 ex
643 1586 817 1644 Willa
846 1601 1023 1642 uxore
1041 1602 1150 1640 sua
1181 1586 1328 1640 Boso
1349 1585 1572 1640 Tusciae
1597 1584 1834 1656 provin-

169 1678 276 1734 ciae
307 1677 589 1744 marchio,
637 1677 792 1748 regis
826 1676 1024 1740 frater,
1064 1677 1366 1746 genuerat,
1391 1673 1702 1745 conjugem
1734 1673 1838 1728 de-

169 1767 278 1823 dit.
329 1767 650 1822 Anscarius
700 1780 857 1830 vero,
904 1762 1239 1834 Berengarii
1291 1762 1490 1829 frater,
1541 1777 1718 1832 quem
1768 1778 1837 1816 ex

165 1856 482 1912 Adelberto
535 1853 973 1925 Hermengarda
1025 1850 1179 1924 regis
1230 1849 1494 1922 Hugonis
1553 1854 1836 1922 genuerat

165 1963 358 2013 soror,
394 1944 608 1999 virium
641 1943 880 1998 audatia
910 1940 1287 2013 potentiaque
1321 1939 1596 1994 clarabat.

243 2035 298 2099 8,
333 2032 666 2088 Tedbaldus
686 2033 754 2065 ’73
803 2031 979 2086 etiam
1039 2030 1212 2084 heros
1261 2029 1525 2101 quidam,
1576 2029 1844 2100 proxima

169 2122 410 2194 Hugoni
433 2121 554 2193 regi
585 2119 1230 2189 afﬁnitate‘conjuctus,
1255 2117 1761 2174 Cammerinorum
1785 2123 1842 2173 et

172 2211 612 2284 Spoletinorum
650 2208 912 2264 marchio
941 2212 1083 2263 erat.
1113 2207 1215 2261 llic
1248 2207 1307 2261 in
1341 2206 1626 2261 auxilium
1659 2208 1837 2262 Bene-

168 2299 406 2356 ventani
453 2298 736 2371 principis
768 2301 970 2352 contra
1015 2297 1247 2359 Grecos,
1291 2295 1390 2366 qui
1422 2311 1556 2350 eum
1588 2296 1842 2368 graviter

175 2391 610 2462 obpresserant,
669 2387 834 2441 abiit.
888 2384 1110 2448 Quibus
1141 2401 1276 2439 cum
1327 2383 1548 2439 bellum
1576 2383 1838 2450 inferret,

173 2479 520 2534 victoriaest
550 2476 796 2549 potitus.
831 2474 1086 2546 Contigit
1107 2473 1362 2545 denique
1385 2472 1605 2529 multos
1637 2473 1841 2530 Greco-

176 2584 333 2637 rum,
350 2567 601 2638 jamjam
625 2583 742 2622 non
765 2581 903 2620 arva
925 2565 1025 2619 sed
1045 2568 1238 2618 castra
1250 2562 1838 2631 obtinentium,hunc

176 2657 441 2729 caapisse.
477 2656 702 2721 Quibus
735 2655 879 2708 dum
912 2651 1104 2707 virilia
1133 2655 1483 2723 amputaret,
1515 2651 1657 2706 talia
1687 2655 1838 2707 stra-

177 2747 299 2820 tigo
322 2747 425 2819 qui
459 2747 544 2802 eis
575 2749 820 2817 praeerat
854 2741 1182 2796 nuntiavit:
1219 2763 1244 2789 «
1281 2740 1568 2804 Quoniam
1598 2741 1836 2811 quidem

171 2840 371 2891 vestro
399 2837 600 2890 sancto
631 2831 968 2904 imperatori
1001 2829 1364 2902 spadonibus
1397 2829 1477 2884 nil
1509 2829 1839 2901 praetiosius

172 2941 306 2982 esse
339 2923 604 2997 cognovi,
651 2921 760 2976 hos
791 2919 992 2975 studui
1036 2917 1320 2990 pauculos
1354 2917 1465 2974 sibi
1514 2919 1839 2975 verecunde

172 3013 624 3080 transmittere;
695 3009 893 3082 plures
953 3007 1324 3080 qucntocius,
1388 3011 1503 3062 Deo
1563 2998 1834 3081 propitio,

172 3102 657 3160 transmissurus.
689 3121 717 3149 ››

247 3193 301 3248 9.
338 3189 685 3248 Ludibrium
736 3191 954 3258 autem,
1007 3189 1189 3244 immo
1239 3187 1612 3260 sapientiam,
1657 3204 1836 3260 quam

181 3282 453 3356 quaedam
485 3285 624 3335 tunc
670 3278 884 3334 mulier
914 3278 1114 3350 gessit,
1147 3277 1242 3333 hic
1295 3277 1652 3333 inseramus.
1686 3283 1835 3332 Dum

1947 698 2100 770 quod
2135 697 2398 752 omnium
2426 694 2801 770 potissimum
2823 696 2935 762 est,
2959 693 3269 750 nascituree
3295 710 3429 768 spes
3445 699 3603 752 extat

1943 785 2167 859 prolis?
2200 787 2347 841 Dum
2377 785 2532 842 enim
2554 801 2652 840 eos
2685 781 3108 851 eunuchizatis,
3144 800 3259 839 non
3289 785 3445 856 quod
3477 784 3601 840 illo-

1943 893 2097 944 rum,
2132 876 2232 932 sed
2265 876 2428 940 Quod
2459 880 2730 932 nostrum
2763 882 2871 944 est,
2909 874 3134 931 tollitis.
3170 875 3322 929 Num
3354 875 3599 946 inquam

1944 969 2345 1020 armentorum
2377 981 2480 1020 seu
2513 963 2706 1019 ovium
2742 965 2928 1038 cepia,
2948 981 3126 1036 quam
3149 963 3294 1018 mihi
3321 963 3446 1019 dies
3469 967 3602 1019 ante

1943 1054 2052 1110 hos
2084 1053 2433 1120 abstulistis,
2465 1058 2656 1108 vestra
2689 1071 2782 1110 me
2814 1058 3006 1109 castra
3036 1052 3195 1108 adire
3211 1051 3602 1126 coegit?Ani-

1943 1135 2188 1199 malium
2212 1143 2427 1214 quippe
2454 1159 2582 1214 quae
2616 1143 2762 1199 mihi
2795 1143 3013 1199 fecistis
3045 1142 3354 1214 dispendia
3385 1142 3557 1198 laudo
3584 1159 3598 1210 ;

1933 1233 2232 1303 jacturam
2266 1231 2416 1286 hanc
2463 1235 2689 1286 tantam
2740 1237 2861 1286 tam
2894 1229 3210 1299 credulam,
3244 1234 3482 1302 tamque
3513 1229 3602 1284 in-

1943 1320 2427 1394 recuperabilem,
2449 1320 2637 1375 modis
2661 1320 2957 1386 omnibus,
2990 1319 3220 1387 horreo,
3250 1318 3601 1391 fugio,nolo.

1943 1410 2141 1466 Sancti
2185 1409 2310 1476 Dei,
2341 1425 2544 1465 omnes
2598 1408 2776 1466 talem
2808 1427 2842 1465 a
2873 1425 2967 1464 me
2997 1409 3238 1464 avertite
3268 1412 3492 1480 pestem
3520 1407 3532 1461 l
3569 1428 3599 1458 »

1943 1500 2046 1555 His
2078 1499 2315 1564 auditis,
2350 1498 2531 1554 nimio
2563 1502 2704 1554 sunt
2734 1515 2938 1554 omnes
2972 1497 3257 1554 cachinno
3299 1496 3604 1564 commoti,

1942 1591 2260 1658 tantusque
2291 1587 2350 1641 in
2383 1603 2512 1642 eam
2562 1586 2762 1659 populi
2813 1587 2977 1642 favor
3006 1586 3255 1642 excrevit
3274 1587 3341 1621 37°
3391 1588 3456 1640 ut
3487 1601 3603 1640 non

1945 1675 2140 1731 solum
2171 1675 2362 1730 virum
2398 1692 2572 1731 suum
2586 1675 2901 1747 integrum,
2919 1675 3019 1730 sed
3035 1680 3090 1730 et
3107 1680 3318 1730 cuncta
3335 1691 3462 1746 quae
3485 1673 3598 1729 sibi

1945 1765 2139 1820 ablata
2170 1764 2400 1819 fuerant
2449 1763 2748 1830 animalia,
2799 1763 3054 1835 recipere
3096 1767 3433 1819 mereretur.
3470 1765 3605 1829 Quas

1945 1871 2080 1909 cum
2113 1853 2206 1910 his
2237 1853 2485 1926 receptis
2502 1853 2934 1920 abiret,directo
2958 1853 3294 1909 Tedbaldus
3326 1856 3459 1925 post
3476 1869 3607 1909 eam

1867 1982 1918 2047 Β
1947 1961 2150 2016 puero,
2203 1941 2582 2016 interrogavit
2634 1943 2773 2016 quid
2825 1943 2944 2000 viro
2977 1961 3084 1999 suo
3124 1944 3397 2011 auferret,
3450 1943 3500 1999 si
3532 1941 3604 1997 ad

1950 2049 2208 2106 pugnam
2287 2032 2542 2105 amplius
2593 2036 2799 2088 contra
2851 2050 2914 2088 se
2971 2033 3043 2087 de
3101 2032 3318 2089 castelo
3379 2029 3608 2088 exiret?

1950 2146 1978 2172 «
2015 2120 2200 2190 Oculi,
2234 2122 2447 2195 inquit,
2495 2126 2635 2177 sunt
2665 2121 2770 2188 illi,
2806 2137 2998 2189 nares,
3034 2138 3268 2188 manus,
3307 2125 3364 2177 et
3407 2121 3606 2194 pedes.

1950 2212 2009 2267 Si
2042 2212 2148 2267 hec
2180 2212 2382 2284 egerit,
2413 2211 2525 2267 sibi
2559 2228 2683 2283 quae
2715 2228 2824 2266 sua
2854 2211 3267 2277 suntauferat;
3297 2226 3426 2282 quae
3453 2226 3605 2279 mea,

1949 2318 2068 2356 sua:
2101 2300 2325 2356 scilicet
2355 2299 2665 2370 ancillula),
2717 2299 3106 2372 derelinquat.
3145 2322 3172 2350 »
3200 2299 3420 2356 Verum
3469 2299 3611 2372 quia

1949 2391 2205 2446 favorem
2240 2389 2438 2462 populi
2490 2389 2680 2462 prima
2730 2387 2842 2444 sibi
2875 2388 3169 2444 locutione
3199 2405 3303 2462 per
3333 2388 3523 2445 risum
3553 2393 3612 2444 et

1948 2477 2144 2532 mariti
2176 2478 2397 2533 donum
2442 2478 2646 2534 adesse
2691 2477 2994 2544 intellexit,
3027 2477 3178 2534 hanc
3222 2478 3607 2551 postmodum

1946 2585 2051 2639 per
2078 2567 2368 2622 directum
2400 2567 2674 2622 nuntium
2709 2567 3092 2623 remandavit.

2024 2657 2108 2712 10.
2142 2657 2251 2712 Per
2280 2655 2434 2711 idem
2469 2659 2703 2728 tempus
2745 2655 2899 2728 regis
2930 2655 3192 2729 Hugonis
3224 2655 3405 2712 frater
3436 2656 3608 2726 Boso,

1947 2744 2126 2801 Willa
2155 2762 2332 2802 uxore
2364 2762 2473 2800 sua
2503 2743 2892 2817 cupidissima
2907 2746 2972 2779 ²⁷⁷
3006 2743 3370 2816 stimulante,
3409 2745 3609 2801 adver-

1947 2852 2050 2891 sus
2084 2851 2282 2907 regem
2337 2851 2487 2890 nova
2518 2834 2784 2906 quaedam
2813 2837 2870 2889 et
2922 2851 3192 2906 perversa
3232 2833 3473 2890 molitus
3522 2837 3614 2890 est

1948 2940 2138 2997 agere.
2173 2923 2336 2989 Quod
2386 2925 2695 2996 Hugonem
2743 2940 2860 2979 non
2909 2922 3100 2979 latuit.
3133 2923 3258 2986 Qua
3298 2939 3367 2978 ex
3418 2938 3479 2979 re
3518 2939 3612 2980 ca-

1947 3013 2398 3087 ptus,custodize
2429 3018 2528 3070 est
2559 3013 2834 3070 continuo
2859 3013 3134 3069 traditus.
3157 3012 3615 3086 Causadenique

1947 3103 2292 3175 dejectionis
2331 3104 2459 3175 ejus
2506 3103 2630 3158 haec
2663 3101 2792 3158 fuit.
2844 3103 2997 3159 Dum
3050 3103 3386 3173 Lamberto,
3437 3118 3614 3175 quem

1948 3211 2129 3266 supra
2157 3192 2636 3259 memoravimus,
2671 3191 2893 3249 lumine
2943 3191 3194 3264 privato,
3245 3192 3432 3249 isdem
3463 3191 3612 3249 Boso

1947 3299 2206 3338 marcam
2230 3281 2454 3338 Tusciae
2477 3281 2787 3349 obtineret,
2820 3281 3034 3352 conjux
3061 3280 3370 3336 suaWilla
3385 3281 3615 3353 phylar-

176 3372 338 3428 enim
368 3370 462 3426 die
493 3369 748 3441 quadam
773 3367 938 3423 Greci
963 3384 1096 3422 cum
1116 3367 1305 3438 ipsius
1324 3370 1476 3422 terre
1497 3366 1838 3422 hominibus
1868 3351 1915 3422 α
1950 3371 2110 3445 giriaa
2138 3370 2292 3443 cepit
2328 3387 2526 3426 amore
2565 3369 2810 3441 flagrare
2841 3387 2854 3437 ;
2889 3351 3032 3424 adeo
3063 3372 3130 3423 ut
3175 3369 3360 3424 totius
3388 3351 3612 3424 Tusciae

176 3465 343 3518 extra
371 3462 631 3514 castrum
659 3457 954 3528 quoddam
986 3456 1057 3510 ad
1092 3472 1353 3528 pugnam
1385 3455 1666 3511 adversus
1697 3457 1842 3510 Ted-

177 3549 424 3606 baldum
443 3549 835 3603 memoratum
856 3543 1372 3612 exirent,nonnu|li
1393 3545 1464 3600 ab
1478 3545 1681 3600 eodem
1701 3549 1842 3601 sunt

177 3639 355 3711 capti.
389 3639 544 3704 Quos
576 3637 718 3691 dum
744 3634 1144 3706 .enuchizaret
1174 3650 1388 3705 eosque
1433 3633 1492 3687 in
1532 3633 1838 3690 castellum

177 3727 478 3801 dirigeret,
512 3725 724 3781 mulier
754 3725 1043 3795 quaedam,
1077 3722 1271 3776 mariti
1300 3738 1499 3777 amore
1531 3738 1835 3790 succensa,

175 3818 310 3888 ejus
341 3833 446 3888 pro
495 3813 780 3870 membris
812 3829 928 3867 non
980 3827 1189 3883 parum
1240 3809 1597 3876 sollicitam,
1646 3811 1838 3883 passis

175 3905 442 3961 crinibus
454 3905 526 3960 de
538 3901 778 3959 castello
795 3899 934 3956 exiit
956 3899 1296 3955 furibunda.
1322 3899 1456 3963 Quae
1471 3915 1606 3954 cum
1628 3915 1838 3954 cruen-

169 3994 252 4050 tis
277 3991 578 4066 unguibus
630 4007 732 4045 ora
771 3989 1148 4059 discerperet,
1184 3990 1359 4058 atque
1391 3990 1526 4042 ante
1553 3986 1835 4042 Tedbaldi

169 4081 493 4140 tentorium
526 4079 802 4137 clamosis
851 4077 1094 4132 vocibus
1142 4075 1343 4131 ﬂeret:
1381 4097 1409 4125 «
1455 4075 1602 4139 Quid
1644 4092 1835 4133 causae

169 4177 284 4241 est,
320 4171 532 4244 inquit,
561 4168 796 4237 mulier,
827 4167 984 4240 quod
1016 4171 1137 4222 tam
1173 4165 1404 4222 sonoris
1427 4165 1668 4221 vocibus
1692 4182 1836 4237 que-

168 4261 362 4318 reris?
392 4282 420 4310 »
456 4261 591 4324 Quae
615 4257 842 4330 —quia
869 4255 1182 4312 stultitiam
1218 4253 1506 4311 simulare
1539 4254 1664 4310 loco
1696 4272 1832 4327 pru-

171 4350 373 4408 dentia
404 4364 642 4405 summa
671 4351 781 4413 est,
812 4378 881 4387 —
922 4345 1002 4400 ita
1028 4345 1331 4417 respondit
1357 4360 1370 4400 :
1407 4365 1434 4393 ››
1467 4343 1693 4400 Novum
1724 4343 1834 4400 hoc

172 4440 627 4511 inauditumque
672 4437 902 4492 facinus
947 4439 1054 4501 est,
1089 4433 1316 4499 heroes,
1350 4436 1416 4488 ut
1463 4432 1683 4488 bellum
1716 4451 1832 4490 non

173 4528 644 4602 repugnantibus
656 4524 1004 4581 mulieribus
1017 4522 1656 4578 inferatis.Nostrarum
1672 4521 1835 4577 nulla

172 4619 682 4675 exAmazonarum
699 4613 986 4686 sanguine
1005 4610 1337 4683 prosapiam
1353 4609 1516 4665 ducit
1533 4628 1545 4677 ;
1562 4611 1832 4666 Minerva:

1953 3460 2259 3532 provincia:
2291 3458 2452 3514 nulla
2485 3457 2771 3512 nobilium
2804 3461 3206 3512 matronarum
3230 3456 3527 3528 quantivis
3549 3473 3612 3512 se

1950 3547 2143 3620 praecii
2175 3547 2536 3603 ornamentis
2559 3545 2862 3602 excoleret.
2896 3544 3025 3600 Haec
3059 3561 3193 3600 cum
3235 3543 3458 3617 prolem
3492 3562 3610 3602 non

1950 3638 2191 3692 haberet
2235 3635 2484 3703 virilem,
2531 3637 2810 3706 quattuor
2855 3633 3064 3688 habuit
3112 3637 3300 3702 natas,
3350 3634 3606 3702 Bertam,

1947 3726 2205 3794 Willam,
2226 3723 2554 3781 Richildam
2577 3727 2634 3779 et
2653 3721 2897 3780 Gislam.
2932 3723 3152 3778 Harum
3173 3722 3375 3791 Willa,
3396 3723 3612 3780 Beren-

1947 3814 2092 3888 garii
2142 3814 2345 3886 hujus,
2396 3811 2496 3885 qui
2547 3829 2703 3868 nunc
2734 3816 3023 3884 superest,
3063 3829 3197 3868 vere
3229 3812 3465 3882 marita,
3497 3813 3609 3870 hoc

1946 3904 2157 3971 effecit,
2193 3919 2264 3959 ne
2298 3900 2549 3975 genitrix
2580 3917 2688 3956 sua
2718 3899 2984 3956 omnium
3002 3904 3156 3956 esset
3176 3898 3494 3956 mulierum
3519 3917 3615 3957 ne-

1947 3993 2256 4066 quissima.
2314 3991 2389 4046 Ut
2421 3993 2619 4046 autem
2651 4006 2766 4045 non
2803 4005 2908 4062 per
2936 3988 3142 4062 longas
3173 3989 3453 4062 ambages
3482 3989 3612 4060 ejus

1947 4087 2075 4139 acta
2106 4098 2416 4156 ponamus,
2463 4095 2580 4135 uno
2633 4077 2980 4150 turpissimo
3028 4077 3342 4150 descripto,
3398 4094 3524 4150 qua:
3555 4082 3613 4134 et

1946 4176 2177 4246 quanta
2202 4171 2260 4226 in
2293 4168 2518 4226 cmteris
2549 4169 2758 4236 fuerat,
2792 4167 3252 4222 animadvertere
3282 4166 3520 4238 poteris.

2017 4262 2104 4318 ll.
2137 4260 2242 4314 Vir
2272 4259 2461 4332 ipsius
2492 4257 2640 4313 Boso
2664 4255 2809 4311 mire
2840 4253 3230 4328 longitudinis
3257 4259 3315 4309 et
3355 4254 3613 4310 latitudi-

1945 4352 2038 4407 nis
2070 4365 2314 4406 aureum
2368 4347 2656 4403 habuerat
2687 4343 2970 4412 balteum,
3023 4344 3124 4416 qui
3174 4341 3496 4399 multarum
3549 4347 3608 4399 et

1944 4439 2352 4513 prmtiosarum
2371 4435 2716 4509 splendebat
2728 4434 2794 4468 "’3
2807 4432 2995 4488 nitore
3008 4448 3400 4504 gemmarum.
3417 4432 3604 4498 Hunc,

1943 4546 2076 4584 cum
2123 4529 2268 4583 Boso
2301 4529 2627 4597 caperetur,
2663 4539 2840 4594 super
2869 4538 3074 4578 omnes
3105 4538 3279 4595 gazas
3310 4522 3440 4592 ejus
3472 4520 3604 4576 dili-

1942 4622 2146 4691 genter
2175 4632 2275 4671 rex
2296 4613 2481 4685 jussit
2500 4610 2718 4683 inquiri
2747 4629 2760 4678 ;
2794 4611 3168 4684 sumptisque
3189 4610 3432 4678 divitiis,
3466 4626 3604 4665 uxo-

169 4708 390 4780 ίίυίΡΡθ
422 4705 615 4763 Βοιυω
656 4703 934 4777 operibus
979 4701 1209 4766 dediti”,
1244 4715 1544 4755 armorum
1575 4700 1832 4772 Pwnitus
1867 4725 1910 4790 ι)
1946 4723 2068 4763 rem
2099 4707 2249 4776 ejus,
2276 4703 2447 4776 quasi
2489 4699 3148 4790 profanamietsceleris
3178 4699 3360 4790 totius
3392 4699 3608 4790 auctri-

167 4812 380 4854 sumus
412 4796 647 4869 ignarae.
674 4817 703 4844 »
723 4792 826 4849 Cui
853 4808 987 4848 cum
1011 4790 1346 4847 Tedbaldus
1377 4790 1596 4846 diceret
1617 4809 1674 4847 :«
1693 4793 1834 4858 Quis

165 4901 436 4958 unquam
486 4900 626 4940 sane
673 4882 884 4954 capitis
914 4881 1108 4948 heros,
1155 4887 1363 4952 praeter
1401 4881 1829 4937 Amazonarum

160 4974 553 5047 temporibus,
570 4971 789 5029 bellum
810 4967 1413 5026 mulieribusintulit?
1433 4991 1462 5019 »
1497 4985 1566 5025 ea
1586 4986 1832 5043 respon-

161 5065 286 5122 dit:
322 5086 351 5113 «
387 5063 556 5129 Qtod,
579 5063 742 5131 cedo,
773 5059 1073 5115 crudelius
1104 5057 1458 5113 mulieribus
1491 5057 1708 5114 bellum
1740 5059 1828 5114 in-

164 5154 339 5221 ferre,
373 5151 585 5223 quidve
616 5148 1054 5206 incommodius
1085 5147 1180 5202 his
1225 5146 1549 5218 potestis”5
1579 5147 1828 5218 auferre,

1944 4812 2097 4863 cem,
2141 4793 2392 4866 turpiter
2443 4792 2513 4847 de
2563 4806 2740 4863 regno
2800 4788 3001 4846 Italico
3055 4788 3331 4862 praecepit
3377 4787 3605 4861 expelli,

1943 4890 2117 4957 atque
2149 4884 2208 4938 in
2241 4879 2664 4954 Burgundiam,
2696 4879 2769 4934 de
2801 4895 2914 4951 qua
2934 4878 3184 4934 oriunda
3205 4878 3412 4945 fuerat,
3447 4877 3605 4933 duci.

1940 4975 2158 5029 Verum
2208 4987 2341 5026 cum
2382 4968 2696 5041 diligenter
2724 4967 2924 5023 omnia
2954 4966 3302 5040 perscrutati
3343 4965 3603 5022 balteum

1941 5079 2058 5118 non
2090 5058 2473 5133 reppererint,
2495 5061 2702 5113 caetera
2733 5057 2924 5112 nuntii
2959 5060 3342 5129 reportantes,
3367 5061 3504 5113 sunt
3527 5057 3600 5112 ad

1941 5151 2247 5224 Hugonem
2277 5146 2512 5204 reversi.
2547 5147 2696 5202 Tum
2731 5162 2829 5202 rex
2855 5163 2868 5202 :
2893 5168 2921 5196 «
2958 5147 3354 5216 Revertentes,
3387 5145 3602 5219 inquit,

165 5258 351 5316 quam
383 5245 445 5296 ut
477 5257 683 5296 earum
731 5239 871 5295 viris
922 5235 1154 5293 certetis
1203 5235 1468 5291 orchidia
1506 5235 1830 5306 [testiculos
1940 5239 2256 5295 falerarum
2286 5238 2414 5310 ejus
2444 5251 2679 5292 omnem
2710 5239 3081 5309 apparatum,
3107 5234 3378 5308 pulvinar
3394 5235 3601 5306 etiam,

193 5347 201 5358 .
1538 5333 1778 5390 VARI/E
1817 5337 2122 5394 LECTION
2131 5338 2232 5393 ES.

236 5428 378 5504 '70,}:
496 5425 604 5504 illi:
681 5425 752 5504 '7:
800 5425 1215 5504 Eii-tempore
1235 5429 1430 5504 0221216
1460 5435 1758 5504 Υςρίγγςριος
1780 5436 2255 5504 ὀυτο-ιέΑτυρανρησῷ
2313 5432 2413 5492 αλη
2442 5449 2476 5492 η
2511 5431 2694 5504 ιταῇἦω
2724 5447 2791 5478 νω
2822 5425 3089 5504 eporegie
3119 5425 3172 5479 3.
3250 5425 3492 5504 '"f’_nu_m
3540 5421 3591 5504 4.

163 5506 236 5541 373
268 5496 795 5575 Thiebbaldus__5._
853 5496 921 5575 ’1‘
970 5494 1165 5575 sollita
1326 5494 1392 5575 ἐτ-⁵
1423 5494 1725 5575 potestatis
1767 5497 1820 5552 l.
1897 5500 1968 5575 ξτίξ
1990 5494 2274 5575 sequentia
2316 5512 2486 5569 usque
2529 5495 2599 5551 ad
2641 5495 2703 5550 in
2753 5494 3057 5552 saxoniam
3098 5513 3220 5569 cap.
3272 5497 3360 5552 H.
3405 5494 3599 5550 desunt

163 5575 328 5634 nulla
360 5573 560 5628 lacuna
589 5567 836 5623 indicata
865 5566 917 5621 3.
995 5566 1060 5599 ²⁷⁷
1093 5565 1479 5636 cupidissima
1511 5566 1560 5619 1.
1639 5566 1705 5602 ³⁷⁸
1736 5565 2139 5641 ερθηάθὺαιῚ.

241 5759 390 5835 (113)
424 5757 485 5817 ld
514 5760 602 5815 est
633 5740 772 5829 quia
802 5754 860 5810 in
892 5766 1136 5810 censum
1167 5751 1486 5820 animatus,
1521 5766 1736 5812 census
1761 5665 2006 5825 1:333
2039 5761 2182 5815 erat.
