3962 6374
339 421 464 494 863

1307 429 1789 497 LlUTPRANDl
1824 425 2380 495 CREMONENSIS
2423 430 2800 495 EPISCOPI.

3646 423 3775 490 864

343 562 502 636 quod
549 559 868 636 equitando
919 561 1152 639 premit,
1202 567 1438 623 evertite
1455 567 1543 624 ³⁷⁸.
1577 566 1645 622 Et
1692 565 1742 622 si
1777 581 1881 621 nec
1909 563 1991 621 ibi
2020 569 2078 636 Α
2104 567 2268 634 Quod
2297 566 2494 624 Grecis
2525 566 2803 622 omnibus
2826 582 2944 622 non
2965 564 3195 622 videtur
3218 563 3522 631 idoneum,
3543 559 3776 620 scilicet

341 652 581 725 quidem
613 651 872 711 balteum
901 655 1168 728 poteritis
1183 656 1254 690 ²θ⁰
1287 656 1604 730 repperire,
1636 654 1998 712 vestimentis

339 741 616 800 omnibus
646 761 777 800 eam
807 745 1018 814 exuite,
1049 763 1123 802 ne
1153 745 1368 802 alicubi
1400 763 1578 820 super
1607 763 1668 801 se
1699 745 1886 818 possit
1915 743 1998 799 la-

337 833 497 901 tere;
531 833 663 890 novi
695 834 853 890 enim
879 839 1168 908 quantum
1197 834 1434 903 callida,
1487 839 1892 907 quantumque
1923 834 2000 889 sit

339 921 572 994 capida.
608 945 635 972 ››
667 922 850 998 Igitur
876 924 994 980 illis
1026 925 1410 980 redeuntibus
1443 924 1714 997 regisque
1739 922 1999 994 jussioni

337 1011 853 1085 parentibus,cum
885 1013 1184 1085 requisitis
1206 1012 1482 1068 omnibus
1500 1013 1580 1067 nil
1612 1012 1994 1079 invenissent,

336 1100 704 1155 vestimentis
723 1117 850 1155 eam
877 1102 1153 1156 omnibus
1185 1101 1573 1156 nudaverunt.
1602 1102 1720 1156 Hoc
1745 1100 1997 1169 denique

336 1189 458 1241 tam
491 1191 660 1258 turpe
699 1187 931 1242 facinus
960 1193 1135 1259 atque
1167 1188 1500 1242 inauditum
1523 1204 1658 1242 cum
1687 1185 1996 1240 evertenti-

337 1273 449 1329 bus
480 1273 664 1330 ocu-lis
713 1275 1028 1344 proborum
1082 1292 1252 1329 nemo
1283 1275 1662 1345 conspiceret,
1695 1288 1996 1328 servorum

338 1361 581 1436 quidam
615 1361 835 1418 directo
868 1363 1098 1428 obtutu,
1154 1378 1513 1433 purpuream
1564 1377 1734 1416 secus
1765 1360 1992 1415 natium

339 1449 647 1525 speroiden
677 1449 825 1505 vidit
857 1450 1185 1522 dependere
1215 1450 1547 1521 corrigiam,
1582 1466 1759 1522 quam
1792 1449 1992 1519 impu-

337 1537 541 1599 denter
588 1537 874 1610 arripiens
922 1538 1265 1610 fmditerque
1313 1539 1574 1606 trahens,
1608 1554 1638 1592 e
1693 1536 1994 1593 secretiori

338 1626 598 1700 corporis
629 1631 791 1700 parte
841 1643 970 1682 eam
1001 1631 1239 1682 secutus
1290 1627 1519 1682 balteus
1560 1631 1649 1681 est
1696 1642 1988 1697 egressus.

338 1717 552 1774 Servus
583 1714 780 1789 itaque
828 1714 1017 1771 isdem
1047 1732 1165 1772 non
1214 1714 1406 1772 solum
1455 1714 1988 1780 inverecoudus’“,

338 1805 440 1863 sed
469 1820 536 1861 eo
568 1804 695 1877 ipso
723 1805 881 1878 turpi
915 1806 1170 1861 facinore
1201 1804 1444 1860 hilarior
1475 1803 1772 1860 redditus:
1811 1824 1838 1852 ‹‹
1870 1803 1984 1858 Hal

338 1893 416 1952 ha
435 1893 448 1949 l
464 1893 538 1950 he
557 1895 568 1950 l
590 1894 690 1962 ait,
711 1911 888 1967 quam
906 1895 1128 1967 peritus
1151 1893 1566 1950 obstetrieandi
1587 1892 1991 1948 miles.Ruffus

339 1938 416 1952 ....
435 1938 448 1949 .
464 1938 538 1950 ..ν
557 1938 568 1950 .
590 1938 690 1962 .....,
711 1938 888 1967 να...
907 1938 996 1967 τυ.
1012 1938 1128 1950 ......
1152 1938 1361 1950 νυυη-.
1377 1938 1566 1949 .-.......
1587 1938 1991 1948 ...ηπ---.νην

337 1998 485 2057 puer
510 1987 598 2038 est
627 1987 803 2039 natus
833 1983 1021 2050 herae;
1074 1999 1270 2056 quasso
1303 1987 1368 2038 ut
1398 1983 1476 2038 sit
1506 1986 1805 2054 superstes
1825 1982 1911 2036 ’3’.
1947 1981 1990 2036 Ο
2024 1938 2072 2003 Β

338 2088 432 2128 me
475 2072 861 2140 fortunatum,
909 2071 1090 2128 immo
1131 2072 1408 2129 omnibus
1439 2071 1776 2137 feliciorem,
1831 2069 1880 2125 si
1915 2074 1994 2124 ta-

337 2160 425 2218 les
455 2159 664 2218 sal‘tem
695 2161 845 2216 duos
888 2177 1032 2217 uxor
1063 2177 1193 2217 mea
1223 2159 1368 2216 mihi
1404 2165 1634 2232 pareret
1663 2164 1852 2225 natos,
1885 2158 1993 2214 hos

339 2249 556 2323 quippe
584 2248 1153 2323 Constantinopolim
1203 2248 1516 2321 dirigerem
1555 2247 1814 2313 nuntios,
1847 2263 1994 2319 quo-

338 2337 499 2396 niam
521 2337 784 2410 quidem,
800 2343 865 2394 ut
887 2339 1256 2396 institoribus
1277 2339 1345 2373 ³⁸³
1361 2338 1739 2394 narrantibus
1762 2336 1990 2409 agnovi,

287 2485 290 2488 _
339 2426 682 2498 huiusmodi
732 2425 984 2482 libenter
1029 2425 1349 2498 imperator
1393 2425 1630 2482 nuntios
1661 2425 1928 2496 suscipit.
1965 2447 1992 2475 ››

339 2513 582 2571 Talibus
611 2519 890 2587 praeterea
917 2513 1099 2571 Willa
1125 2516 1370 2571 confusa
1401 2514 1794 2581 sermonibus,
1821 2513 1993 2569 lacri-

339 2603 454 2660 mis
483 2603 684 2661 eil'usis
715 2603 994 2662 latentem
1027 2605 1135 2660 sub
1167 2605 1339 2660 corde
1370 2603 1555 2676 aperit
1581 2602 1810 2659 cunctis
1840 2601 1997 2657 dolo-

341 2705 487 2748 rem.
517 2693 731 2750 Servus
761 2698 980 2760 autem,
1016 2697 1082 2748 ut
1101 2710 1302 2749 eorum
1335 2711 1510 2749 suum
1541 2697 1652 2760 est,
1684 2693 1814 2764 ejus
1845 2691 1997 2762 deje-

341 2780 532 2840 ctione
563 2798 679 2838 non
711 2781 903 2838 solum
930 2799 1045 2838 non
1069 2781 1408 2848 inclinatus,
1440 2799 1643 2839 verum
1666 2781 1842 2837 etiam
1875 2780 1996 2836 ani-

343 2872 560 2937 matus,
593 2867 700 2926 hec
731 2871 804 2927 ad
853 2872 1327 2944 exaggerandum
1377 2870 1595 2928 doloris
1647 2869 1862 2928 vulnus
1894 2870 1995 2926 ad-

336 2955 485 3031 jecit
506 2972 520 3015 :

1077 3051 1284 3106 Versus.

421 3158 442 3187 ι
476 3133 678 3204 Willa,
703 3135 844 3210 quid
871 3135 1133 3196 insanis?
1162 3153 1373 3193 aurum
1388 3138 1543 3210 quod
1562 3137 1809 3194 condere
1831 3135 1997 3192 etscis

417 3225 634 3300 Incipis
665 3227 723 3282 in
754 3225 1078 3283 membris?
1107 3243 1211 3300 pro
1243 3244 1358 3283 non
1391 3227 1594 3284 audita
1623 3226 1875 3300 cupido?

413 3313 632 3372 Allecto
665 3314 834 3372 furiis
863 3331 1134 3388 gemmas
1167 3316 1226 3371 in
1260 3332 1497 3388 corpore
1529 3317 1734 3372 condis
1759 3317 1844 3370 ’3‘.

416 3403 701 3464 Matribus
731 3403 1034 3462 insolitum
1065 3403 1211 3462 tales
1241 3405 1560 3477 producere
1590 3409 1814 3478 partus,

415 3495 564 3552 Hinc
593 3492 699 3550 tibi
729 3492 894 3551 nulla
919 3494 1118 3551 decem
1149 3494 1406 3551 tulerant
1437 3495 1672 3551 fastidia
1703 3511 1956 3551 menses.

414 3583 587 3640 Alma
605 3597 840 3657 parens,
870 3582 1017 3641 tales
1047 3583 1218 3641 nobis
1243 3583 1401 3640 haud
1435 3584 1634 3654 desine
1661 3585 1835 3640 fmtus

415 3673 616 3741 Edere,
648 3673 748 3746 qui
776 3672 897 3729 nati
928 3676 1206 3746 superent
1233 3677 1290 3729 te
1322 3677 1486 3729 aetate
1517 3672 1848 3746 parentem!
1889 3695 1917 3722 ››

418 3761 585 3818 Talia
613 3762 914 3818 cunctanti
947 3760 1164 3818 collum
1196 3767 1565 3835 percusserat
1595 3781 1748 3819 unus

417 3848 694 3922 Impiger,
728 3865 795 3905 ac
826 3849 1020 3905 verbis
1049 3849 1247 3922 ipsum
1279 3848 1543 3923 culparat
1573 3851 1809 3908 amaris.

349 3935 452 3998 His
481 3936 563 3994 ita
603 3937 876 4010 peractis,
910 3937 1144 3996 Balteus
1193 3937 1318 4012 regi
1349 3938 1681 4008 adducitur,
1725 3957 1908 4012 eaque
1940 3941 2001 3996 in

349 4023 751 4098 Burgundiam
764 4025 1113 4082 destinatur.
1143 4026 1588 4100 Utrumtamen,
1613 4047 1741 4102 qua:
1763 4029 2003 4085 abscon-

348 4113 454 4182 dit,
488 4117 591 4172 aut
619 4113 719 4188 qui
743 4132 809 4172 eo
830 4113 1125 4190 inquirere
1148 4116 1352 4188 jussit,
1373 4117 1584 4174 fmdius
1603 4119 1804 4191 egerit,
1823 4119 2001 4175 michi

348 4204 588 4280 quidem
619 4203 850 4261 videtur
898 4204 1325 4277 amphibolum.
1363 4207 1571 4279 Liquet
1601 4212 1817 4277 tamen,
1846 4209 2002 4280 quod

347 4299 593 4367 uterque
615 4291 799 4352 nimia
822 4294 900 4351 sit
921 4294 1049 4352 auri
1075 4311 1560 4370 gemmarumque
1589 4297 1864 4371 cupidine
1884 4298 2007 4354 ani-

350 4388 566 4442 matus.

422 4475 509 4530 12.
529 4473 1016 4546 Burgundionum
1035 4479 1316 4548 praeterea
1330 4491 1430 4532 rex
1448 4475 1735 4533 Rodulfus
1756 4481 2006 4534 mortem

349 4560 496 4618 obiit
523 4561 636 4632 (an.
669 4561 774 4615 9T7
805 4562 950 4634 Sept.
977 4563 997 4632 )
1025 4565 1195 4636 cujus
1235 4563 1473 4622 viduam
1504 4565 1740 4622 nomine
1770 4567 2007 4623 Bertam

352 4666 453 4706 rex
483 4649 668 4724 Hugo,
700 4648 866 4719 Alda,
919 4651 1174 4708 Lotharii
1205 4653 1359 4726 regis
1390 4654 1492 4710 ﬁlii
1544 4655 1636 4710 sui
1669 4661 1877 4726 matre,
1909 4657 2007 4712 de-

353 4738 572 4806 functa,
605 4737 859 4794 maritali
891 4739 1002 4795 sibi
1051 4742 1324 4816 oonjugio
1356 4743 1616 4800 sotiarat.
1651 4745 1762 4801 Sed
1795 4749 1852 4801 et
1887 4746 2006 4804 ﬁlio

354 4843 482 4896 suo,
516 4825 637 4901 regi
668 4826 960 4900 Lothario,
1013 4829 1244 4887 Rodulﬁ
1285 4835 1341 4886 ct
1372 4831 1558 4904 ipsius
1589 4833 1768 4890 Bertaa
1811 4839 2010 4892 natam

2112 660 2197 726 ut,
2231 657 2279 711 si
2313 661 2475 729 pater
2507 661 2776 722 matrem,
2809 671 2945 710 cum
2978 653 3097 711 sint
3134 653 3252 709 duo
3283 669 3487 718 unum,
3529 664 3774 707 uxorem

2109 745 2378 818 accipiat,
2413 745 2570 802 ﬁlius
2603 745 2784 801 ﬁliam
2805 761 2921 801 non
2947 743 3074 801 sine
3105 747 3272 800 reatu
3295 742 3482 798 valeat
3497 739 3609 797 sibi
3630 755 3774 796 con-

2100 835 2269 905 jugio
2302 833 2594 904 copulare.

2181 924 2265 977 13.
2293 923 2457 993 Hugo
2480 924 2546 956 ’35
2569 921 2821 994 denique
2842 923 3168 978 multarum
3191 918 3654 977 concubinarum
3677 917 3779 972 de-

2105 1014 2309 1080 ceptus
2327 1010 2655 1078 inlecebris,
2687 1013 2987 1082 praefatam
3009 1012 3136 1080 conj
3147 1027 3316 1082 ugem
3342 1026 3510 1064 suam
3535 1010 3775 1064 Bertam

2106 1097 2353 1152 maritali
2377 1115 2489 1152 non
2510 1097 2700 1153 solum
2724 1115 2838 1153 non
2870 1099 3044 1170 coepit
3061 1114 3260 1152 amore
3284 1097 3544 1168 diligere,
3562 1109 3775 1152 verum

2104 1186 2294 1240 modis
2326 1185 2601 1240 omnibus
2651 1201 2949 1254 execrare;
3005 1187 3162 1256 quod
3195 1202 3373 1256 quam
3419 1185 3779 1254 Deusjuste

2103 1273 2378 1345 punierit,
2409 1275 2535 1329 suis
2582 1273 2639 1328 in
2672 1273 2816 1330 locis
2867 1291 3080 1346 ponere
3113 1291 3230 1329 non
3267 1272 3510 1345 pigebit.
3539 1273 3775 1328 Verum

2098 1378 2232 1418 cum
2246 1362 2538 1418 nonnulla
2560 1368 2758 1418 essent
2773 1363 3094 1418 concubine
3106 1368 3224 1419 tres
3237 1378 3418 1434 supra
3433 1360 3761 1416 caeteras”6

2101 1452 2446 1524 turpissimo
2465 1469 2695 1508 armore
2717 1453 2989 1508 ardebat:
3019 1451 3310 1517 Pezolam,
3331 1449 3768 1505 vilissimorum

2101 1556 2403 1595 servorum
2416 1541 2771 1613 sanguine287
2787 1545 3026 1608 cretam,
3046 1558 3115 1595 ex
3129 1556 3246 1612 qua
3258 1543 3314 1594 et
3332 1543 3538 1593 natum
3553 1537 3768 1610 gen-uit

2101 1628 2338 1684 nomine
2356 1634 2705 1701 Boso,quem
2720 1631 2786 1663 ²⁸⁸
2805 1630 2861 1683 in
2883 1627 3218 1684 Placentina
3232 1631 3362 1699 post
3375 1625 3644 1682 Widonis
3665 1627 3771 1683 ob-

2101 1718 2758 1790 itum(114)episcopum
2773 1716 3063 1773 ordinavit
3077 1716 3323 1772 ecclesia
3339 1733 3352 1782 ;
3369 1716 3582 1770 Rozam
3599 1715 3769 1772 dein-

2100 1806 2191 1871 de,
2214 1806 2494 1878 Walperti
2513 1805 2784 1878 superius
2805 1806 3109 1860 memorati
3128 1805 3308 1861 ﬁliam
3335 1803 3765 1876 decollati,quas

2101 1895 2154 1950 ei
2186 1895 2345 1950 mirae
2377 1894 2795 1967 pulcritudinis
2827 1893 3053 1968 peperit
3083 1898 3284 1949 natam
3312 1911 3324 1961 ;
3363 1893 3595 1952 tertiam
3626 1894 3766 1952 Ste-

2103 1984 2404 2057 phaniam,
2438 2001 2649 2057 genere
2681 1985 3029 2052 Romanam,
3061 2000 3190 2055 quae
3221 1986 3281 2038 et
3313 1981 3502 2038 ﬁlium
3536 1981 3766 2055 peperit

2103 2075 2340 2129 nomine
2371 2073 2756 2142 Tedbaldum,
2783 2091 2957 2145 quem
2990 2072 3370 2145 postmodum
3396 2072 3456 2127 in
3488 2071 3768 2132 Mediola-

2103 2163 2269 2220 nensi
2288 2162 2500 2218 eclesia
2521 2162 2988 2219 archidiaconem
3003 2179 3071 2218 ea
3095 2162 3318 2217 ratione
3342 2160 3762 2228 censtituit,ut,

2105 2253 2378 2308 defuncto
2410 2251 2868 2325 archiepiscopo,
2903 2256 3032 2323 ejus
3078 2252 3203 2324 ipse
3232 2250 3483 2308 vicarius
3512 2266 3765 2322 ponere-

2103 2345 2218 2396 tur.
2252 2341 2400 2406 Quid
2421 2346 2617 2397 autem
2641 2341 2834 2408 fuerit,
2861 2342 3016 2413 quod
3040 2341 3309 2398 effectum
3334 2341 3486 2398 Deus
3506 2339 3634 2396 haec
3650 2339 3764 2396 ha-

2102 2431 2238 2485 bere
2271 2447 2385 2486 non
2417 2431 2637 2497 siverit,
2670 2431 2787 2485 vita
2816 2431 3049 2498 comite,
3083 2429 3429 2486 scribendas
3470 2429 3616 2483 ordo
3646 2445 3762 2484 nu-

2105 2519 2286 2574 dabit.
2322 2519 2432 2576 Sed
2461 2524 2518 2575 et
2549 2520 2802 2591 populus
2832 2519 2940 2575 has
2958 2519 3032 2575 ob
3064 2517 3252 2590 turpis
3274 2515 3658 2589 impudicitia)
3681 2517 3765 2574 fa-

2105 2608 2274 2664 cinus
2306 2609 2549 2664 dearum
2582 2608 2944 2676 nominibus,
2979 2607 3245 2664 Pezolam
3277 2605 3544 2663 videlicet
3572 2605 3760 2662 Vene-

2106 2713 2252 2763 rem,
2286 2698 2501 2754 Rozam
2517 2698 2831 2765 JunOnem,
2849 2697 2921 2754 ob
2946 2696 3307 2752 simultatem
3333 2700 3390 2752 et
3406 2698 3761 2768 perpetuum

2106 2786 2329 2854 odium,
2348 2787 2626 2859 quoniam
2652 2787 2891 2859 quidem
2909 2803 2976 2844 ea
2996 2786 3323 2842 secundum
3344 2785 3541 2841 carnis
3561 2788 3762 2856 putre-

2107 2875 2306 2932 dinem
2351 2876 2458 2931 hac
2515 2876 2824 2948 spatiosior
2853 2876 3179 2942 videbatur,
3215 2873 3598 2947 Stephaniam
3626 2890 3764 2930 vero

2106 2963 2373 3021 Semelen
2416 2965 2726 3037 apellabat.
2777 2966 2848 3021 Et
2876 2965 3155 3037 quoniam
3196 2980 3313 3019 non
3345 2979 3444 3020 rex
3473 2961 3640 3020 solus
3668 2962 3764 3020 his

2107 3055 2479 3121 abutebatur,
2495 3071 2695 3110 earum
2714 3054 2834 3112 nati
2852 3070 2920 3110 ex
2933 3055 3171 3111 incertis
3194 3053 3460 3126 patribus
3475 3051 3762 3125 originem

2108 3143 2351 3198 ducnnt.

2183 3233 2266 3287 14.
2301 3233 2380 3287 Eo
2406 3231 2466 3287 in
2497 3236 2759 3304 tempore
2778 3249 2875 3288 rex
2899 3232 3230 3298 Heinrieus,
3256 3231 3313 3286 in
3345 3229 3586 3287 castello
3603 3229 3760 3301 quod

2033 3306 2167 3378 Cest
2199 3321 2258 3376 in
2297 3321 2724 3393 Turingiorum
2751 3326 2806 3377 et
2837 3322 3135 3377 Saxonum
3159 3319 3421 3376 conﬁnio
3445 3323 3506 3376 et
3531 3318 3750 3374 dicitur

2105 3409 2438 3466 Himenleve
2471 3410 2638 3480 (115),
2687 3409 3034 3482 gravissima
3071 3407 3406 3465 valetudine
3433 3411 3760 3479 correptus,

2106 3498 2378 3572 migravit
2406 3499 2478 3554 ad
2510 3499 2825 3554 Dominum
2857 3501 2973 3572 (an.
3004 3499 3131 3569 936,
3161 3498 3274 3554 Jul.
3300 3498 3378 3567 2).
3412 3496 3595 3568 Cujus
3624 3512 3762 3551 oor-

2107 3606 2219 3662 pus
2245 3588 2303 3643 in
2325 3589 2392 3622 ²⁸⁹
2413 3588 2724 3644 Saxoniam
2743 3588 3140 3660 deportatum,
3164 3587 3224 3641 in
3255 3584 3762 3644 nobilissimarum

2109 3695 2174 3733 ac
2189 3677 2594 3749 religiosarum
2609 3676 2962 3733 monasterio
2977 3674 3488 3748 puellarum,quod
3502 3673 3564 3730 in
3577 3672 3770 3746 ipsius

2110 3767 2262 3840 regis
2311 3765 2524 3839 praedio
2575 3765 2856 3822 vocabulo
2903 3763 3352 3837 Quitelingburg
3398 3763 3550 3834 (116)
3581 3762 3768 3818 situm

2110 3855 2315 3928 liquet,
2351 3855 2506 3911 intra
2535 3854 2808 3912 eclesiam
2822 3871 2957 3910 cum
2976 3853 3267 3910 immensa
3287 3857 3378 3909 est
3396 3849 3771 3908 veneratione

2111 3946 2454 4017 repositum.
2488 3944 2596 4001 Ubi
2627 3948 2683 4000 et
2711 3943 3057 4000 venerabilis
3077 3943 3206 4014 ejus
3237 3942 3452 4013 eonjux
3481 3940 3767 4013 regnique

2112 4052 2352 4092 consors
2397 4052 2466 4090 ex
2511 4035 2718 4090 eadem
2766 4038 2958 4106 gente,
3005 4033 3243 4089 nomine
3275 4030 3578 4098 Mnohtild,
3612 4028 3771 4085 ultra

2113 4141 2317 4180 omnes
2340 4141 2488 4196 quas
2520 4123 2765 4179 viderim
2796 4127 2854 4178 et
2877 4121 3166 4178 audierim
3197 4124 3647 4194 matronas,pro
3672 4117 3773 4172 de-

2113 4212 2386 4270 lictorum
2405 4212 2733 4285 expiatione
2753 4211 2995 4268 cmlebre
3015 4209 3398 4282 exequiarum
3419 4206 3675 4265 oﬁitium
3691 4204 3776 4259 vi-

2113 4318 2363 4375 vamque
2404 4303 2520 4359 Deo
2567 4301 2820 4358 hostiam
2854 4301 3060 4358 offerre
3107 4316 3224 4360 non
3269 4295 3569 4354 desinitm
3600 4295 3775 4366 (117).

2116 4391 2247 4447 Haec
2276 4395 2408 4446 ante
2431 4390 2596 4463 regni
2629 4389 3062 4462 susceptionem
3093 4388 3218 4444 viro
3248 4403 3356 4444 suo
3387 4385 3581 4442 ﬁlium
3608 4397 3779 4455 pepe-

2117 4481 2213 4552 rit,
2247 4497 2422 4552 quem
2444 4479 2668 4536 vocavit
2697 4478 3070 4546 OTTONEM,
3087 4477 3292 4545 istum,
3311 4475 3583 4546 inquam,
3603 4473 3781 4543 cujus

2118 4571 2324 4626 mundi
2353 4573 2545 4642 partes
2562 4568 2925 4641 aquilonaris
2947 4573 3006 4624 et
3021 4567 3264 4623 occidua
3287 4563 3547 4637 potentia
3571 4577 3784 4632 regun-

2038 4680 2086 4745 Β
2117 4659 2545 4731 tur,sapiaantia
2562 4659 2962 4730 paciﬁcantur,
2980 4657 3262 4728 religione
3284 4654 3576 4745 laztantur,
3596 4649 3781 4745 justi-

2121 4766 2232 4821 que
2254 4747 2465 4821 judicii
2497 4748 2801 4804 severitate
2829 4750 3142 4804 terrentur.
3162 4745 3300 4801 Post
3329 4743 3556 4815 regiam
3582 4743 3783 4798 autem

2120 4837 2466 4909 dignitatem
2485 4837 2636 4892 duos
2651 4835 2897 4908 peperit,
2934 4850 3120 4891 unum
3143 4849 3318 4905 quem
3337 4829 3521 4904 patris
3539 4827 3784 4886 nomine

354 4913 589 4976 nomine
608 4914 1158 4990 Adclegidam,cum
1176 4920 1366 4978 forma
1385 4921 1865 4979 honestissimam
1884 4931 2012 4982 tum
2119 4927 2346 4983 vocavit
2376 4926 2737 4992 Heinricum,
2772 4924 2982 4981 facetia
3010 4923 3159 4980 satis
3187 4926 3486 4988 ornatum,
3519 4915 3788 4976 consiliis

356 5022 587 5062 morum
619 5005 905 5079 probitate
937 5007 1276 5080 gratiosam,
1309 5013 1622 5085 conjugem
1654 5012 1788 5068 tulit
1818 5015 2008 5086 (Dea).

2123 5013 2461 5089 prouidum,
2495 5013 2693 5070 vultus
2716 5013 2903 5068 nitore
2929 5012 3282 5086 gratiosum,
3303 5007 3610 5070 oculorum
3638 5005 3791 5078 vigi-

1720 5111 1959 5169 VARI/E
1999 5112 2303 5171 LECTION
2310 5113 2413 5168 ES.

430 5185 500 5219 ²⁷⁹
524 5183 815 5240 euertitite
849 5187 895 5242 1.

1001 5186 1070 5220 ²⁸⁰
1099 5187 1389 5260 poterisl.
1466 5190 1530 5222 ²⁸¹
1567 5188 1973 5248 inverecundis
2007 5197 2055 5250 1.
2133 5194 2200 5228 ²⁸²
2222 5193 2293 5248 cf.
2327 5193 2555 5250 Terent.
2634 5193 2702 5228 ²⁸³
2734 5191 3176 5248 institutoribus
3210 5192 3261 5247 1.
3329 5189 3398 5225 ²⁸⁴
3428 5185 3625 5260 cordis
3657 5184 3788 5240 1.2.

359 5257 426 5337 ιξδ
456 5256 578 5337 ligo
708 5257 1073 5337 _’85_ce_tzeras
1099 5256 1158 5337 '1:
1347 5274 1666 5337 sueuorum
1698 5263 1729 5337 4
1761 5280 1814 5337 a.
1881 5265 1960 5337 7’33
2004 5281 2182 5337 quam
2220 5266 2268 5320 1.
2346 5265 2518 5320 “hac
2559 5280 2683 5320 voce
2727 5265 3082 5337 prosequitur
3111 5264 3165 5317 3.
3243 5261 3311 5297 ²⁹⁰
3358 5259 3588 5317 desinet
3641 5272 3790 5314 corr.

360 5327 577 5386 desinit
605 5328 658 5385 1.
691 5327 922 5385 desinat
949 5330 1001 5384 2.
1037 5329 1252 5386 desinit
1280 5331 1316 5385 5
1344 5346 1397 5386 a.
1432 5331 1463 5384 4
1494 5347 1532 5384 a
1552 5333 1572 5353 "
1605 5331 1813 5388 desivit
1842 5327 2075 5405 Ηενυαξι.

1952 5433 2185 5489 NOTAE.

435 5505 589 5579 (114)
618 5506 784 5561 Anno
813 5506 944 5580 945,
963 5506 1020 5580 d.
1045 5507 1224 5580 Mart.
1260 5507 1440 5580 11,~in
1471 5505 1617 5562 vivis
1648 5513 1772 5564 erat
1801 5510 2007 5580 Wido;

366 5577 520 5634 anno
551 5580 853 5704 sequente,
887 5577 943 5630 d.
997 5577 1096 5657 14..
1135 5577 1324 5657 Febr.,
1360 5578 1646 5660 Bosonem
1677 5577 2020 5658 episcopum

366 5649 436 5704 55
464 5648 618 5704 oﬁ‘en
664 5663 842 5704 imus.
897 5646 1119 5704 Camm.
1177 5648 1323 5704 Hist.
1377 5649 1435 5704 ὼ
1475 5649 1756 5704 Placenza
1785 5671 1824 5704 ι.
1877 5655 2018 5704 488-;

664 5646 842 5704 imus.
897 5646 1119 5722 Campi.
1177 5648 1323 5706 Hist.
1377 5649 1435 5706 di
1475 5646 1824 5721 Piacenz‘ar,
1877 5646 2018 5720 2188;

365 5649 436 5704 55
464 5648 618 5704 oll‘en

369 5736 410 5789 ι,
440 5718 568 5774 263.

2191 5513 2341 5584 (115)
2371 5513 2687 5570 Memleben.

2203 5584 2352 5660 (116)
2387 5585 2778 5660 ρμρςίιίηὺψῖσο

2205 5652 2350 5724 (117)
2384 5656 2539 5712 Obiit
2570 5658 2624 5713 d.
2658 5652 2746 5714 lli.
2783 5655 2953 5712 Mart.
2986 5670 3082 5722 an,
3115 5652 3242 5710 968.
