3962 6378
154 419 284 481 865

1110 419 1736 485 ANTAPODOSEOS
1783 420 1991 484 LIBRI
2039 421 2208 485 SEX.
2242 421 2498 487 -—LIB.
2547 422 2651 489 Ιν.

3477 427 3598 489 866

159 551 355 610 lautia
382 552 679 626 placidum
708 572 720 623 ;
755 554 926 626 cujus
959 555 1174 610 recenti
1201 573 1304 628 pro
1337 556 1696 628 funereum)
1711 574 1828 614 non
1861 560 1913 626 Α
1945 558 2079 613 dine
2109 559 2416 614 aberravit.
2452 559 2599 633 Ergo
2631 576 2756 634 age,
2791 577 2980 633 nequc
3013 560 3169 618 enim
3203 559 3308 617 tibi
3352 562 3602 634 deerunt

163 642 496 698 mediocres
528 643 723 699 adhuc
747 643 1024 700 lacrimas
1049 645 1653 701 fundimus.'l‘crcium
1673 647 1832 702 dein-

161 731 239 786 de
270 735 466 788 Bruno
497 733 734 790 nomine
767 734 938 806 (“9),
972 751 1149 805 quem
1181 740 1346 806 pater
1390 739 1651 803 sanctus,
1686 753 1832 808 quo-

1941 646 2156 718 copiac;
2193 647 2430 703 fratrem
2465 649 2644 714 deice,
2679 665 2926 722 regnum
2959 651 3196 724 accipe;
3248 651 3442 723 sitque
3492 650 3598 705 tibi

1942 736 2227 808 regnandi
2257 735 2529 807 facultas,
2558 739 2653 793 cui
2685 739 2920 806 accidit,
2953 743 3067 794 Deo
3115 739 3419 812 largiente,
3452 743 3508 795 ct
3540 739 3598 794 in

162 820 1572 894 niamNordmanniTrajectensemdestruxcrant
1594 825 1832 881 omnino
1943 825 2144 880 eadem
2179 825 2463 898 dignitate
2496 826 2790 884 nativitas.

159 907 465 970 eclesiam,
493 913 565 965 ob
597 911 861 982 ejusdem
894 913 1396 984 recuperationem
1431 912 1619 968 eidem
1650 913 1835 968 voluit

161 997 447 1054 militare.
475 999 693 1056 Verum
727 1005 789 1056 ut
822 1002 1070 1056 istorum
1105 1006 1270 1057 actus
1305 1002 1430 1057 suis
1462 1001 1520 1054 in
1554 1001 1697 1057 locis
1746 1000 1830 1058 la-

161 1086 289 1142 tius
321 1086 705 1160 explicemus,
741 1090 811 1145 ad
848 1090 1214 1162 propositum
1250 1091 1580 1146 redeamus.

243 1178 330 1232 15.
351 1176 592 1241 Quanta:
615 1179 790 1234 fuerit
813 1179 1138 1250 prudentiae
1161 1183 1513 1252 quantaque
1545 1197 1643 1234 rex
1666 1179 1836 1235 Hein-

159 1265 325 1322 ricus
358 1265 762 1334 scientie,hinc
794 1268 1026 1340 probari
1060 1269 1434 1341 potest,quod
1458 1268 1832 1340 potissimum

161 1371 233 1411 ac
267 1353 782 1427 religiosissimum
815 1360 1086 1412 natorum
1120 1374 1362 1414 suorum
1392 1374 1588 1431 regem
1621 1361 1834 1414 consti-

163 1443 308 1498 tuit.
334 1443 684 1500 Imminebat
713 1445 892 1512 enim,
926 1463 1023 1502 rex
1053 1446 1703 1519 prudentissime,obitu
1736 1452 1836 1502 tuo

165 1533 355 1589 totius
376 1534 574 1607 populi
600 1535 849 1602 casus,si
875 1539 1077 1591 tantus
1095 1535 1265 1608 regis:
1285 1535 1555 1608 dignitati
1573 1553 1686 1591 non
1702 1536 1837 1591 sub-

165 1621 700 1690 iretvicarius.Qua
729 1641 798 1679 ex
829 1641 890 1680 re
922 1625 979 1680 in
1006 1625 1314 1680 amborum
1346 1625 1520 1680 laude
1551 1623 1660 1680 hos
1693 1642 1836 1696 pan-

173 1710 380 1785 gimus
406 1729 611 1769 versus
646 1730 658 1768 :

392 1808 523 1875 Ipse
555 1803 654 1874 qui
691 1803 940 1858 condam
974 1819 1254 1875 superare
1279 1807 1480 1875 gentes

393 1892 611 1962 Impias
643 1891 792 1947 bello
827 1891 1035 1947 solitus
1069 1896 1333 1958 cruento,

400 1979 680 2035 Novimus
713 1997 886 2049 nunc,
921 1996 1039 2048 rex,
1074 1981 1304 2036 dederis
1337 1979 1564 2054 popello

401 2069 583 2125 Morte
614 2073 676 2124 tu
712 2074 964 2142 quantas
996 2068 1230 2142 propria
1258 2069 1480 2126 ruinas.

395 2160 595 2214 Turba
625 2159 891 2214 certatim
922 2159 1160 2214 viduata
1189 2161 1327 2214 karo

397 2246 572 2319 Rege,
597 2247 724 2318 jam
757 2251 944 2303 cesset
972 2246 1300 2315 lacrimare,
1336 2248 1570 2318 quando

390 2334 550 2391 Alter
579 2336 810 2407 exurgit
838 2337 1208 2392 venerandus
1239 2335 1386 2404 orbi,

393 2424 596 2489 Filius,
625 2425 776 2498 patri
809 2425 1021 2481 similis
1053 2425 1271 2481 cluenti

391 2513 522 2570 Otto
553 2531 673 2583 rex,
707 2519 910 2587 gentes
937 2515 1166 2570 dicione
1195 2531 1412 2587 magna

392 2602 500 2667 Qui
532 2607 780 2676 premet,
805 2620 1128 2675 pacemque
1160 2604 1302 2659 feret
1331 2604 1582 2658 beatam.

392 2691 680 2763 Quicquid
715 2691 945 2746 Henrici
977 2691 1150 2762 periit
1188 2707 1442 2758 recessu,

392 2780 655 2836 Prestitit
686 2779 842 2836 claro
874 2779 1106 2853 populis
1137 2780 1233 2835 hic
1261 2785 1412 2847 ortu,

393 2867 654 2924 Blandus
687 2872 744 2924 et
776 2868 938 2941 mitis
972 2868 1316 2940 patiensque
1348 2868 1589 2934 sanctis,

396 2956 640 3012 Pestifer
669 2958 853 3012 durus
887 2959 948 2992 39'
985 2958 1342 3030 rabidusque
1373 2957 1562 3013 saevis.

395 3045 553 3102 Bella
583 3045 889 3102 nonnullis
916 3047 1016 3102 tibi
1053 3052 1192 3102 sunt
1220 3048 1512 3119 gerenda;

402 3136 484 3191 Ex
513 3135 730 3208 quibus
763 3152 972 3191 nomen
1007 3137 1264 3191 referens
1298 3136 1355 3190 in
1389 3140 1566 3204 astra,

392 3225 616 3280 Cuncta
647 3225 899 3280 calcabis
932 3225 1179 3297 pedibus
1212 3242 1315 3298 per
1347 3226 1568 3292 orbem,

393 3315 528 3378 Quae
563 3314 776 3386 premit
804 3315 1010 3370 tardus
1043 3313 1280 3370 radians
1307 3315 1535 3385 Bootes,

387 3404 457 3460 Et
482 3403 699 3475 quibus
733 3420 946 3459 nomen
978 3404 1139 3459 dedit
1167 3405 1390 3476 Hesper
1419 3403 1614 3460 almus
1645 3423 1657 3459 :

394 3491 628 3548 Lucifer
657 3509 864 3547 rursus
894 3492 1184 3547 vocitatus
1215 3492 1392 3559 idem,

388 3581 590 3655 Surgit
607 3582 674 3616 ²⁹²
691 3581 1120 3652 Eoo[sril.cum]
1139 3596 1458 3653 preperans
1485 3597 1728 3636 corusco
1749 3581 1837 3652 ηδ,

243 3671 337 3726 46.
373 3673 624 3726 Duxerat
652 3669 806 3725 idem
843 3685 939 3724 rex
973 3669 1106 3724 Otto
1139 3672 1272 3724 ante
1305 3669 1468 3741 regni
1520 3669 1842 3741 susceptio.

169 3776 313 3817 nem
345 3776 415 3816 ex
444 3759 764 3833 Anglorum
801 3762 971 3831 gente
1004 3757 1376 3813 nobilissima
1425 3757 1579 3830 regis
1628 3757 1839 3813 Hadel-

168 3850 330 3907 stani
361 3850 559 3905 fratris
583 3846 1040 3918 ﬁliam(120)sibi
1064 3862 1328 3914 uxorem,
1352 3846 1590 3902 nomine
1610 3845 1836 3919 Otgith;

169 3957 244 3996 cx
276 3955 395 4011 qna
415 3943 473 3994 et
495 3937 683 3993 filium
706 3935 1176 4010 genuit,nomine
1201 3934 1642 3991 LIUT-OLFUM.
1659 3934 1840 4007 Cujus

169 4029 248 4084 ob
279 4031 572 4083 recentem
593 4027 888 4098 jacturam
948 4025 1092 4097 (121)
1151 4023 1432 4096 quociens
1493 4023 1839 4080 memoriam

170 4117 431 4191 agimus,
463 4115 727 4173 lacrimis
760 4116 955 4171 sinum
986 4113 1305 4186 replemus.
1340 4114 1382 4168 Ο
1435 4113 1484 4169 si
1535 4130 1838 4186 nunquam

173 4209 378 4274 natus,
411 4210 515 4262 aut
541 4223 653 4261 non
689 4210 810 4261 tam
840 4209 1069 4260 mature
1098 4204 1412 4260 defunctus
1438 4207 1593 4259 esset
1619 4203 1631 4258 l

248 4297 336 4351 17.
363 4295 485 4364 (An.
517 4294 678 4356 939.)
708 4296 830 4361 Quo
865 4294 923 4349 in
957 4297 1221 4365 tempore
1244 4293 1399 4365 regis
1432 4293 1695 4363 ejusdem
1724 4292 1838 4347 fra-

168 4391 263 4442 ter
288 4384 603 4441 'Hcinricus
627 4384 998 4456 quorundam
1025 4399 1429 4455 perversorum
1453 4381 1746 4438 instinctu
1767 4381 1844 4437 ei-

169 4475 308 4530 dem
340 4478 430 4531 est
452 4472 704 4529 nimium
739 4473 1101 4529 adversatus.
1129 4473 1182 4527 Is
1214 4471 1502 4543 enim,qui
1532 4474 1667 4543 post
1686 4487 1841 4525 crea—

170 4563 355 4620 tionis
387 4580 508 4619 sua:
538 4579 673 4618 mox
731 4559 1120 4618 clarissimam
1179 4561 1527 4634 dignitatem
1585 4559 1841 4616 Creatori

2689 919 2710 946 Ῐ

2689 919 2710 946 γ

2014 1002 2100 1056 18.
2127 1002 2432 1075 Regnandi
2463 1003 2568 1059 tibi
2595 918 3045 1076 qiiigrjuienum
3079 1009 3200 1060 tam
3233 1005 3361 1062 dira
3391 1005 3602 1079 cupido

2018 1121 2020 1123 ν
2086 1090 2316 1162 Optime
2348 1093 2701 1163 Saxigenum
2723 1095 2750 1148 ‘2
2783 1093 3059 1149 Prohibet
3089 1094 3263 1162 Deus,

1944 1178 2107 1233 Haud
2134 1184 2299 1250 pater
2318 1181 2645 1249 Heinricus;
2661 1183 2821 1237 dedit
2843 1182 2892 1237 is
2911 1183 3051 1254 quia
3072 1187 3608 1256 sceptra;monebat

2087 1269 2454 1341 Astripotens
2486 1270 2676 1326 bonus
2709 1270 2833 1344 ipse
2862 1276 3014 1327 Deus
3047 1271 3202 1344 pius.

1945 1358 2067 1424 Quo
2090 1358 2216 1412 sine
2243 1374 2346 1414 nec
2369 1375 2617 1430 regnum
2649 1360 2897 1432 capitur,
2933 1377 3038 1415 nec
3065 1364 3332 1434 tempora
3362 1362 3602 1419 sistunt.

2089 1446 2376 1518 Quicquid
2409 1447 2466 1500 in
2499 1448 2638 1503 orbe
2670 1447 2825 1503 Deus
2857 1448 3079 1521 geritur
3099 1450 3292 1520 jubet,

1947 1535 2054 1590 Per
2074 1551 2248 1606 quem
2276 1536 2408 1606 jura
2429 1536 2609 1592 duces
2631 1542 2877 1592 cernunt
2899 1554 3182 1610 regesque
3213 1538 3601 1612 triumphant.

2092 1624 2403 1679 Fraternas
2434 1624 2590 1680 acies
2621 1641 2776 1680 nunc
2809 1643 2966 1681 nunc
2998 1625 3151 1681 male

1947 1711 2271 1768 Conﬂctare
2304 1713 2490 1784 cupis,
2521 1712 2716 1780 fallax,
2751 1713 3029 1782 crudelis,
3061 1715 3262 1787 inique
3283 1716 3310 1770 ‘?

2094 1805 2121 1866 ’ί
2159 1800 2340 1874 Impie
2374 1801 2687 1856 Leviathan
2724 1801 3065 1870 Behemoth,
3088 1821 3262 1875 paras

1871 1927 1920 1994 Β
1949 1889 2272 1961 Antiquam
2309 1906 2585 1946 renovare
2619 1895 2720 1946 tua
2743 1892 2870 1962 jam
2903 1892 3122 1974 fraude.
3139 1892 3425 1949 duellum.

2095 1978 2351 2034 Crimine
2382 1995 2486 2051 pro
2519 1985 2725 2035 cuncto
2756 1998 2959 2052 pmnas
2989 1980 3138 2049 lues,
3216 2045 3232 2060 ἢ

1952 2067 2068 2122 Hoc
2097 2067 2410 2138 reprobum
2435 2085 2717 2123 numerus
2740 2068 2987 2141 culpans
3009 2071 3164 2141 quod
3187 2074 3390 2142 peccat
3411 2071 3468 2126 in
3491 2087 3608 2128 alvo

2094 2155 2363 2226 Improbe
2396 2155 2750 2227 supplicium
2786 2158 2998 2214 referes
3027 2157 3205 2214 simul
3233 2176 3246 2227 ;

1950 2244 2016 2298 Et
2047 2259 2432 2316 quaecumque
2465 2244 2635 2301 malis
2668 2246 2954 2302 debentur
2979 2247 3253 2304 ﬂammea
3284 2247 3511 2305 cunctis

2089 2332 2358 2401 Vincula,
2389 2337 2555 2405 parta
2584 2333 2687 2388 tibi
2721 2335 2934 2391 misero
2961 2353 2974 2404 ;
3009 2353 3198 2408 neque

1949 2421 2278 2493 Ignivomas
2311 2421 2508 2478 herebi
2531 2423 2694 2493 juste
2725 2423 3020 2480 dimersus
3051 2426 3145 2494 [ad
3176 2424 3367 2483 undas
3395 2427 3486 2499 ἠις]

2091 2510 2373 2582 Perpetuo
2402 2515 2596 2566 tecum
2627 2529 2866 2568 arsuros
2897 2513 3096 2569 trahes

1948 2597 2324 2654 Christicolas
2349 2616 2362 2666 ;
2398 2599 2539 2670 quia
2567 2600 2616 2658 si
2649 2616 2765 2671 qua
2791 2618 2957 2657 sacro
2985 2603 3340 2675 baptismate
3367 2603 3471 2660 loti

2091 2687 2298 2743 Debita
2328 2691 2460 2760 post
2489 2691 2735 2757 traxere,
2765 2689 2866 2746 Dei
2897 2696 3098 2746 manet

1941 2775 2168 2844 Gratia,
2199 2793 2325 2847 quae
2359 2775 2556 2848 lapsos
2587 2777 2769 2833 erexit
2798 2779 3085 2852 sanguine
3114 2780 3318 2854 gratis.

2021 2865 2109 2920 l9.
2146 2865 2317 2920 Tanti
2345 2865 2526 2937 hujus
2557 2883 2622 2922 ac
2653 2867 2965 2940 perniciosi
3001 2869 3276 2927 facinoris
3315 2870 3454 2928 illex
3500 2872 3611 2930 He-

1947 2955 2230 3010 verardus
2262 2955 2451 3010 extitit
2480 2972 2695 3012 comes.
2716 2956 2903 3028 Hujus
2931 2958 3089 3014 enim
3123 2959 3326 3031 prima:
3349 2961 3612 3018 rebellio-

1950 3044 2043 3099 nis
2073 3048 2334 3116 tempore
2359 3043 2532 3110 (anno
2561 3047 2690 3114 938)
2729 3046 3034 3104 Heinricus
3059 3049 3223 3104 fratri
3256 3066 3362 3106 suo
3393 3051 3516 3123 regi
3557 3055 3614 3107 et

1949 3132 2211 3201 domino,
2246 3138 2420 3205 prout
2449 3135 2752 3205 debuerat,
2776 3136 3158 3193 amminicula
3191 3139 3616 3206 d'ederat,nisu-

1948 3239 2062 3294 que
2095 3221 2255 3278 omni
2287 3224 2650 3280 adversarios
2675 3225 3206 3298 fati'gabat.Verum
3226 3227 3616 3298 quiaincuria

1869 3297 1913 3364 C
1953 3328 2069 3367 non
2097 3310 2290 3368 solum
2321 3312 2746 3384 temporalibus
2775 3297 2976 3381 rebus,
3009 3315 3111 3370 sed
3155 3297 3388 3370 atternis
3435 3311 3614 3372 etiam

1949 3400 2185 3467 deditis,
2219 3405 2393 3472 atque
2426 3401 2485 3455 in
2514 3401 2646 3472 ipsa
2674 3401 2919 3457 internae
2961 3401 3476 3475 contemplationis
3527 3404 3612 3460 vi-

1949 3489 2114 3544 sione
2145 3489 2506 3560 constitutis,
2538 3489 2774 3561 lapsum
2799 3506 3228 3561 nonnunquam
3260 3495 3445 3561 parat,
3466 3496 3523 3548 et
3547 3497 3616 3549 ut

1949 3576 2225 3649 Vegetius
2258 3577 2520 3632 Renatus
2551 3577 2609 3631 in
2641 3577 2790 3632 libro
2832 3578 2915 3633 rei
2970 3575 3245 3634 militaris
3303 3579 3385 3634 ait
3446 3581 3612 3654 (-122),

1950 3665 2111 3738 quod
2141 3668 2448 3722 necessario
2476 3665 2716 3737 amplior
2734 3667 2997 3721 securitas
3016 3669 3242 3736 gravius
3261 3669 3396 3724 solet
3419 3668 3617 3726 habere

1947 3755 2265 3821 discrimen,
2299 3753 2633 3810 Heinricum
2667 3755 2924 3827 quodam
2957 3755 3015 3810 in
3051 3755 3225 3828 opido
3269 3762 3614 3815 manentem

1949 3843 2365 3916 incautiusque
2420 3859 2484 3900 se
2540 3848 2824 3912 tuentem,
2881 3843 3192 3916 predictus
3241 3845 3609 3904 Heverardus

1949 3933 2191 3990 collecta
2216 3931 2598 3990 multitudine
2627 3932 2949 4004 obsedit,ac
2980 3934 3329 4007 priusquam
3358 3935 3540 3992 frater
3563 3935 3615 3993 ei

1949 4039 2050 4080 rex
2081 4021 2515 4079 amminiculari
2539 4026 2757 4094 posset,
2780 4022 3152 4096 expugnavit,
3188 4039 3511 4096 secumque
3539 4025 3615 4080 il-

1950 4113 2075 4168 lum
2109 4117 2165 4168 et
2195 4129 2400 4186 gazam
2424 4129 2539 4167 non
2567 4129 2805 4184 parvam
2829 4112 2889 4168 in
2913 4113 3150 4185 propria
3175 4114 3612 4186 transportavit.

1951 4203 2071 4258 Rex
2100 4203 2285 4276 igitur
2313 4205 2544 4258 tantum
2577 4200 2796 4269 fratris,
2814 4201 2997 4258 immo
3029 4219 3228 4271 suum,
3256 4203 3498 4276 cupiens
3520 4204 3618 4260 de-

1950 4293 2132 4348 decus
2179 4291 2500 4360 vindicare,
2562 4291 2870 4364 praefatum
2924 4292 3322 4350 Hcverardum
3380 4291 3614 4366 sibique

1950 4382 2283 4438 coniventes
2313 4385 2398 4437 tot
2426 4381 2580 4454 cepit
2610 4381 2917 4436 conamine
2947 4382 3240 4454 persequi.

2019 4474 2109 4528 20.
2145 4471 2508 4528 Heverardus
2533 4487 2673 4527 sane
2701 4469 3092 4526 Gislebertum
3121 4470 3612 4545 Lotharingarum

1952 4562 2158 4617 ducem
2193 4578 2227 4616 a
2257 4559 2411 4631 regis
2442 4559 2723 4615 ﬁdelitate
2755 4559 3109 4630 sejunxerat,
3127 4561 3299 4632 cujus
3323 4560 3614 4632 adjutorio

168 4668 278 4711 auo
304 4668 366 4709 se
397 4652 652 4708 similem
687 4651 873 4706 facere
894 4650 1208 4723 voluit,pcr
1229 4650 1526 4705 auditores
1547 4667 1686 4706 suos
1718 4647 1844 4704 tali—
1874 4669 1920 4735 Ι)
1953 4651 2073 4723 regi
2098 4667 2213 4706 non
2241 4649 2470 4704 modice
2490 4649 2816 4726 resistebat.
2853 4651 3220 4722 Quamquam
3251 4651 3323 4685 ²⁹⁶
3342 4650 3500 4706 enim
3532 4649 3614 4706 iss

167 4745 284 4799 bus
317 4742 654 4798 Heinricum
688 4745 893 4796 contra
926 4740 1147 4806 fratris,
1199 4739 1382 4794 immo
1431 4739 1586 4812 regis
1635 4743 1691 4794 et
1738 4741 1840 4796 do-

167 4831 317 4888 mini
339 4831 810 4898 ”‘ﬁermonibus
837 4829 1144 4903 instigavit
1177 4847 1226 4884 :«
1262 4829 1583 4884 Rectumne
1615 4833 1839 4901 patrem

167 4921 362 4994 egisse
397 4938 542 4991 rere,
579 4919 738 4993 regia
771 4919 876 4974 tibi
903 4919 959 4973 in
980 4919 1263 4992 dignitate
1286 4918 1624 4986 genito,non
1653 4919 1712 4973 in
1745 4936 1840 4975 ea-

169 5011 305 5066 dem
338 5010 611 5083 genitum
644 5009 1022 5082 proponendo
1047 5008 1073 5062 ‘?
1114 5006 1290 5062 Plane
1321 5024 1436 5062 non
1471 5007 1841 5064 discretionis

166 5099 282 5156 hoc
315 5115 567 5156 censura
598 5097 965 5172 ponderavit,
989 5113 1188 5153 verum
1222 5095 1518 5168 passionis
1542 5095 1837 5167 magnitu-

1953 4740 2084 4795 dem
2118 4739 2480 4795 Gislebcrtus
2503 4738 2658 4811 regis
2681 4754 2940 4794 sororem
2963 4738 3206 4795 haberet
3227 4753 3617 4809 uxorem,ma-

1950 4827 2060 4883 luit
2090 4832 2309 4895 tamen,
2339 4826 2701 4900 suscipiendi
2755 4826 2917 4899 regni
2976 4844 3079 4900 spe
3132 4828 3456 4896 animatus,
3490 4828 3615 4900 regi

1949 4915 2432 4987 resistere,quam
2455 4933 2614 4983 eum,
2639 4919 2702 4971 ut
2731 4915 3030 4985 debuerat,
3052 4921 3253 4973 contra
3283 4933 3423 4973 suos
3455 4933 3614 4973 emu-

1950 5005 2039 5062 los
2072 5005 2369 5077 adjuvare.
2406 5006 2518 5060 Sed
2554 5023 2688 5061 cum
2733 5022 2795 5062 se
2854 5023 2961 5062 nec
3017 5006 3102 5062 sic
3161 5007 3432 5064 resistere
3487 5007 3613 5082 regi

1950 5111 2122 5166 posse
2149 5094 2578 5167 conspicerent,
2613 5111 2727 5151 non
2759 5095 3033 5154 incallido
3062 5098 3130 5149 ’97
3161 5098 3488 5154 secundum
3514 5096 3616 5154 ho-

1540 5193 1782 5248 VARUE
1822 5192 2041 5248 LECTIt

239 5270 307 5306 ²⁹¹
339 5268 507 5324 duris
536 5269 572 5323 5
604 5285 656 5322 a.
734 5269 802 5303 29³
831 5266 1034 5338 Surgit
1064 5264 1285 5321 scilicet
1314 5280 1447 5339 cum
1481 5280 1583 5319 eoo
1612 5269 1666 5318 2.
1702 5264 1904 5339 Surgit
1931 5264 2030 5339 sed

1967 5191 2399 5339 ξὲἶξξῗξοᾳῦ
2428 5280 2480 5320 a.
2514 5240 2724 5339 voceris.
2785 5264 3051 5339 (scilicet)
3108 5281 3262 5339 mare
3311 5266 3607 5324 intellecta.

165 5342 236 5377 ²⁹³
265 5342 486 5396 ultimm
519 5339 753 5410 syllabae
782 5335 1574 5410 hujus‘vocz'ssuperscripta";
1605 5353 1701 5410 sa.
1726 5335 1866 5410 L2.
1943 5337 2012 5371 39‘
2038 5337 2156 5391 scil.
2192 5335 2555 5410 ﬁdelitatem.
2633 5338 2700 5410 ξπ
2732 5335 2818 5393 Ita
2865 5335 3230 5410 supplendum
3283 5355 3410 5395 cum
3459 5340 3496 5394 5
3533 5354 3608 5409 a;

167 5414 240 5470 ad
277 5410 524 5467 umbras
552 5411 607 5463 3.

163 5485 230 5522 ὀἵ
263 5479 519 5540 incalide
541 5479 600 5535 ’4.

713 5410 780 5444 ²⁹⁶
812 5408 948 5463 Hinc
977 5409 1079 5464 lin.
1114 5409 1168 5462 6.
1200 5408 1328 5480 folii
1356 5409 1446 5464 64.
1481 5423 1650 5479 usque
1681 5409 1740 5462 in
1768 5408 1936 5479 ﬁnem
1961 5410 2182 5481 pagina:
2204 5409 2410 5482 prima:
2459 5409 2558 5479 fol.
2619 5409 2708 5465 65.
2767 5408 3154 5483 Liudpfandus
3205 5413 3322 5488 ipse
3369 5408 3610 5488 scripsit.

1770 5550 1817 5610 Ν
1824 5551 2002 5611 ΟΤΔΞ.

234 5624 384 5697 (118)
401 5625 528 5697 ίΑηί.
565 5621 691 5697 955,
713 5621 869 5697 uoy.
884 5695 889 5697 Α
907 5621 957 5677 1.

226 5692 546 5766 (⁷119⁷οδίίι
574 5693 668 5751 die
700 5693 758 5766 11
795 5693 920 5750 Oct.
953 5692 1086 5753 965.

233 5765 386 5847 (120)
414 5765 724 5835 Adelstani
751 5780 1042 5831 sororem.

2015 5623 2165 5698 (421)
2201 5621 2299 5698 Pis
2326 5622 2362 5679 6
2387 5625 2542 5698 Sept-
2566 5619 2719 5698 rapui
2748 5621 2876 5688 957.

2022 5693 2174 5782 (122)
2201 5694 2328 5756 Lib.
2359 5693 2527 5769 m,'o.
2557 5694 2652 5758 22.
