3962 6390
370 396 487 458 867

1336 390 1816 459 LIUTPRANDI
1863 389 2418 458 CREMONENSIS
2463 390 2841 457 EPISCOPI.

3677 392 3798 452 868

372 528 614 599 minem,
648 529 751 585 sed
785 529 943 586 fatuo
970 529 1296 585 secundum
1327 527 1535 596 Deum,
1569 532 1804 601 accepto
1837 527 2026 586 consi-
2058 529 2110 597 Α
2140 527 2614 600 etiam,quamvis
2642 527 2922 595 volentes,
2958 527 3057 584 illo
3090 527 3279 584 redire
3307 543 3423 583 non
3471 525 3653 596 sinit;
3689 542 3799 582 nec

350 618 468 687 llio,
502 618 846 690 hujusmodi
878 618 1217 674 Heinricum
1250 617 1441 673 verbis
1472 617 1848 673 conveniunt.

440 708 634 764 21.«Si
666 705 930 763 consiliis
961 706 1179 762 nostris
1202 709 1257 761 te
1277 722 1481 779 parere
1505 706 1677 761 nobis
1691 707 2032 777 juramento

373 796 690 870 promittis,
725 813 840 852 non
872 795 1086 866 solum,
1119 795 1260 867 quia
1287 798 1493 867 captus
1522 810 1605 862 es,
1640 794 2029 863 dimittimus;

367 886 470 942 sed
503 886 659 958 quod
694 886 889 957 majus
919 888 1028 953 est,
1063 882 1113 940 si
1147 888 1343 940 tamen
1377 900 1477 938 rex
1505 882 1649 939 velis
1694 883 1839 950 fieri,
1895 898 2032 937 nos-

364 978 521 1030 trum
554 977 612 1030 te
642 974 961 1030 dominum
994 972 1432 1029 constituimus.
1466 993 1497 1022 »
1529 971 1659 1026 Hzec
1684 975 1881 1026 autem
1912 987 2029 1025 non

364 1079 432 1119 eo
463 1063 756 1132 dicebant,
790 1068 857 1118 ut
888 1062 1166 1129 facerent,
1190 1062 1292 1118 sed
1325 1065 1392 1116 ut
1422 1061 1552 1131 ejus
1584 1058 1798 1116 auxilio
1830 1075 2027 1132 regem

365 1152 599 1209 facilius
624 1152 1004 1208 debellarent.

434 1245 525 1298 22.
554 1242 853 1298 Habuerat
878 1240 1051 1314 plane
1081 1256 1179 1295 rex
1210 1238 1523 1295 nonnullas
1555 1237 1909 1293 fortissimas
1937 1253 2027 1292 co-

359 1330 508 1404 pias,
541 1330 963 1387 Herimannum
995 1328 1214 1385 scilicet
1259 1328 1584 1384 Suevorum
1634 1327 1866 1393 ducem,
1901 1326 2018 1380 fra-

358 1421 780 1496 tremque'ejus
812 1419 1123 1484 Hutonem,
1147 1420 1325 1488 atque
1354 1414 1774 1471 Chuonradum
1804 1430 2017 1486 cogno-

359 1506 988 1580 mineSapientem.Qui
1008 1503 1701 1577 quamquamHeverardo
1718 1501 2021 1558 afﬁnitatis

361 1593 520 1653 linea
566 1596 937 1668 jungeretur,
1000 1592 1338 1649 malueruut
1392 1595 1591 1646 tamen
1636 1591 1822 1662 juste,
1873 1591 1923 1645 si
1955 1591 2021 1626 29⁸

357 1683 677 1742 necessitas
707 1682 1095 1749 incubuisset,
1119 1683 1285 1753 justo
1318 1696 1453 1737 cum
1486 1696 1619 1753 rege
1652 1680 2017 1749 occumbere,

359 1790 536 1846 quam
568 1773 785 1845 injuste
815 1788 950 1828 cum
982 1769 1415 1843 cousanguineo
1451 1767 2021 1841 triumphare.Hein-

360 1864 519 1919 ricus
550 1862 730 1936 igitur
758 1860 1065 1934 praemissa
1085 1861 1213 1932 jam
1264 1857 1655 1931 promissione
1713 1858 2014 1929 deceptus,

356 1951 611 2026 propriis
637 1968 773 2007 mox
793 1949 1053 2007 collectis
1076 1948 1280 2020 copiis,
1304 1947 1442 2004 totis
1463 1948 1688 2002 viribus
1722 1947 1882 2018 ipsos
1914 1947 2017 2001 ad-

344 2042 557 2113 juvare
587 2056 902 2114 regemque
930 2042 1179 2111 cmperat
1206 2037 1556 2109 impugnare
1588 2036 1701 2108 (an.
1729 2036 1880 2104 939).
1915 2035 2019 2090 Ve-

356 2148 487 2187 rum
513 2129 652 2203 quia
682 2129 969 2201 scriptum
1002 2132 1092 2184 est
1122 2144 1135 2181 :
1171 2127 1395 2181 Mcntita
1447 2133 1526 2181 est
1580 2126 1852 2195 iniquitas
1907 2125 2018 2180 sibi

353 2220 528 2292 (Psal.
558 2235 714 2286 xxv1,
750 2218 858 2289 15),
894 2216 1038 2272 libet
1068 2212 1376 2286 paululum
1409 2212 1797 2280 immorari,et
1816 2228 2017 2284 quem-

354 2309 672 2366 admodum
695 2311 834 2361 tune
861 2304 1129 2360 mentitia
1154 2303 1232 2358 sit
1251 2300 1363 2357 sibi
1392 2299 2010 2372 iniquitas,explicare.

354 2398 722 2454 Heverardus
751 2394 910 2450 haud
942 2408 1111 2448 secus
1155 2389 1547 2447 Gislebertum
1597 2405 1632 2443 a
1686 2388 1841 2461 regis
1900 2389 2014 2444 ﬁde

354 2488 665 2560 sejungere
681 2482 1076 2548 valuit,donec
1098 2495 1295 2551 regem
1317 2495 1453 2534 eum
1484 2494 1546 2534 se
1572 2478 1864 2533 facturum
1887 2495 2014 2550 pro-

353 2576 538 2634 misit.
572 2574 935 2631 Gislebertus
965 2573 1161 2625 autem
1189 2567 1529 2623 Heinricum
1558 2567 1667 2623 hac
1697 2570 1820 2623 arte
1851 2566 2009 2621 deci-

350 2682 487 2738 pere
504 2663 785 2731 voluit,ut
813 2661 954 2714 dum
987 2674 1094 2713 suo
1127 2657 1194 2711 ad
1195 2656 1416 2728 jutorio
1442 2673 1638 2728 regem
1660 2654 2006 2724 devinceret,

350 2754 549 2826 ipsum
579 2751 912 2822 deponeret,
948 2746 1177 2818 sibique
1219 2745 1383 2817 regni
1432 2745 1649 2800 solium
1697 2744 2005 2800 obtineret.

349 2842 567 2897 Verum
599 2836 980 2894 Haeverardus
1010 2835 1182 2907 longe
1212 2833 1380 2890 aliter
1407 2833 2009 2906 disposuerat.Voluit

352 2929 532 2997 enim,
566 2927 615 2984 si
646 2942 842 2998 regem
876 2928 1073 2998 posset
1123 2923 1446 2991 devincerc,
1499 2928 1778 2994 utrosque
1827 2940 2006 2993 regno

350 3017 579 3091 privare
609 3014 838 3087 sibique
866 3029 1172 3085 usurpare,
1195 3011 1695 3084 quemadmodum
1717 3028 1786 3066 ex
1815 3010 2006 3066 verbis

352 3104 562 3179 ipsius,
594 3121 723 3177 quae
756 3101 931 3176 paulo
962 3104 1277 3173 antequam
1309 3104 1636 3157 moreretur
1677 3099 1842 3155 uxori
1886 3117 2004 3155 sum

352 3194 516 3263 dixit,
545 3193 808 3250 conicere
837 3206 1175 3263 possumus.
1204 3189 1387 3253 Quam
1420 3189 1561 3244 dum
1595 3189 1810 3245 foveret
1840 3189 1898 3245 in
1930 3190 2005 3245 si-

2143 617 2293 672 clam
2328 617 2498 673 nobis
2530 622 2640 683 est,
2673 634 2849 688 quam
2883 617 3199 673 ridiculum
3231 616 3452 672 nostris
3486 614 3799 688 presertim

2142 707 2219 761 sit
2248 706 2595 762 nacionibus
2628 707 2806 762 fortes
2835 706 2990 763 viros
3023 723 3085 762 se
3114 707 3345 762 ostibus
3375 706 3443 740 '99
3481 705 3710 760 tradere
3741 708 3801 759 et

2142 811 2258 851 non
2273 795 2598 851 resistendo
2613 799 2859 851 mortem
2884 796 3283 868 fugere,vitam
3293 811 3407 867 que
3419 792 3802 866 sempiternis

2140 883 2471 956 obpropriis
2502 900 2861 956 comparare.
2895 885 3265 957 Quamquam
3299 883 3456 940 enim
3487 881 3796 948 evadendi,

2141 988 2267 1044 quae
2301 990 2747 1045 nonnumquam
2789 973 3058 1029 hostibus
3104 975 3289 1039 obest,
3336 972 3531 1028 oblata
3578 972 3791 1043 despc-

2136 1061 2284 1117 ratio
2314 1066 2372 1117 et
2398 1060 2769 1134 supplicandi
2803 1062 3227 1134 sempiternum
3263 1060 3644 1134 obproprium
3679 1076 3797 1131 pu-

2135 1150 2354 1222 gnandi
2386 1151 2555 1206 nobis
2587 1151 2863 1207 ﬁduciam
2897 1156 3155 1223 prestent
3187 1167 3291 1207 :eo
3322 1154 3517 1205 tamen
3546 1152 3796 1220 est,quae

2135 1256 2241 1294 nos
2272 1240 2605 1311 presertim,
2634 1239 2895 1295 veritatis
2926 1240 3144 1295 scilicet
3193 1256 3260 1294 ac
3299 1238 3567 1310 jnstitiae,
3612 1254 3799 1292 causa

2132 1344 2396 1400 pugnare
2417 1328 2801 1401 compellit.Si
2831 1328 2987 1383 enim
3018 1328 3311 1384 terrestris
3341 1328 3554 1383 domus
3586 1329 3795 1381 nostra

2132 1417 2459 1472 resistendo
2480 1417 2782 1488 injustitiae
2805 1417 3429 1485 disolvatur,e3ternam
3460 1432 3578 1470 non
3609 1432 3794 1471 manu

2131 1504 2347 1560 factam
2381 1506 2733 1577 recipiemus
2761 1506 2821 1561 in
2852 1505 3030 1561 ccelis.
3070 1529 3097 1555 »
3129 1506 3232 1561 His
3264 1506 3461 1577 itaque
3490 1504 3665 1560 dictis
3702 1521 3799 1560 ac-

2130 1594 2312 1663 censi,
2373 1594 2572 1650 hostes
2626 1594 2778 1649 inter
2828 1611 3003 1650 cursu
3038 1594 3275 1667 przepeti
3306 1597 3635 1650 transeunt.
3671 1594 3799 1650 Rex

2129 1682 2380 1754 denique
2401 1685 2627 1737 tantam
2645 1699 2887 1739 suorum
2904 1682 3299 1738 constantiam
3320 1698 3436 1736 non
3455 1680 3573 1737 sive
3591 1679 3793 1736 divino

2126 1770 2409 1827 instinctu
2443 1772 2511 1806 ³⁰⁰
2542 1788 2670 1827 esse
2701 1770 3104 1837 considerans,
3157 1772 3457 1843 quoniam,
3515 1770 3691 1825 ﬂuvio
3721 1769 3791 1804 ³⁰¹

2128 1860 2543 1929 intercedente,
2591 1860 2876 1933 corporali
2938 1860 3250 1932 praesentia
3306 1858 3613 1915 subvenire
3660 1858 3792 1914 suis

2129 1966 2244 2006 non
2275 1952 2522 2021 poterat,
2556 1950 2894 2005 recordatus
2925 1948 3125 2022 populi
3159 1948 3412 2014 Domini,
3460 1948 3559 2020 qui
3611 1963 3789 2020 repu-

2126 2043 2375 2110 gnantes
2407 2038 2517 2093 sibi
2548 2037 2943 2094 Amalechitas
2984 2037 3349 2094 orationibus
3394 2037 3575 2110 Moysi
3629 2036 3789 2091 servi

2125 2127 2226 2181 Dei
2254 2127 2563 2192 devicerat,
2603 2127 2872 2196 protinus
2903 2126 2972 2181 de
3005 2142 3154 2198 equo
3184 2125 3505 2193 descendit,
3537 2141 3791 2196 seseque

2124 2231 2259 2269 cum
2293 2215 2451 2269 omni
2486 2213 2698 2286 populo
2731 2212 3005 2268 lacrimas
3040 2215 3290 2269 fundens
3329 2218 3464 2270 ante
3492 2214 3793 2269 victoril'e-

2123 2319 2220 2358 ros
2250 2302 2449 2357 clavos
2481 2301 2757 2358 manibus
2787 2301 3011 2356 domini
3035 2306 3093 2356 ct
3113 2301 3419 2357 salvatoris
3442 2292 3626 2358 nostri
3645 2303 3791 2359 Jesu

2121 2391 2334 2447 Christi
2366 2391 2587 2446 adfixos
2627 2408 2864 2463 suaeque
2894 2393 3107 2446 lancea:
3140 2389 3445 2462 impositos
3479 2391 3536 2446 in
3571 2392 3790 2448 oratio-

2123 2496 2256 2536 nem
2287 2479 2483 2548 dedit;
2520 2484 2926 2551 quantumque
2950 2479 3101 2550 justi
3136 2479 3266 2547 viri,
3290 2479 3618 2534 secundum
3652 2481 3789 2536 bea-

2121 2569 2162 2624 ti
2197 2571 2267 2603 ³⁰²
2297 2568 2649 2625 sententiam
2681 2567 2903 2635 Jacobi,
2937 2573 3076 2624 tunc
3103 2567 3319 2624 valeret
3347 2568 3531 2623 oratio
3563 2570 3698 2637 (Jac.
3725 2587 3781 2639 v,

2124 2659 2234 2730 46),
2269 2676 2363 2714 res
2397 2657 2710 2712 manifesta
2766 2657 3049 2729 probavit.
3108 2658 3183 2712 Eo
3242 2673 3498 2729 namque
3555 2663 3782 2726 orante,

2119 2765 2253 2802 cum
2286 2765 2353 2803 ex
2386 2747 2510 2802 suis
2541 2745 2741 2801 nullus
2765 2744 3374 2813 occumberet,hostes
3405 2749 3543 2800 sunt
3575 2761 3786 2803 omnes

2118 2837 2177 2891 in
2214 2838 2410 2907 fugam
2437 2834 3112 2906 conversimonnullique
3133 2852 3469 2902 eorum,cur
3482 2836 3773 2908 fugerent,

2117 2926 2373 2998 poenitus
2403 2923 3059 2996 ignorabant,quoniam
3084 2924 3320 2995 quidem
3346 2941 3445 2995 pre
3476 2924 3772 2995 paucitate
3815 2957 3830 2966 -

2115 3032 2243 3070 sese
2272 3014 2647 3086 insequentes
2677 3013 2874 3068 hostes
2904 3012 3097 3068 videre
3125 3030 3239 3067 non
3280 3017 3568 3085 poterant.
3603 3013 3769 3072 Cesis

2114 3104 2296 3176 igitur
2314 3101 2930 3175 plurimis,Heinricus
2950 3101 3321 3157 vehementer
3342 3102 3401 3157 in
3424 3101 3663 3159 brachio
3681 3108 3770 3159 est

2116 3196 2516 3264 percussus,et
2533 3207 2893 3263 quamquam
2911 3189 3100 3244 loricae
3124 3190 3371 3262 triplicis
3392 3189 3673 3247 fortitudo
3698 3192 3771 3248 ad

350 3302 430 3341 nu
457 3302 470 3340 :
501 3281 832 3347 Jucundare,
869 3279 1081 3351 inquit,
1117 3280 1176 3334 in
1204 3280 1411 3350 gremio
1440 3279 1672 3345 comitis,
1706 3280 1857 3333 brevi
1902 3284 2002 3336 ιδε-
2034 3266 2077 3333 C
2116 3297 2352 3337 carnem
2388 3297 2575 3351 usque
2605 3279 2764 3335 ensis
2785 3279 2968 3335 aciem
2995 3296 3108 3335 non
3132 3279 3485 3345 admitteret,
3514 3280 3773 3351 pondere

347 3381 531 3430 latura
560 3373 621 3426 in
651 3370 995 3442 amplexibus
1025 3370 1189 3440 regis.
1222 3367 1385 3432 Quod
1424 3384 1540 3423 non
1592 3367 1673 3423 ita
1720 3368 2004 3425 accidisse

347 3466 405 3520 et
435 3460 805 3534 iniquitatem
838 3457 949 3514 sibi
979 3457 1286 3513 mentitam
1319 3473 1448 3513 esse
1477 3459 1795 3529 tempestas
1844 3457 1995 3512 indi-

349 3555 444 3608 cat
473 3567 752 3623 praesens.

413 3640 504 3697 23.
537 3638 742 3713 Igitur,
775 3641 842 3692 ut
870 3635 1093 3709 praefati
1126 3652 1356 3704 sumus,
1384 3634 1725 3706 hujusmodi
1756 3635 2004 3709 promis-

345 3729 510 3785 sione
561 3727 859 3783 animatus
890 3725 1073 3780 immo
1102 3724 1402 3796 deceptus,
1450 3723 1693 3780 collecto
1724 3725 2001 3797 exercitu,

346 3834 482 3874 cum
521 3814 844 3873 Gisleberto
864 3813 1082 3885 pariter
1103 3816 1275 3885 atque
1295 3812 1624 3869 Heverardo
1646 3814 1766 3887 regi
1794 3830 2002 3886 prepa-

346 3909 481 3965 rant
507 3903 749 3961 bellum.
783 3905 939 3969 Quos
969 3904 1172 3958 contra
1200 3918 1299 3958 rex
1341 3906 1615 3974 properat
1660 3902 1850 3971 laetus,
1885 3920 2001 3959 non

345 4010 549 4052 eorum
579 3990 957 4049 multitudine
985 3990 1245 4058 territus,
1278 3991 1380 4046 sed
1413 3992 1485 4047 de
1507 3991 1610 4048 Dei
1633 3991 1847 4064 pietate
1868 4008 2004 4047 con-

349 4084 516 4141 ﬁsus.
549 4082 662 4139 Sed
696 4085 760 4137 ut
789 4079 943 4137 scias
974 4096 1153 4152 quam
1184 4078 1351 4136 facile
1382 4083 1471 4136 est
1516 4081 1633 4137 Deo
1682 4080 1743 4136 in
1797 4081 2003 4153 paucis

345 4162 546 4247 plures
577 4172 827 4239 vincere,
860 4173 918 4226 et
959 4169 1116 4241 quod
1164 4168 1482 4241 quisquam
1531 4169 1592 4225 in
1641 4170 2004 4227 abundantia

344 4261 580 4319 virtutis
613 4278 730 4319 suae
773 4275 888 4315 non
921 4257 1245 4316 salvabitur
1276 4259 1448 4331 (Psal.
1483 4275 1681 4326 xxxm,
1716 4258 1828 4330 17),
1863 4259 2001 4314 audi

346 4353 657 4424 antiquum
689 4367 723 4405 a
752 4348 1000 4406 Domino
1032 4351 1376 4404 renovatum
1407 4347 1779 4403 miraculum.
1828 4349 2003 4422 Regis

346 4441 565 4498 milites
598 4457 779 4513 supra
806 4438 1076 4496 Rhenum
1108 4438 1180 4493 ad
1214 4436 1410 4493 locum
1429 4436 1711 4494 vocabulo
1734 4438 2001 4494 Bierzuni

348 4532 494 4604 (123)
525 4531 929 4603 pervenerant,
966 4527 1269 4599 Rhenique
1299 4526 1527 4584 alveum
1574 4528 1827 4585 transire
1874 4530 2002 4600 jam

2114 3375 2312 3427 tamen
2336 3366 2742 3441 ‘percussionis
2771 3368 2989 3424 acerba:
3022 3368 3330 3424 brachium
3380 3371 3469 3423 est
3514 3369 3659 3425 adeo
3708 3368 3770 3424 in

2111 3458 2352 3514 livorem
2395 3448 2765 3524 conversum,
2797 3461 2864 3512 ut
2893 3455 3072 3512 nullis
3104 3457 3468 3513 medicorum
3502 3458 3659 3513 curis
3691 3458 3777 3514 ita

2030 3538 2044 3553 ⁸
2113 3546 2331 3603 mederi
2351 3552 2651 3619 posset,ne
2679 3551 3010 3602 recurrente
3051 3563 3204 3602 anno
3242 3563 3633 3619 permagnum
3664 3545 3772 3602 do-

2110 3636 2292 3693 lorem
2327 3636 2590 3693 sentiret.
2621 3635 2783 3691 Unde
2816 3639 2871 3690 et
2900 3634 3086 3691 multo
3118 3638 3251 3707 post
3278 3634 3460 3705 hujus
3491 3634 3771 3691 facinoris

2112 3725 2416 3782 occasione
2448 3725 2644 3797 ipsum
2667 3723 2805 3781 fassi
2832 3728 2972 3780 sunt
2992 3724 3291 3780 hominem
3312 3723 3768 3781 3°3exivisse.Sed

2111 3815 2253 3886 quia
2282 3815 2494 3869 lanceae
2525 3812 2713 3886 ipsius
2743 3817 2956 3869 sancta:
2989 3812 3334 3868 memoriam
3363 3811 3765 3883 fecimus,hic,

2111 3902 2364 3975 qualiter
2392 3903 2465 3957 ad
2497 3918 2632 3959 eum
2659 3903 3006 3977 pervenerit,
3038 3902 3389 3958 inseramus.

2179 3993 2270 4047 24.
2305 3992 2793 4065 Burgundionum
2819 4008 2920 4047 rex
2950 3991 3257 4058 Rodulfus,
3310 3991 3411 4063 qui
3460 3989 3771 4047 nonnullis

2111 4082 2282 4138 annis
2312 4080 2527 4136 Italicis
2558 4080 2888 4154 imperavit,
2919 4079 3182 4137 lanceam
3224 4078 3388 4134 illam
3438 4096 3474 4135 a
3520 4080 3769 4136 Samson

2111 4171 2323 4227 comite
2353 4171 2505 4226 dono
2537 4171 2781 4242 accepit.
2814 4171 2951 4225 Erat
2999 4170 3155 4225 enim
3205 4173 3411 4240 exopta
3439 4170 3508 4203 30‘
3536 4174 3772 4224 cmtera-

2111 4276 2243 4315 rum
2268 4258 2462 4332 specie
2480 4258 2993 4329 1ancearum,novo
3026 4258 3284 4330 quodam
3310 4258 3483 4313 modo
3506 4273 3773 4329 novaque

2110 4349 2409 4405 elaborata
2437 4350 2505 4384 3°“
2532 4348 2980 4421 ﬁgura,habens
3003 4348 3176 4417 juxta
3205 4345 3476 4402 lumbum
3507 4346 3771 4402 medium

2110 4437 2425 4509 utrobique
2457 4437 2763 4492 fenestras.
2796 4436 2892 4490 Hae
2933 4452 3038 4507 pro
3086 4433 3399 4507 pollicibus
3450 4432 3771 4506 perpulcraa

2110 4528 2238 4583 duae
2271 4527 2427 4582 acies
2458 4543 2644 4597 usque
2674 4526 2745 4581 ad
2778 4523 3067 4580 declivum
3118 4523 3379 4578 medium
3427 4521 3642 4579 lancea:
3672 4541 3772 4580 ex-

347 4621 640 4691 ceperant,
674 4618 1073 4690 ingnorantes,
1108 4615 1264 4688 quod
1294 4616 1603 4673 Heinricus
1627 4633 1762 4673 cum
1792 4619 2000 4690 praefa-
2033 4635 2080 4700 D
2111 4616 2454 4672 tenduntur.
2488 4614 2647 4669 Hanc
2679 4613 2859 4686 igitur
2887 4611 3251 4700 Constantini
3291 4611 3520 4700 Magni,
3555 4617 3773 4668 sancta

346 4708 426 4765 tis
443 4707 756 4764 comitibus
772 4709 936 4762 tanta
952 4705 1036 4761 eis
1053 4704 1348 4761 vicinitate
1365 4710 1519 4763 esset
1527 4707 1655 4777 jam
1681 4707 2001 4779 proximus.

346 4796 631 4872 Perpauci
653 4795 906 4868 denique
923 4810 953 4850 e
969 4794 1218 4851 navibus
1241 4794 1583 4866 egressi,vix
1603 4811 1784 4867 equos
1805 4813 2009 4853 ascen-

346 4888 483 4944 dere
511 4901 758 4958 seseque
786 4883 968 4940 armis
995 4883 1161 4939 indui
1186 4886 1619 4955 poterant,cum
1642 4885 2011 4957 prenomina-

345 4980 540 5032 torum
552 4974 811 5048 legiones
828 4990 944 5030 non
963 4972 1315 5029 nuntiantur
1324 4974 1835 5045 properantes,sed
1856 4975 2009 5030 intu-

348 5063 435 5121 itu
450 5064 577 5136 ipso
590 5068 913 5121 cernuntur
928 5060 1381 5134 presentes.Tali
1394 5061 1577 5134 igitur
1589 5079 1717 5118 sese
1731 5067 1871 5119 sunt
1884 5080 2007 5119 mu-

347 5157 449 5208 tuo
471 5168 742 5209 sermone
763 5152 1027 5225 adgressi
1060 5168 1073 5208 :
1107 5149 1394 5208 Fluminis
1427 5150 1625 5222 hujus,
1651 5156 1717 5207 ut
1743 5153 2001 5220 cernitis,

348 5240 692 5316 magnitudo
723 5241 913 5299 socios
951 5244 1184 5298 nostros
1235 5239 1405 5295 nobis
1447 5254 1745 5308 succurre,
1778 5259 2003 5315 nosque

2116 4704 2220 4759 filii
2250 4702 2744 4773 Helen&,viviﬁcze
2775 4701 2966 4756 crucis
2997 4699 3357 4765 inventricis,
3381 4699 3563 4755 fuisse
3592 4702 3773 4758 adfir-

2120 4797 2441 4863 mant,quze
2474 4790 2666 4847 media
2697 4791 2756 4845 in
2788 4789 3165 4861 spina,quam
3195 4787 3465 4843 lumbum
3499 4790 3774 4861 superius

2118 4880 2438 4946 nominavi,
2458 4897 2527 4937 ex
2551 4879 2750 4947 clavis,
2772 4879 3044 4934 manibus
3073 4877 3439 4950 pedibusque
3468 4877 3695 4934 domini
3717 4883 3773 4935 et

2119 4968 2505 5040 redemptoris
2535 4967 2719 5024 nostri
2748 4967 2887 5024 Jesu
2918 4966 3136 5023 Christi
3168 4965 3399 5035 adﬁxis,
3432 4982 3636 5023 cruces
3666 4966 3772 5023 ha-

2115 5058 2230 5114 bet.
2269 5057 2571 5114 lleinrieus
2603 5057 2799 5129 itaque
2832 5073 2952 5125 rex,
2983 5060 3050 5112 ut
3097 5060 3221 5113 erat
3268 5055 3370 5112 Dei
3418 5054 3636 5112 timens
3680 5061 3772 5112 to-

2113 5147 2350 5220 tiusque
2408 5147 2707 5220 religionis
2757 5150 3002 5215 amator,
3035 5145 3236 5203 audito
3295 5144 3614 5201 Rodulfum
3646 5149 3769 5202 tam

2111 5236 2504 5295 inestimabile
2523 5238 2747 5293 donum
2779 5236 2995 5292 habere
3010 5235 3257 5306 caeleste,
3273 5233 3499 5291 nuntiis
3534 5233 3768 5291 directis

1708 5346 1950 5403 VARUE
1988 5345 2407 5403 LECTIONES.

418 5437 487 5476 ⁵³⁸
517 5452 567 5495 s.
595 5434 726 5508 n.7i,
759 5435 799 5508 i.
832 5451 881 5491 e.
908 5451 964 5508 Ar.
992 5448 1046 5491 o.
1080 5433 1439 5508 q,‘_i.pdesunt
1460 5437 1515 5490 2.
1549 5434 1605 5491 3.
1681 5435 1897 5508 i._e.
1929 5435 2222 5508 hostibus.

2298 5435 2368 5472 ³⁰ο
2397 5433 2705 5492 intstinctu
2736 5435 2787 5491 1.
2886 5433 2953 5472 θοι
2985 5432 3126 5490 ﬂuio
3150 5431 3203 5491 l.
3307 5431 3376 5469 ³⁰²
3406 5428 3496 5489 hic
3523 5442 3628 5489 νοω
3654 5426 3771 5491 uiri

344 5525 507 5573 erasa
537 5510 590 5566 1.
665 5507 733 5543 ³⁸⁵³
761 5505 957 5563 homie
987 5508 1039 5563 1.
1098 5504 1185 5542 '3“
1207 5506 1249 5561 ἰ.
1281 5521 1330 5563 e.
1362 5508 1619 5579 excepta.
1693 5506 1763 5543 ⁸0³
1789 5504 2086 5565 elaborata
2108 5507 2162 5563 l.

1939 5602 2172 5671 NOTAE.

415 5679 462 5783 μ
474 5678 566 5755 23)
592 5673 844 5741 Birthen.
870 5675 956 5740 Cf.
988 5670 1307 5761 Reginonis
1336 5671 1557 5751 contis.
1583 5690 1677 5742 an.
1705 5673 1835 5756 939.
