3962 6364
165 385 299 450 869

1123 387 1754 451 ANTAPODOSEOS
1800 384 2011 449 LIBRI
2056 387 2234 450 SEX.
2263 420 2344 434 -—
2370 391 2521 452 LIB.
2562 388 2670 451 1V.

3494 389 3614 452 870

179 518 573 593 temptavit,si
605 518 864 593 praemiis
895 519 1193 594 aliquibus
1219 520 1278 577 id
1308 525 1507 594 posset
1537 520 1844 594 adquirere
1871 520 1930 588 Α
1957 524 2193 578 suetum
2224 539 2450 579 morem
2478 540 2692 596 panem
2705 522 3290 596 benedixit,fregit,ac
3305 521 3614 590 dedit,non

183 607 416 682 sibique
448 608 730 667 adversus
757 609 1021 666 visibiles
1055 613 1231 682 atque
1277 610 1601 667 invisibiles
1648 610 1846 666 hostes

184 713 354 754 arma
380 697 772 755 invictissime
799 698 1291 772 triumphumque
1321 703 1669 773 perpetuum
1701 716 1847 772 prte-

184 789 588 861 parare.Quod
621 805 754 844 cum
787 804 889 844 rex
919 787 1208 844 Rodulfus
1256 788 1448 844 modis
1478 789 1755 845 omnibus
1787 805 1849 844 se

187 893 519 950 numquam
569 877 678 933 hoc
726 882 998 933 acturum
1042 877 1319 948 ediceret,
1370 894 1471 934 rex
1516 877 1846 945 Heinricus,

184 966 330 1039 quia
376 965 605 1023 mollire
652 965 812 1022 hunc
862 964 1210 1022 muneribus
1259 984 1374 1022 non
1419 966 1628 1038 potuit,
1671 966 1850 1021 minis

183 1056 405 1109 terrere
436 1068 791 1126 magnopere
831 1053 1075 1109 curavit.
1109 1053 1293 1110 Omne
1343 1055 1560 1127 quippe
1600 1070 1848 1127 regnum

186 1141 316 1213 ejus
347 1141 486 1198 cede
535 1145 712 1213 atque
759 1141 1050 1198 incendiis
1091 1159 1153 1197 se
1198 1142 1691 1216 depopulaturum
1717 1159 1846 1200 esse

187 1226 475 1300 promisit.
511 1228 658 1295 Quia
685 1245 821 1285 vero
865 1229 1022 1302 quod
1073 1230 1382 1303 petebatur
1434 1248 1654 1288 munus
1704 1234 1848 1299 erat,

189 1332 306 1389 quo
338 1316 675 1374 cmlestibus
708 1323 865 1374 terra
890 1318 1046 1375 Deus
1076 1319 1458 1391 conjunxerat
1485 1320 1727 1393 3°“,lapis
1747 1319 1854 1375 sci-

186 1404 324 1461 licet
353 1405 652 1480 angularis
687 1406 906 1463 faciens
939 1411 1189 1480 utraque
1222 1410 1676 1478 unum,Rodulﬁ
1699 1409 1852 1482 regis

191 1510 292 1551 cor
312 1495 614 1563 emollivit,
640 1497 922 1568 justoque
954 1497 1078 1570 regi
1117 1499 1286 1569 justa
1326 1500 1491 1570 juste
1540 1499 1759 1571 petenti
1785 1500 1852 1534 30"

191 1585 463 1642 cominus
491 1585 963 1658 tradidit.Neque
994 1586 1151 1643 enim
1182 1604 1324 1659 pace
1355 1592 1637 1660 praesente
1654 1587 1854 1644 simul-

190 1673 298 1729 tati
329 1673 494 1730 locus
523 1679 666 1730 erat.
694 1673 843 1729 Nam
875 1678 931 1729 et
962 1690 1053 1746 eo,
1086 1675 1187 1747 qui
1220 1675 1314 1732 his
1345 1677 1659 1733 cruciﬁxus
1689 1681 1796 1745 est,
1820 1694 1855 1731 a

190 1761 377 1819 Pilato
411 1763 483 1819 ad
516 1762 805 1819 Herodem
843 1767 1215 1835 properante,
1251 1764 1386 1819 facti
1417 1769 1557 1821 sunt
1586 1766 1759 1820 amici
1792 1765 1852 1820 in

1957 611 2452 679 credis;omnibus
2485 615 2679 668 tamen
2714 611 3156 685 condiscipulis,
3182 611 3616 684 quibusjanuis

1957 699 2175 757 clausis
2227 702 2522 774 apparuit,
2572 702 2715 774 quid
2764 701 2942 757 ﬁdem
2996 719 3113 756 non
3161 700 3441 758 adhibere
3487 718 3619 757 con-

1958 789 2198 846 tendis?
2224 790 2643 858 Meministine,
2698 789 2963 863 inquam,
2997 790 3252 846 eundem
3299 789 3617 846 Dominum

1957 882 2016 933 et
2045 884 2462 950 praeceptorem
2491 883 2684 946 tuum,
2720 878 2813 934 cui
2861 882 2918 934 te
2949 877 3436 934 commoriturum
3484 895 3617 950 pro-

1960 965 2260 1035 mittebas,
2303 971 2438 1024 ante
2470 968 2804 1040 passionem
2854 966 2977 1023 bzec
3005 966 3203 1022 omnia
3232 966 3620 1039 praedixisse?

1958 1056 2054 1110 Ait
2077 1072 2334 1128 namque
2365 1074 2378 1112 :
2409 1080 2435 1106 «
2471 1057 2611 1111 Ecce
2643 1056 3029 1112 ascendimus
3053 1054 3533 1126 Jherosolimam,
3563 1059 3622 1112 et

1961 1146 2536 1201 consummabuntur
2565 1145 2765 1200 omnia
2787 1162 2915 1217 quae
2948 1143 3167 1216 scripta
3191 1147 3331 1200 sunt
3363 1161 3466 1216 per
3486 1161 3619 1217 pro-

1959 1233 2172 1305 phetas
2202 1235 2274 1289 de
2305 1232 2424 1288 ﬁlio
2473 1233 2752 1289 hominis.
2784 1233 3077 1303 Tradetur
3119 1233 3277 1288 enim
3322 1232 3618 1305 gentibus,

1962 1325 2017 1377 et
2074 1320 2376 1391 illudetur,
2434 1326 2493 1378 et
2551 1320 2962 1395 ﬁagellabitur,
3017 1326 3076 1378 et
3132 1326 3514 1395 conspuetur,
3564 1327 3622 1379 et

1963 1414 2277 1483 postquam
2309 1411 2747 1485 ﬂagellaverint,
2781 1412 3049 1468 occident
3078 1429 3237 1481 eum,
3269 1417 3329 1468 et
3366 1411 3461 1469 die
3502 1416 3622 1469 ter-

1962 1499 2055 1555 cia
2109 1505 2376 1573 resurget
2439 1502 2588 1573 (Lar.
2647 1519 2807 1567 xvm,
2875 1501 2990 1572 3|).
3060 1502 3174 1557 Cur
3225 1500 3424 1573 itaque
3482 1516 3619 1558 eum

1963 1589 2354 1645 resurrexisse
2384 1590 2644 1655 dubitas,
2681 1606 2814 1645 cum
2859 1590 3135 1661 gentibus
3182 1589 3490 1659 traditum,
3522 1589 3623 1646 ﬂa-

1963 1675 2265 1749 gellatum,
2312 1682 2691 1750 consputum,
2725 1678 3093 1745 crucifixum,
3143 1678 3301 1734 sicut
3341 1679 3622 1751 praedixe-

1965 1770 2075 1833 rat,
2116 1765 2366 1822 videas?
2413 1767 2580 1822 Haud
2625 1767 2699 1822 ab
2742 1783 2802 1823 re
2848 1770 2957 1834 est,
3003 1767 3162 1839 quod
3213 1767 3402 1823 Deum
3449 1771 3621 1824 tuum

190 1849 295 1907 illa
324 1852 442 1919 die,
476 1850 578 1923 qui
608 1851 775 1923 prius
807 1850 1032 1906 inimici
1056 1855 1222 1907 erant
1249 1853 1321 1908 ad
1353 1852 1855 1920 invicem.Quanto
1882 1888 1934 1953 B
1966 1854 2240 1910 manibus
2272 1854 2526 1928 propriis
2568 1859 2817 1911 tractare
2846 1855 3175 1913 contendis.
3207 1856 3335 1929 Ipse
3362 1872 3622 1929 namque

190 1943 392 1996 autem
423 1955 619 1995 amore
654 1955 752 1995 rex
780 1938 1089 1996 Heinricus
1123 1941 1428 2013 praefatum
1462 1942 1856 2000 inestimabile

192 2029 418 2084 donum
459 2029 767 2100 acceperit,
804 2045 938 2085 cum
972 2029 1032 2084 in
1078 2030 1378 2087 nonnullis
1408 2033 1606 2100 rebus,
1637 2036 1767 2088 tum
1797 2033 1854 2087 in

196 2117 310 2173 hoc
341 2118 668 2189 praesertim
700 2117 933 2185 claruit,
964 2119 1117 2191 quod
1152 2136 1264 2174 non
1297 2119 1489 2176 solum
1521 2138 1589 2177 eo
1617 2123 1853 2178 dantem

194 2223 258 2263 se
288 2205 418 2262 auri
449 2207 797 2279 argentique
828 2208 1200 2278 muneribus,
1232 2225 1433 2264 verum
1482 2209 1660 2266 etiam
1707 2212 1855 2267 Sue-

194 2312 401 2352 vorum
435 2295 730 2368 provincia
757 2300 922 2368 parte
952 2313 1067 2353 non
1099 2297 1349 2354 minima
1368 2298 1857 2357 bonoravit.Deus

196 2384 523 2457 autem,qui
558 2401 674 2457 quo
706 2385 963 2458 quisque
993 2387 1133 2458 quid
1168 2387 1366 2444 animo
1397 2389 1856 2461 peragat,intuc-

196 2478 316 2540 tur,
345 2491 462 2530 non
493 2474 762 2531 muneris
793 2475 1142 2547 quantitatis
1183 2477 1284 2533 sed
1334 2478 1499 2532 bonae
1538 2477 1856 2535 voluntatis

195 2561 496 2635 inspector
522 2580 589 2620 ac
620 2563 960 2632 retributor,
996 2569 1217 2637 quanta
1245 2566 1318 2621 ob
1349 2565 1711 2638 przelibatam
1732 2583 1858 2623 rem

198 2652 469 2709 mercede
494 2656 710 2709 aeterno
741 2653 802 2709 in
833 2652 1046 2709 seculo
1092 2653 1257 2726 pium
1290 2655 1590 2711 donaverit
1638 2673 1855 2728 regem,

197 2740 437 2797 indiciis
467 2741 828 2812 quibusdam
858 2741 968 2796 hoc
997 2741 1175 2798 etiam
1207 2742 1263 2797 in
1295 2747 1560 2816 tempore
1580 2745 1855 2818 prodidit,

196 2831 343 2886 dum
368 2833 572 2886 contra
597 2845 660 2886 se
691 2830 1066 2903 insurgentes
1096 2831 1205 2887 hoc
1236 2832 1564 2889 victorifero
1594 2851 1856 2906 praeeun-

194 2923 255 2975 te
306 2919 477 2992 signo
525 2934 759 2991 semper
800 2919 999 2976 hostes
1026 2920 1235 2977 terruit
1264 2926 1437 2994 atque
1468 2923 1706 2996 fugavit.
1740 2924 1858 2980 Hac

194 3006 383 3080 igitur
411 3006 735 3076 occasione,
767 3006 949 3065 immo
979 3008 1080 3065 Dei
1112 3009 1430 3082 voluntate,
1464 3016 1729 3068 sanctam
1761 3030 1859 3069 rex

197 3095 509 3152 Heinricus
542 3096 885 3168 rompheam
918 3098 1164 3171 adeptus
1195 3103 1320 3167 est;
1354 3117 1532 3172 quam
1577 3100 1696 3157 ﬁlio
1727 3119 1855 3170 suo,

196 3187 270 3242 de
293 3203 410 3258 quo
423 3185 493 3220 ³0⁸
518 3185 1029 3259 inpraesentiarum
1062 3189 1230 3245 nobis
1256 3206 1448 3246 sermo
1466 3195 1555 3247 est
1571 3192 1858 3248 decedens

197 3292 335 3332 cum
365 3291 544 3349 regno
574 3274 755 3332 simul
786 3275 1136 3333 hereditario
1164 3276 1479 3350 dereliquit
1499 3280 1606 3344 Qui
1637 3285 1860 3352 quanta

196 3366 422 3421 donum
454 3364 849 3422 inestimabile
898 3368 1266 3423 veneratione
1314 3367 1578 3436 coluerit,
1612 3369 1858 3426 victoria

196 3469 319 3511 non
348 3452 539 3510 solum
571 3454 792 3509 indicat
839 3471 1117 3526 praesens,
1152 3473 1355 3511 verum
1401 3456 1757 3525 divinorum,
1793 3462 1859 3514 ut

196 3541 488 3615 promturi
521 3559 751 3611 sumus,
778 3542 1378 3614 admirandalargitio
1412 3545 1857 3602 munerum.His

196 3630 399 3704 itaque
446 3630 773 3704 perterritis
827 3635 1003 3703 atque
1062 3632 1299 3705 fugatis,
1352 3650 1452 3688 rex
1501 3634 1693 3701 rediit,
1740 3651 1857 3690 non

194 3723 429 3777 tantum
459 3720 532 3777 de
562 3720 761 3777 divina
791 3718 1169 3776 miseratione
1200 3722 1570 3794 magniﬁcus.

265 3810 360 3865 25.
403 3809 569 3865 Libet
618 3814 815 3866 autem
863 3808 1175 3882 paululum
1231 3808 1557 3878 immorari,
1598 3814 1656 3866 et
1702 3811 1858 3883 quod

198 3916 315 3956 non
364 3898 611 3955 fortuitu
661 3899 765 3956 sed
813 3899 931 3955 Deo
983 3898 1328 3971 disponente
1368 3899 1489 3955 haec
1520 3900 1603 3957 ita
1632 3900 1859 3957 accide-

196 3987 339 4057 rint,
372 4004 667 4044 enarrare.
716 3988 875 4054 Quod
909 3986 1038 4044 luce
1086 3987 1255 4044 nobis
1305 3987 1521 4044 clarius
1570 3988 1862 4046 constabit

193 4077 288 4149 ³0³),
316 4076 367 4133 si
398 4076 624 4133 domini
654 4080 710 4133 et
757 4076 1067 4134 salvatoris
1095 4076 1281 4133 nostri
1305 4076 1441 4135 Jesu
1491 4077 1707 4135 Christi
1757 4095 1857 4151 ap-

194 4165 574 4240 paritionem,
628 4182 756 4238 quae
800 4169 933 4241 post
979 4166 1470 4223 resurrectionem
1513 4166 1861 4225 mulieribus

194 4271 265 4312 ac
296 4254 604 4328 discipulis
635 4256 789 4312 facta
818 4260 927 4326 est,
961 4256 1022 4312 in
1056 4256 1317 4313 medium
1348 4257 1737 4329 proferamus.
1767 4256 1860 4314 Fi-

195 4345 335 4401 dem
368 4344 542 4413 Petri,
576 4343 949 4402 dilectionem
982 4345 1228 4403 Joannis
1269 4364 1450 4419 supra
1478 4352 1683 4420 pectus
1734 4364 1860 4403 ma-

195 4432 370 4506 gistri
402 4433 461 4489 in
502 4451 649 4491 cena
696 4436 1114 4505 recumbentis,
1147 4435 1407 4492 Thomas
1455 4436 1702 4493 ﬁrmiter
1750 4453 1859 4492 no-

194 4526 386 4593 verat,
418 4539 518 4579 eos
552 4523 624 4579 ad
653 4523 989 4596 sepulcrum
1022 4523 1375 4593 cucurrisse,
1400 4524 1700 4598 nichilque
1720 4542 1861 4598 prae-

1967 1960 2065 1999 rex
2089 1948 2308 2013 noster,
2344 1944 2445 2017 qui
2476 1948 2612 2000 ante
2653 1944 2867 2001 saecula
2914 1947 3191 2017 operatus
3232 1949 3323 2003 est
3366 1945 3621 2003 salutem

1965 2032 2024 2087 in
2059 2033 2251 2089 medio
2284 2038 2447 2089 terrae
2479 2034 2651 2105 (Psal.
2694 2050 2889 2102 LXXIII,
2926 2032 3034 2106 12),
3065 2034 3171 2106 qui
3219 2033 3381 2089 novit
3421 2034 3623 2092 omnia

1965 2126 2280 2193 antequam
2312 2122 2475 2189 ﬁant,
2509 2121 2733 2177 multos
2758 2121 3103 2194 praaviderat
3133 2120 3245 2178 hoc
3274 2138 3469 2178 errore
3497 2140 3624 2195 per-

1965 2208 2173 2277 ituros,
2228 2213 2295 2264 ut
2340 2214 2451 2277 est,
2502 2210 2841 2266 misericors
2898 2214 2957 2265 et
3006 2208 3315 2267 clemens:
3366 2231 3395 2261 «
3445 2211 3618 2280 Infer,

1967 2297 2067 2365 ait,
2101 2297 2347 2369 dignum
2380 2297 2518 2366 huc,
2550 2304 2608 2353 et
2655 2298 2821 2354 mitte
2870 2315 3113 2353 manum
3161 2302 3324 2355 tuam
3374 2298 3435 2354 in
3464 2298 3622 2356 latus

1968 2402 2187 2455 meum,
2221 2391 2279 2442 et
2320 2387 2439 2442 noli
2492 2404 2621 2443 esse
2670 2386 3028 2453 incredulus,
3072 2388 3173 2444 sed
3220 2387 3412 2444 ﬁdelis
3440 2389 3620 2461 (Joan.

1965 2493 2059 2541 xx,
2090 2475 2204 2546 27).
2259 2497 2286 2524 ›)
2323 2483 2524 2544 Ἐξαύδα
2552 2484 2626 2545 δὲ,
2654 2486 2793 2547 Θομὰ
2821 2484 2944 2546 ἅγιε,
2996 2476 3221 2531 exauda
3268 2476 3340 2532 de
3396 2476 3625 2533 Thoma

1968 2564 2116 2636 agie,
2149 2564 2308 2635 quod
2339 2568 2429 2620 est
2461 2554 2782 2620 :‘conﬁtere
2813 2568 3012 2620 autem
3055 2564 3283 2621 Thoma
3312 2569 3533 2635 sancte,
3565 2570 3625 2622 et

1966 2656 2070 2708 tua
2098 2653 2398 2710 dubietate
2429 2670 2602 2710 omne
2634 2657 2903 2709 nostrum
2926 2651 3167 2709 exclude
3188 2652 3618 2726 amphibolum.

1966 2743 2250 2809 Dominus,
2281 2741 2495 2815 inquit,
2527 2759 2681 2798 meus
2711 2750 2763 2798 et
2797 2743 2937 2799 Deus
2977 2758 3151 2798 meus.
3183 2742 3226 2798 Ο
3274 2743 3621 2816 ambiguum

1968 2831 2127 2886 omni
2160 2830 2331 2888 laude
2375 2829 2832 2905 dignissimum!
2867 2831 2911 2887 Ο
2942 2830 3191 2886 dubium
3240 2830 3466 2887 cunctis
3514 2849 3621 2888 sa:-

1967 2919 2118 2976 culis
2148 2919 2619 2992 praedicandum!
2656 2919 2715 2976 Si
2748 2924 2811 2976 tu
2844 2937 2959 2976 non
3009 2919 3334 2989 dubitares,
3365 2937 3483 2977 non
3515 2937 3623 2994 ego

1967 3013 2088 3064 tam
2110 3008 2366 3065 ﬁrmiter
2393 3009 2778 3066 crederem.Si
2812 3008 3129 3065 mulierum
3161 3010 3548 3079 credentium,
3572 3010 3624 3067 si

1968 3097 2505 3170 condiscipulorum
2521 3097 2695 3154 ﬁdem
2707 3097 3002 3164 heroticis,
3023 3098 3123 3171 qui
3140 3115 3254 3155 non
3275 3116 3408 3156 vero
3421 3116 3624 3173 corpo-

1967 3204 2028 3243 re
2046 3186 2352 3243 dominum
2372 3191 2641 3243 nostrum
2677 3186 2880 3242 Jesum
2909 3185 3209 3243 Christum
3237 3186 3627 3244 resurrexisse

1887 3254 1930 3322 α
1968 3274 2283 3342 latrabant,
2318 3276 2669 3344 diceremus,
2704 3274 2894 3331 multa
2915 3273 3084 3330 nobis
3123 3279 3471 3346 argumenta
3500 3274 3625 3331 dia-

1967 3363 2155 3421 bolica
2182 3363 2497 3420 calliditate
2527 3367 2908 3436 opponerent.
2941 3361 3053 3418 Sed
3085 3379 3221 3418 cum
3253 3362 3624 3419 dubitantem

1965 3454 2253 3509 Thomam
2280 3470 2503 3525 corpus
2524 3456 2832 3519 tractasse,
2863 3449 3175 3506 vulnerum
3208 3450 3512 3507 cicatrices
3538 3455 3624 3508 te-

1967 3543 2194 3615 tigisse,
2226 3558 2292 3597 ac
2324 3559 2458 3597 mox
2497 3540 2867 3597 dubitacione
2911 3543 3138 3596 remota
3183 3543 3363 3595 Deum
3408 3542 3466 3595 et
3511 3538 3622 3595 Do-

1969 3631 2199 3687 minum
2230 3629 2589 3686 exclamasse
2620 3629 2888 3698 audiunt,
2920 3627 3022 3701 qui
3047 3627 3212 3700 prius
3254 3632 3422 3685 erant
3468 3626 3623 3685 mul-

1967 3719 2168 3787 tisoni,
2200 3735 2338 3774 mox
2373 3722 2438 3773 ut
2485 3717 2675 3790 pisces
2703 3717 2979 3774 videntur
3007 3716 3201 3774 insoni
3229 3735 3243 3787 ;
3276 3733 3627 3791 cognoscen-

1967 3812 2056 3865 tes
2105 3807 2245 3881 quia
2300 3811 2355 3864 et
2397 3824 2533 3865 vera
2580 3823 2715 3864 caro
2760 3810 2870 3876 est,
2930 3823 3058 3880 quae
3116 3807 3353 3865 tractari
3411 3806 3623 3881 potuit,

1969 3902 2027 3955 et
2055 3898 2233 3965 Deus,
2266 3896 2367 3969 qui
2397 3896 2613 3953 clausis
2633 3896 2841 3968 januis
2872 3896 3127 3953 intravit.
3157 3898 3229 3954 Et
3272 3896 3429 3970 quod
3469 3895 3623 3954 Tho~

1969 4004 2098 4044 mas
2129 3986 2439 4056 dubitavit,
2462 4002 2576 4041 non
2601 3986 2719 4043 fors
2743 3986 2844 4042 sed
2876 3985 3075 4042 divina
3102 3985 3471 4060 dispensacio
3491 3985 3622 4043 fuit.

1970 4077 2065 4134 Sic
2096 4077 2314 4149 itaque,
2340 4076 2446 4142 sic,
2480 4091 2580 4131 rex
2610 4073 3241 4147 piissime,inseparata
3267 4074 3343 4130 ob
3362 4073 3624 4130 militum

1970 4165 2325 4238 paucitatem
2370 4163 2615 4220 victoria
2646 4163 2853 4220 divinae
2885 4162 3199 4219 consilium
3247 4160 3624 4235 providentia

1971 4254 2101 4323 fuit,
2131 4253 2332 4311 volens
2362 4251 2714 4310 mortalibus
2761 4250 3022 4308 indicare
3061 4266 3241 4324 quam
3287 4266 3460 4306 carus
3508 4249 3625 4305 Deo

1970 4348 2127 4402 esset
2156 4344 2257 4416 qui
2292 4343 2513 4400 orando
2533 4346 2655 4398 tam
2686 4340 3044 4396 immensum
3079 4355 3215 4395 cum
3247 4338 3627 4411 paucissimis

1968 4430 2341 4506 triumphum
2371 4430 2635 4504 optinere
2667 4427 3010 4502 promeruit.
3030 4428 3198 4483 Forte
3227 4427 3411 4496 enim,
3440 4425 3626 4485 immo

1970 4528 2147 4592 certe,
2177 4526 2233 4578 et
2256 4525 2319 4576 tu
2350 4519 2516 4593 prius
2547 4518 2884 4592 ignorabas,
2917 4534 3096 4590 quam
3129 4534 3301 4575 carus
3352 4516 3471 4573 Deo
3507 4517 3626 4573 exi-

194 4615 289 4668 ter
318 4611 665 4669 linteamina
688 4613 983 4670 invenisse
1013 4613 1652 4686 audierat,angelorum
1683 4615 1861 4672 etiam
1891 4622 1940 4687 1)
1972 4619 2194 4679 steres;
2228 4609 2384 4682 quod
2416 4612 2549 4681 post
2587 4612 2643 4663 te
2691 4621 3042 4680 cognoscere
3084 4605 3241 4675 fecit,
3276 4622 3412 4662 cum
3459 4608 3626 4662 tanta

194 4701 478 4771 visiones,
530 4702 630 4775 qui
682 4719 815 4758 eum
863 4703 1055 4759 vivere
1107 4707 1456 4770 assererent,
1511 4703 1861 4762 mulieribus

195 4791 545 4864 apparuisse
594 4797 962 4866 cognoverat.
995 4792 1109 4848 Sed
1143 4796 1304 4861 esto;
1339 4793 1485 4849 forte
1515 4792 1671 4849 enim
1721 4810 1860 4849 mu-

196 4879 412 4937 lierum
459 4881 865 4938 inﬁrmitatem
914 4880 1315 4950 considerans,
1362 4881 1711 4939 mulieribus
1742 4900 1858 4939 non

197 4969 494 5027 credebat.
528 4970 702 5040 Cedo,
736 4971 1002 5043 inquam,
1036 4975 1238 5029 sancte
1267 4970 1513 5035 Thoma,
1546 4970 1596 5027 si
1629 4971 1861 5028 duobus

196 5058 511 5132 discipulis
567 5060 639 5115 ad
694 5059 1004 5117 castellum
1054 5061 1338 5116 Emmaus
1382 5061 1860 5132 properantibus,

196 5147 420 5219 quibus
452 5164 567 5204 non
599 5147 792 5205 solum
827 5149 1121 5222 apparuit,
1156 5149 1255 5206 sed
1287 5151 1343 5204 et
1372 5147 1692 5220 scripturas
1732 5165 1860 5221 quae

197 5236 271 5292 de
305 5253 369 5294 se
399 5241 567 5293 erant
594 5239 864 5310 apparuit
883 5237 1161 5307 31°,immo
1183 5237 1359 5296 etiam
1380 5238 1705 5295 secundum
1725 5254 1862 5294 con-

1968 4701 2212 4760 victoria
2243 4696 2570 4755 honoravit.
2604 4695 2801 4753 Sancti
2832 4695 3049 4751 etenim
3078 4693 3187 4750 viri
3219 4694 3363 4767 quid
3390 4694 3628 4751 virtutis

1969 4793 2245 4857 habeant,
2278 4791 2335 4843 et
2364 4785 2569 4859 quanti
2621 4785 2679 4840 in
2743 4787 3059 4857 conspectu
3111 4782 3293 4839 divini
3340 4783 3627 4841 examinis

1972 4880 2318 4945 consistant,
2370 4874 2485 4930 nisi
2538 4872 2931 4947 probaverint,
2990 4873 3296 4946 ignorant;
3345 4870 3501 4944 quod
3552 4872 3626 4928 ad

1970 4968 2265 5027 Abraham
2318 4964 2506 5020 ﬁlium
2555 4961 2863 5018 immolare
2903 4962 3194 5035 cupientis
3222 4961 3287 4997 ³¹¹
3320 4977 3390 5018 ex
3433 4960 3628 5019 verbis

1973 5056 2165 5130 angeli
2195 5052 2443 5111 dicentis
2465 5052 2735 5125 colligere
2765 5068 3115 5125 possumus;
3145 5051 3227 5107 ait
3256 5050 3414 5107 enim
3439 5067 3453 5106 :
3488 5072 3516 5102 «
3545 5050 3629 5108 Ne

1973 5146 2255 5205 extendas
2284 5159 2528 5199 manum
2559 5145 2723 5198 tuam
2755 5157 2934 5215 super
2958 5157 3428 5215 puerum,neque
3448 5139 3629 5198 facias

1973 5237 2057 5293 illi
2089 5234 2450 5309 quicquam;
2491 5248 2652 5289 nunc
2699 5230 2943 5305 cognovi
2972 5231 3129 5304 quod
3172 5229 3381 5289 timeas
3428 5228 3627 5289 Domi-

1556 5406 1799 5465 VARI/E
1837 5406 2257 5467 LEGTIONES.

268 5531 340 5570 ³⁰⁶
371 5529 951 5616 οοηᾶυξιιὶμιξκθςειῌο
1001 5531 1097 5616 ..’°’
1123 5532 1449 5616 Ρθιθρέεριί
1483 5532 1533 5588 ί·
1611 5530 2007 5616 mancam
2036 5537 2111 5610 (5-
2144 5534 2182 5591 5
2205 5532 2286 5616 εγ)
2313 5531 2350 5616 5
2378 5530 2438 5586 δ’
2474 5529 2594 5586 Vita
2625 5526 2681 5616 3.-
2710 5524 2944 5616 θείανάἰ
2961 5527 3293 5616 lirari???
3315 5541 3381 5616 ει
3401 5522 3627 5616 lit-.3}

194 5595 639 5679 concons'tabit
671 5603 721 5657 1.
753 5602 964 5660 duabus
994 5595 1176 5679 lineis.
1254 5604 1475 5679 3‘°__i._e.
1501 5604 1749 5679 aperuit.
1827 5608 1896 5646 3“
1947 5595 2062 5679 lege
2109 5595 2444 5679 cupientem
2470 5600 3101 5679 ;_constrjuctio_scilz'cet
3147 5599 3264 5660 haec
3302 5603 3381 5656 est
3407 5612 3428 5655 .'
3457 5595 3623 5679 QuOd

194 5675 472 5755 colligam
500 5689 822 5755 possumus
854 5692 924 5737 ex
951 5674 1145 5737 verbis
1170 5673 1363 5755 angeli
1385 5668 1636 5740 dicentis
1665 5678 1739 5738 ad
1768 5668 2067 5743 Abraham
2097 5668 2432 5755 cupientem
2464 5668 2657 5733 ﬁlium
2679 5668 3010 5739 immolare.
3152 5684 3189 5737 .‘
3300 5682 3305 5687 ’
