3962 6386
238 423 353 485 87Ἲ

1202 425 1822 492 ANTAPODOSEOS
1867 427 2075 494 LIBRI
2122 428 2392 496 SEX.—
2420 436 2568 498 LIB.
2617 434 2690 498 V.

3517 437 3521 442 ’
3539 440 3656 505 878

236 561 322 614 18.
361 559 438 614 De
466 558 718 614 Amedco
749 559 1084 631 Berengarii
1117 560 1325 629 milite,
1361 563 1461 634 qui
1522 563 1884 636 exploratum
1917 569 1970 633 Α
2003 569 2090 620 2.6.
2129 573 2203 623 De
2237 569 2490 626 adventu
2527 571 2843 628 desiderati
2875 558 3208 646 Berengarii
3236 571 3298 630 in
3328 573 3578 642 Italiam,
3602 581 3661 633 et

304 649 365 703 in
391 647 617 704 Italiam
647 647 824 703 venit.

2074 659 2226 728 quod
2256 663 2602 716 Mannasses
2635 662 2761 732 ejus
2792 662 3062 734 partibus
3092 663 3260 719 favet.

233 739 320 793 19.
354 737 432 793 De
464 753 530 793 eo
563 737 719 809 quod
752 754 850 792 rex
882 737 1046 810 Hugo
1079 744 1318 809 pactum
1377 741 1694 813 Hungariis
1726 744 1887 798 dedit

2045 765 2087 817 7.
2122 763 2230 829 Qui
2283 765 2588 840 principes
2633 767 2797 839 prius
2841 768 3145 842 Hugoncm
3200 771 3551 840 desererent,
3605 777 3664 828 et

301 843 518 900 eosque
547 826 609 882 in
641 827 983 898 Hispaniam
1009 828 1191 882 misit.

209 917 317 1016 (28°
352 921 430 972 De
461 915 714 1018 99‘1"?“
739 931 854 1018 "ex
903 915 1069 1018 Ῑξιιξο
1117 916 1297 1018 illi“?
1346 935 1536 1018 δυδξξὶν
1819 935 1890 976 ΟΧ
2229 957 2294 996 eo
2329 944 2485 1014 quod
2521 961 2618 999 rex
2650 944 2813 1018 Hugo
2848 944 3036 1002 ﬁlium
3092 963 3264 1002 suum
3318 947 3658 1004 Lotharium

296 1005 628 1061 concubina
659 1004 964 1072 habuerat,
991 1005 1560 1079 Constantinopolim
1594 1009 1792 1064 mittit.

222 1095 315 1151 2|.
352 1094 430 1150 De
462 1093 804 1149 fortitudine
829 1097 885 1148 et
914 1092 1354 1166 pulchritudine
1395 1097 1884 1170 Constantinopo-

293 1184 465 1240 litani
497 1182 721 1256 palatii,
755 1187 810 1238 et
840 1183 1094 1254 qualiter
1142 1185 1476 1256 Stephanus
1507 1191 1682 1258 atque
1733 1187 1883 1244 Con-

296 1271 591 1329 stantinus
622 1288 798 1328 suum
852 1277 1079 1343 patrem
1110 1273 1181 1328 de
1232 1273 1448 1345 palatio
1499 1276 1777 1346 ejecerint
1825 1281 1883 1333 et

293 1361 648 1418 monachum
684 1360 945 1416 fecerint.

218 1456 312 1508 22.
347 1457 423 1508 De
453 1468 519 1508 eo
549 1450 706 1522 quod
731 1450 885 1505 idem
925 1449 1238 1506 voluerunt
1272 1451 1724 1509 Constantinum
1750 1455 1881 1510 Por-

292 1539 744 1614 phyrogenitum
776 1539 1040 1606 deicere;
1068 1557 1102 1594 a
1133 1557 1249 1610 quo
1299 1545 1440 1596 sunt
1470 1546 1527 1596 et
1560 1541 1673 1614 ipsi
1726 1545 1878 1615 capti

292 1636 466 1703 atque
493 1630 551 1684 in
587 1628 1009 1684 monasterium
1041 1628 1205 1684 missi
1233 1647 1246 1695 ;
1281 1633 1336 1684 et
1358 1646 1460 1701 per
1479 1647 1655 1701 quem
1675 1648 1877 1688 eorum

290 1718 604 1776 consilium
640 1717 718 1772 sit
748 1717 941 1790 palam
969 1717 1208 1772 factum.

212 1809 306 1864 23.
342 1813 419 1864 De
470 1807 710 1879 yronica
768 1806 952 1878 patris
1013 1805 1384 1876 susceptione
1443 1811 1499 1861 et
1559 1807 1876 1878 locutione,

202 1921 207 1927 ι
288 1898 525 1969 quando
559 1894 662 1950 ﬁlii
691 1894 762 1950 ad
795 1895 1220 1950 monasterium
1253 1900 1558 1951 venerunt.

210 1987 304 2040 24.
338 1985 536 2040 Oratio
589 1983 960 2056 imperatoris
1023 1984 1288 2054 Romani,
1341 2001 1518 2056 quam
1583 2003 1686 2058 pro
1743 1987 1879 2044 ﬁliis

286 2075 426 2147 egit,
460 2078 576 2130 Deo
603 2074 825 2146 gratias
857 2089 1057 2145 agens.

205 2165 299 2218 25.
338 2164 414 2219 De
443 2180 508 2219 eo
529 2163 683 2234 quod
717 2163 1135 2218 Constantinus
1169 2168 1224 2218 et
1247 2163 1587 2235 Stephanus
1609 2165 1879 2220 custodia

283 2252 688 2308 observantur.

2069 1029 2492 1086 Mediolanium
2527 1033 2726 1101 mittit,
2763 1035 2835 1089 ab
2878 1035 3343 1092 misericordiam
3393 1037 3658 1092 omnium

2012 1118 2014 1120 ’
2068 1117 2374 1174 Italorum.

1992 1205 2082 1260 29.
2118 1207 2197 1262 De
2245 1208 2462 1281 Joseph
2522 1210 2794 1283 episcopo
2846 1229 2949 1284 per
2995 1214 3412 1288 Berengarium
3460 1216 3654 1272 Brixia

2063 1295 2325 1368 expulso,
2353 1303 2411 1353 et
2442 1300 2694 1355 Antonio
2715 1302 2919 1356 eodem
2953 1303 3289 1359 constituto.

1988 1402 2078 1458 30.
2109 1403 2226 1458 Cur
2255 1405 2640 1477 Berengarius
2674 1407 3072 1465 Placentinum
3105 1414 3162 1464 et
3194 1410 3534 1483 Papiensem
3571 1413 3651 1468 di-

2063 1492 2322 1548 mitteret
2373 1494 2698 1566 episcopos,
2733 1501 2790 1551 et
2843 1513 2948 1552 cur
2978 1498 3424 1570 Liudprandum
3483 1501 3649 1556 cleri-

2063 1596 2198 1634 cum
2231 1585 2505 1653 parentcs
2553 1583 2646 1638 sui
2695 1585 3044 1657 Berengario
3087 1588 3642 1645 commendaverint.

1989 1687 2079 1740 31.
2115 1686 2195 1742 De
2227 1686 2470 1759 Hugone
2501 1704 2636 1758 rege
2669 1689 2768 1760 qui
2799 1707 2930 1745 cum
2964 1690 3124 1746 omni
3155 1693 3402 1762 pecunia
3432 1694 3491 1749 in
3514 1695 3644 1752 Pro-

2061 1774 2314 1830 vinciam
2351 1775 2476 1844 ivit,
2522 1777 2682 1834 etde
2742 1778 3072 1834 Raimundo
3107 1780 3207 1850 qui
3265 1798 3410 1837 suus
3472 1783 3642 1840 miles

2061 1865 2251 1919 lactus
2283 1867 2390 1919 est.

1988 1971 2077 2024 32.
2117 1975 2191 2026 De
2223 1986 2400 2026 uxore
2452 1970 2784 2043 Berengarii
2816 1988 2945 2044 quae
2970 1991 3148 2046 passa
3176 1979 3267 2033 est
3296 1978 3516 2035 crimen
3551 1978 3640 2034 in-

2061 2059 2226 2126 cesti,
2261 2062 2317 2114 et
2346 2058 2598 2130 qualiter
2627 2061 2762 2117 inde
2788 2061 2866 2117 sit
2894 2061 3162 2119 liberata.

1987 2165 2076 2219 33.
2111 2164 2189 2219 De
2222 2164 2469 2236 pecunia
2501 2182 2678 2236 quam
2712 2167 3098 2239 Berengarius
3119 2185 3296 2226 causa
3315 2174 3638 2244 Hungario-

2064 2268 2196 2308 rum
2227 2253 2584 2324 pauperibus
2616 2259 2672 2308 et
2697 2253 2959 2312 ecclesiis
2990 2256 3089 2311 Dei
3121 2257 3277 2314 tulit.

1568 2385 1921 2432 EXPLICIUNT
1966 2385 2281 2431 CAPITULA.

1206 2527 1624 2616 INCIPIT
1682 2531 2018 2618 LIBER
2075 2530 2636 2642 QUINTUS.

276 2684 326 2739 1.
359 2684 482 2755 (An.
514 2680 668 2752 939.)
701 2680 941 2736 Factum
973 2684 1080 2745 est,
1110 2683 1174 2733 ut
1205 2682 1339 2751 post
1381 2683 1631 2735 mortem
1683 2681 1866 2737 Heve-

200 2772 358 2828 rardi
381 2776 558 2842 atque
589 2768 924 2839 Gisleberti,
978 2785 1201 2824 necnon
1252 2772 1310 2822 et
1355 2767 1609 2823 Heinrici
1663 2769 1864 2826 fratris

197 2861 354 2932 regis
372 2857 784 2924 inclusionem,
799 2857 1284 2912 concurrentibus
1298 2855 1558 2929 undique
1575 2857 1646 2912 ad
1666 2873 1862 2929 regem

195 2947 724 3020 congratulationis
756 2963 935 3002 causa
963 2946 1324 3017 proceribus,
1357 2947 1582 3000 veniret
1603 2951 1658 3000 et
1678 2947 1767 3001 vir
1781 2948 1860 3002 div

192 3037 484 3098 tissimus,
510 3038 833 3090 Suevorum
858 3036 975 3089 dux
993 3034 1388 3089 Herimannus
1414 3052 1427 3102 ;
1457 3034 1556 3105 qui
1582 3039 1862 3106 postcon-

195 3125 608 3200 gratulationis
631 3126 960 3180 satietatem
985 3123 1201 3178 talibus
1223 3140 1414 3196 regem
1431 3128 1518 3178 est
1540 3125 1858 3196 adgressus

1979 2681 2150 2736 annis
2177 2680 2430 2751 graviter
2465 2681 2852 2752 opprimebat,
2886 2682 3082 2754 gladio
3114 2689 3171 2740 et
3202 2686 3336 2758 igne
3371 2703 3497 2758 quae
3531 2703 3634 2759 po-

1976 2774 2126 2825 terat
2157 2769 2436 2824 universa
2479 2787 2902 2827 consummans
2951 2773 3040 2841 ’36,
3071 2774 3214 2830 adeo
3264 2779 3330 2830 ut
3372 2775 3632 2831 civitates

1971 2863 2179 2929 praeter
2211 2859 2480 2924 Romam,
2515 2859 2573 2914 in
2609 2875 2728 2930 qua
2763 2859 2887 2931 ipse
2909 2862 3270 2931 consederat,
3298 2881 3503 2919 omnes
3535 2881 3634 2920 au-

1973 2946 2166 3002 ferret.
2202 2947 2310 3001 Sed
2343 2951 2400 3001 et
2430 2946 2621 3018 ipsam
2650 2948 2776 3003 sine
2819 2949 2996 3005 dubio
3029 2968 3163 3006 cum
3215 2952 3627 3024 depopulando

1968 3039 2097 3089 tum
2117 3036 2272 3090 cives
2296 3037 2642 3090 muneribus
2660 3041 3089 3109 corrumpendo
3113 3041 3625 3112 conquireret,nisi

1965 3123 2157 3179 oculta
2181 3125 2329 3194 justi
2362 3125 2452 3179 Dei
2479 3125 2560 3178 illi
2593 3127 2885 3182 sententia
2913 3129 2979 3161 ³³⁷
3010 3128 3366 3200 prohiberet.
3538 3114 3541 3118 I

197 3215 606 3272 sermonibus:
633 3236 659 3263 ‹‹
684 3214 806 3268 Non
831 3212 982 3268 clam
1006 3212 1244 3268 domino
1271 3229 1399 3268 meo
1426 3216 1532 3280 est,
1557 3229 1692 3267 cum
1717 3230 1856 3286 prae-
1885 3230 1928 3298 α
2037 3215 2087 3267 4.
2124 3213 2230 3268 Per
2253 3213 2309 3267 id
2337 3213 2404 3246 ³³⁸
2435 3219 2669 3286 tempus
2703 3216 3089 3288 Berengarius
3119 3218 3188 3252 33°
3208 3222 3382 3290 atque
3402 3221 3624 3275 Ansca-

198 3305 431 3359 diorum
475 3302 807 3368 latitudine,
869 3305 995 3356 tum
1045 3300 1430 3372 pecuniarum
1479 3300 1856 3357 inmensitate

199 3391 562 3464 praedivitem
592 3407 684 3446 me
711 3392 936 3461 absque
961 3389 1162 3445 liberis
1192 3406 1320 3445 esse
1345 3408 1358 3457 ;
1393 3406 1499 3445 nec
1530 3394 1620 3445 est
1650 3394 1858 3460 praeter

200 3497 380 3536 unam
434 3479 733 3553 parvulam
768 3483 1028 3549 gnatam,
1063 3478 1163 3550 qui
1213 3495 1481 3534 mearum
1532 3495 1730 3534 rerum
1764 3494 1858 3533 me

200 3570 514 3627 decedente
545 3569 714 3624 heres
746 3568 978 3623 existat.
1004 3565 1234 3623 Placeat
1250 3568 1448 3639 itaque
1468 3566 1705 3622 domino
1728 3583 1856 3624 meo

200 3660 321 3732 regi
355 3659 544 3713 ﬁlium
578 3675 751 3713 suum
789 3655 1098 3727 parvulum
1131 3656 1541 3711 LlUTOLFUM
1574 3655 1718 3711 mihi
1749 3656 1856 3710 ad-

200 3753 402 3820 optare
433 3749 492 3802 in
516 3747 728 3816 ﬁlium,
749 3746 1029 3817 quatinus
1061 3745 1243 3799 unicm
1273 3745 1402 3798 iiliaa
1435 3761 1574 3800 meae
1603 3742 1858 3799 maritali

213 3836 558 3891 commertio
591 3835 863 3901 sotiatus,
896 3849 990 3886 me
1017 3832 1304 3904 migrante
1337 3849 1600 3887 mearum
1633 3833 1735 3887 ﬁat
1765 3849 1858 3887 re-

194 3943 337 3980 rum
363 3925 681 3980 hereditate
706 3921 1075 3994 magniﬁcus.
1099 3941 1126 3970 »
1151 3923 1267 3976 lloc
1283 3921 1479 3992 itaque
1494 3920 1631 3992 quia
1643 3921 1862 3992 placuit

200 4013 322 4086 regi
354 4013 692 4080 consilium,
719 4012 875 4084 quod
900 4014 1245 4083 poposcerat
1266 4011 1391 4065 sine
1414 4010 1688 4066 dilatione
1711 4027 1862 4066 com-

202 4103 401 4176 plevit.

276 4196 329 4248 2.
365 4192 484 4248 Hoc
514 4193 573 4247 in
605 4196 869 4263 tempore
902 4189 1048 4261 (Jul.
1088 4190 1197 4256 19),
1231 4193 1297 4244 ut
1337 4190 1448 4261 ipsi
1482 4190 1628 4244 bene
1654 4187 1861 4254 nostis,

204 4281 294 4338 sol
323 4298 602 4353 magnam
635 4284 691 4336 et
718 4280 945 4335 cunctis
997 4277 1319 4335 terribilem
1352 4295 1563 4350 passus
1595 4283 1684 4332 est
1729 4277 1864 4333 ecli-

208 4371 364 4445 psin,
400 4374 564 4426 sexta
596 4369 757 4437 feria,
792 4368 936 4423 hora
994 4369 1108 4424 diei
1155 4367 1358 4434 tertia;
1394 4384 1510 4440 qua
1567 4367 1743 4421 etiam
1775 4366 1867 4421 die

199 4459 653 4516 Abderahamen
688 4460 776 4526 335,
811 4475 910 4512 rex
939 4463 1148 4522 vester,
1203 4474 1236 4511 a
1268 4456 1582 4512 Radamiro
1627 4455 1866 4511 chistia-

202 4550 454 4605 nissimo
487 4565 620 4620 rege
651 4547 897 4604 Gallitiae
926 4547 985 4601 in
1030 4547 1180 4602 bello
1209 4550 1299 4600 est
1348 4549 1661 4617 superatus
1694 4544 1866 4615 (125).

203 4639 314 4694 Sed
347 4642 403 4692 et
432 4637 492 4692 in
525 4636 692 4693 Italia
730 4641 860 4692 octo
910 4633 1205 4690 continuis
1251 4634 1525 4689 noctibus
1560 4634 1720 4688 mirae
1753 4649 1872 4688 ma-

205 4727 535 4799 gnitudinis
593 4729 820 4782 cometa
892 4722 1185 4795 apparuit,
1247 4722 1441 4776 nimia:
1501 4721 1868 4793 proceritatis

201 4816 408 4888 igneos
441 4832 508 4871 ex
539 4832 667 4872 sese
698 4814 895 4869 radios
925 4813 1198 4879 fundens,
1249 4811 1700 4866 subsecuturam
1751 4827 1865 4864 non

202 4904 391 4960 multo
417 4909 547 4977 post
566 4905 781 4960 famem
805 4903 1315 4974 portendens,quze
1342 4899 1748 4971 magnitudine
1772 4899 1865 4954 sui

205 4993 419 5049 misere
448 4993 714 5048 vastabat
742 4989 989 5046 Italiam.

276 5082 330 5136 3.
364 5083 445 5136 Ea
474 5081 766 5153 siquidem
804 5082 1172 5151 tempestate,
1202 5079 1443 5150 Hugone
1466 5095 1601 5149 rege
1629 5075 1877 5147 turpiter

197 5171 470 5244 expulso,
501 5170 827 5238 Albericus,
859 5168 1160 5239 utpraefati
1195 5183 1425 5234 sumus,
1454 5166 1717 5220 Romane
1739 5164 1873 5219 civi-

206 5261 347 5317 tatis
381 5257 782 5315 monarchiam
819 5257 1141 5313 obtinebat.
1177 5258 1357 5322 Quem
1384 5271 1482 5310 rex
1520 5255 1684 5325 [Iugo
1711 5257 1877 5323 quot-

1967 3300 2088 3356 rius
2122 3301 2182 3356 in
2216 3301 2379 3356 Italia
2411 3302 2619 3358 fratres
2654 3303 2975 3374 clarebant,
3010 3323 3126 3361 uno
3158 3307 3399 3376 quidem
3431 3313 3621 3378 patre,

1963 3389 2276 3445 Adelberto
2299 3389 2541 3456 scilicet,
2560 3392 2852 3462 Eporegia:
2877 3393 3126 3447 civitatis
3139 3394 3500 3460 marchione,
3521 3397 3624 3452 sed

1965 3495 2081 3534 non
2114 3496 2232 3534 una
2255 3484 2438 3533 matre
2464 3480 2775 3550 progeniti.
2808 3481 3225 3553 Berengarium
3274 3480 3513 3550 scilicet,
3538 3483 3628 3539 uti

1965 3566 2188 3638 prmfati
2220 3583 2450 3633 sumus,
2486 3567 2664 3632 Gisla,
2694 3569 3028 3640 Berengarii
3063 3568 3216 3641 regis
3239 3569 3380 3637 ﬁlia,
3413 3572 3628 3628 Ansca—

1966 3653 2118 3709 rium
2151 3659 2345 3709 autem
2370 3656 2832 3728 l-lermangarda,
2851 3657 3144 3712 Adelberti
3164 3659 3372 3713 Tuscie
3393 3660 3627 3731 provin-

1965 3743 2064 3798 cia:
2098 3743 2481 3808 marchioms,
2517 3762 2696 3815 quam
2725 3761 2792 3800 ex
2826 3745 3014 3813 Berta,
3054 3747 3209 3818 regis
3242 3748 3500 3820 Ilugonis
3528 3749 3627 3805 ha-

1966 3831 2172 3886 buerat
2201 3831 2337 3898 ﬁlia,
2374 3833 2624 3903 peperit.
2651 3834 2909 3896 Quorum
2946 3834 3330 3908 Berengarius
3365 3837 3626 3893 consiliis

1969 3919 2266 3992 providus;
2302 3919 2538 3991 ingenio
2563 3919 2808 3977 callidus
2833 3939 2846 3990 ;
2870 3924 3187 3978 Anscarius
3205 3941 3337 3981 vero
3359 3926 3428 3980 ad
3449 3927 3629 3996 quod-

1967 4009 2107 4064 libet
2140 4009 2375 4064 facinus
2412 4017 2739 4080 promptus.
2795 4014 2977 4077 Quem
3011 4017 3066 4068 et
3097 4030 3195 4068 rex
3233 4013 3399 4086 Hugo
3450 4014 3628 4069 nimis

1971 4105 2306 4169 suspectum
2344 4099 2652 4166 habuerat,
2683 4117 2753 4155 ne
2785 4119 2844 4156 se
2873 4101 3159 4156 occideret
3188 4104 3255 4136 3‘0
3285 4119 3351 4158 ac
3383 4119 3627 4174 regnum

1972 4187 2208 4242 sibimet
2238 4187 2550 4243 obtineret.
2617 4189 2872 4243 Consilio
2925 4189 3123 4260 itaque
3184 4193 3437 4260 accepto,
3492 4189 3633 4260 quia

1974 4275 2310 4332 Tedbaldus
2341 4277 2402 4310 3“
2434 4277 2697 4331 marchio
2722 4275 3020 4331 hominem
3046 4278 3282 4344 exierat,
3311 4276 3635 4349 Spoletino-

1979 4382 2111 4420 rum
2143 4382 2277 4420 eum
2310 4382 2376 4421 ac
2410 4355 2848 4420 Camerinorum
2884 4365 3191 4420 constituit
3211 4365 3632 4434 marchionem,

1981 4454 2262 4525 quatinus
2295 4471 2361 4510 eo
2389 4455 2662 4510 securius
2692 4456 2926 4521 viveret,
2963 4471 3077 4526 quo
3111 4453 3346 4526 longius
3377 4454 3532 4509 hunc
3562 4455 3636 4510 ab

1985 4559 2114 4598 sese
2148 4547 2582 4613 sequestratum
2611 4559 2740 4598 esse
2771 4547 3165 4615 cognosceret.
3192 4545 3314 4610 Quo
3340 4543 3481 4599 dum
3507 4560 3638 4615 pro-

1985 4633 2171 4686 fectus
2203 4637 2379 4699 esset,
2416 4633 2498 4686 uti
2533 4632 2714 4686 animi
2749 4631 3050 4704 inpaciens
3085 4637 3228 4700 erat,
3265 4632 3541 4704 quicquid
3574 4649 3643 4688 ex

1993 4737 2127 4792 rege
2160 4719 2297 4774 mali
2331 4721 2640 4792 cogitando
2666 4737 2832 4776 mens
2855 4720 2903 4775 ei
2933 4727 3326 4793 suggesserat,
3351 4737 3545 4777 rerum
3572 4723 3648 4776 si-

1990 4809 2125 4880 gnis
2156 4809 2434 4863 continuo
2466 4809 2816 4864 declarabat.
2862 4809 3025 4872 Quod
3069 4809 3371 4881 Hugonem
3405 4809 3650 4865 minime

1979 4897 2184 4952 latuit.

2053 4987 2111 5040 5.
2145 4987 2272 5053 (An.
2294 4986 2446 5057 940.)
2467 4987 2813 5059 Igiturquod
2836 4988 3160 5044 remedium
3179 4987 3315 5044 huic
3337 4987 3652 5061 egritudini

1979 5075 2116 5130 dare
2149 5079 2383 5145 posset,
2417 5075 2773 5147 excogitans,
2807 5075 3132 5132 Sarlionem
3166 5077 3238 5132 ad
3270 5093 3351 5145 se,
3390 5079 3655 5150 Burgun-

1981 5163 2238 5219 dionum
2267 5164 2335 5198 3"
2353 5181 2421 5220 ex
2445 5170 2614 5237 gente
2638 5165 3031 5237 progenitum,
3054 5167 3317 5223 advocat.
3335 5166 3441 5222 Cui
3461 5170 3518 5222 et
3537 5167 3654 5222 ait:

2001 5276 2026 5302 ‹‹
2073 5253 2517 5310 Camerinorum
2555 5271 2620 5310 ac
2651 5253 3086 5325 Spoletinorum
3112 5255 3401 5312 hominun
3435 5271 3550 5310 non
3578 5271 3667 5342 est

1586 5377 1828 5433 VARL'E
1865 5377 2170 5436 LECTION
2179 5379 2283 5435 ES.

275 5474 346 5512 ³³⁵
379 5471 745 5548 ab_dara_m_5_.
780 5470 900 5548 5a.
979 5470 1047 5548 f3“
1081 5471 1408 5548 i:_c._con_s_n
1423 5485 1564 5522 men
1592 5483 1644 5548 s.
1688 5469 1756 5501 337
1792 5468 1980 5522 sentia
2011 5471 2062 5524 1.
2140 5471 2205 5504 ³³⁸
2235 5469 2389 5527 idem
2437 5487 2578 5527 corr.
2610 5471 2668 5527 id
2703 5471 2752 5529 1.
2829 5471 2897 5506 33°
2942 5470 3410 5548 bererengarius.
3485 5469 3552 5507 ³⁴⁰
3576 5482 3676 5525 σοι.

203 5548 407 5606 cidere
439 5545 488 5600 1.
567 5543 631 5577 3“
665 5540 938 5598 tebaldus
967 5540 1024 5596 4.
1101 5541 1168 5573 ³⁴²
1198 5539 1561 5595 burdionum
1592 5539 1645 5595 1.

1787 5636 2004 5698 ΝΟΤίΕ
2032 5680 2047 5701 .

277 5717 432 5799 (125)
461 5713 545 5772 Cf.
578 5715 731 5776 Ann.
768 5709 1029 5788 Sangall.
1063 5709 1322 5786 majores
1392 5725 1466 5769 an
1499 5707 1626 5770 939.
