3962 6400
187 417 315 488 889

1155 415 1776 483 ANTAPODOSEOS
1820 412 2030 480 LIBRI
2076 414 2252 478 SEX.
2284 448 2364 463 -—-
2395 414 2544 478 LIB.
2587 412 2662 478 V.

3495 399 3619 476 890

191 559 320 614 erat
379 554 586 630 vigiliae
645 554 1076 612 commendata.
1141 554 1404 625 Cumque
1463 551 1848 624 Berengarius
1878 550 1933 618 Α
1963 550 2076 606 huc
2098 551 2165 586 ⁴⁰⁰
2195 550 2466 607 inventus
2495 554 2606 619 est,
2641 551 2739 623 qui
2771 552 2928 624 quod
2960 551 3220 620 haberet,
3257 555 3415 610 esset
3441 555 3612 624 satis,

190 645 418 702 nullius
464 645 926 717 machinamenti
977 646 1263 717 apparatu
1316 639 1656 713 nulliusque
1716 639 1853 696 belli
1962 657 2079 696 non
2112 640 2284 695 modo
2318 657 2434 696 non
2465 640 2686 712 copiosi
2719 641 2948 710 divites,
2976 644 3077 699 sed
3108 643 3284 699 etiam
3316 643 3521 718 inopes
3547 661 3615 701 ac

187 734 416 808 impetu
476 735 627 790 hanc
673 751 734 790 se
787 749 991 804 capere
1036 748 1210 804 posse
1259 731 1642 802 conspiceret,
1691 731 1853 785 Man-

191 841 370 880 nasse
426 823 809 879 ambitionem
860 827 918 878 et
948 819 1357 888 kenodoxiam,
1409 819 1468 873 id
1500 823 1588 873 est
1644 835 1855 872 vanam

195 913 468 986 gloriam,
531 929 914 984 cognoscens,
980 909 1335 966 Adelardum
1395 908 1466 962 ad
1527 923 1588 963 se
1661 908 1858 962 venire

197 1003 460 1075 rogavit;
523 1001 615 1056 cui
671 1006 728 1057 et
780 1001 902 1056 ait:
965 1000 1086 1055 «Si
1129 999 1515 1053 munitionem
1549 996 1699 1052 hanc
1758 1013 1856 1067 po-

201 1091 402 1147 testati
427 1107 568 1146 meze
591 1090 920 1158 tradideris,
948 1088 1372 1159 dominumque
1398 1091 1565 1140 tuum
1594 1086 1860 1141 Mannas-

157 1190 164 1196 ‘
204 1199 312 1236 sen
343 1181 414 1235 ad
446 1181 806 1251 adjutorium
840 1196 1038 1234 meum
1073 1175 1426 1250 protraxeris
1455 1175 1543 1241 ³9⁵,
1571 1192 1632 1230 se
1651 1174 1864 1229 Medio-

204 1268 351 1324 lanii
383 1268 939 1340 archiepiscopatus,
963 1271 1020 1322 te
1057 1282 1184 1321 vero
1215 1265 1460 1320 Cumani
1493 1264 1862 1336 episcopatus

205 1358 492 1431 dignitate
513 1360 646 1429 post
668 1361 968 1429 acceptam
992 1355 1153 1428 regni
1179 1357 1525 1427 potestatem
1541 1353 1866 1409 donabo.Et

204 1452 275 1502 ut
305 1447 666 1520 promittenti
701 1445 846 1500 mihi
892 1445 1068 1500 fidem
1110 1443 1410 1510 admittas,
1464 1442 1618 1514 quod
1671 1441 1866 1497 verbis

206 1535 862 1609 spondeo,juramentis
889 1535 1156 1589 adﬁrmo.
1193 1554 1222 1582 »
1257 1533 1387 1587 Haec
1416 1532 1556 1586 dum
1592 1532 1865 1586 Mannas-

208 1643 275 1683 se
303 1627 372 1662 ’95
403 1626 474 1681 ab
522 1624 814 1680 Adalardo
863 1626 1199 1686 narrantur,
1251 1620 1640 1676 munitionem
1673 1619 1868 1674 solum

207 1714 556 1789 Berengario
587 1715 723 1770 dare
756 1731 870 1768 non
895 1712 1100 1784 jussit,
1124 1727 1327 1766 verum
1351 1708 1526 1765 etiam
1551 1708 1726 1764 Italos
1749 1725 1871 1763 om-

212 1821 320 1861 nes
340 1806 468 1877 ejus
499 1804 558 1859 in
585 1801 870 1858 auxilium
901 1799 1186 1855 invitavit.

1967 746 2251 802 pauperes
2283 730 2659 786 existimandi
2690 735 2851 787 sunt.
2886 731 3003 788 Soli
3025 733 3183 788 enim
3212 737 3352 789 sunt
3383 733 3614 803 divites,

1966 822 2023 874 et
2055 818 2384 873 fructuosas
2406 836 2472 874 ac
2495 821 2884 893 sempiternas
2907 823 3209 894 possident
3230 839 3343 891 res,
3368 824 3468 895 qui
3492 824 3619 880 suis

1969 908 2144 963 rebus
2162 909 2440 976 contenti,
2465 910 2611 964 satis
2633 927 2760 966 esse
2783 914 3013 983 putant,
3034 913 3189 983 quod
3212 917 3319 970 est.
3340 913 3465 968 Non
3491 928 3621 969 esse

1968 997 2414 1069 cupidum,vera
2438 999 2687 1070 pecunia
2706 1004 2827 1066 est;
2851 1017 2968 1056 non
2991 1018 3118 1057 esse
3143 1017 3425 1070 emacem,
3451 1001 3622 1058 vecti-

1970 1084 2064 1159 gal
2096 1090 2202 1141 est.
2241 1087 2549 1142 Fateamur
2578 1088 2794 1160 itaque,
2821 1095 2951 1145 uter
2979 1095 3068 1146 est
3092 1090 3286 1156 ditior,
3313 1091 3414 1147 cui
3437 1091 3618 1159 deest,

1971 1191 2044 1229 an
2076 1175 2168 1230 cui
2193 1176 2474 1246 superat?
2495 1175 2596 1248 qui
2619 1168 2768 1249 eget,
2795 1195 2867 1233 an
2889 1179 2990 1249 qui
3017 1179 3357 1234 habundat‘?
3377 1179 3470 1235 cui
3494 1195 3620 1251 pos-

1974 1263 2156 1320 sessio
2186 1281 2300 1336 quo
2331 1269 2420 1321 est
2451 1268 2656 1336 major,
2693 1282 2759 1321 eo
2793 1267 2924 1340 plus
2958 1267 3206 1339 requirit
3253 1269 3324 1324 ad
3357 1285 3422 1324 se
3453 1273 3625 1324 tuen-

1973 1353 2132 1419 dam,
2166 1371 2237 1408 an
2265 1353 2365 1426 qui
2395 1371 2459 1410 se
2490 1355 2615 1409 suis
2661 1356 2886 1411 viribus
2936 1356 3234 1412 sustinet?
3277 1361 3625 1414 Contentum

1975 1443 2191 1498 etenim
2224 1443 2348 1498 suis
2377 1444 2574 1511 rebus,
2606 1445 2858 1500 maxime
2885 1450 3026 1500 sunt
3049 1446 3510 1519 certissimaeque
3541 1448 3627 1503 di-

1974 1531 2145 1586 viiiae.
2169 1535 2384 1586 Verum
2410 1532 2478 1586 de
2500 1532 2609 1588 hoc
2622 1533 2766 1588 satis
2783 1550 2939 1589 nunc
2962 1533 3183 1588 dictum
3205 1551 3334 1590 esse
3351 1536 3625 1593 sufﬁciat.

1975 1621 2061 1676 Ad
2094 1620 2506 1691 Berengarium
2556 1621 2674 1675 stili
2707 1621 2955 1677 intentio
2983 1623 3198 1691 redeat,
3233 1625 3404 1694 cujus
3437 1625 3496 1680 in
3527 1627 3629 1680 ad-

1976 1712 2216 1764 ventum
2275 1725 2518 1765 aureum
2579 1726 2784 1765 omnes
2833 1710 3114 1766 saeculum
3185 1713 3630 1784 promittebant,

1980 1802 2037 1854 et
2069 1797 2278 1868 felicia,
2313 1814 2441 1869 quae
2485 1796 2664 1854 talem
2695 1798 3044 1868 extulerant,
3075 1803 3339 1874 tempora
3369 1801 3633 1860 clamita-

287 1895 592 1948 27.‘Fama
623 1891 819 1964 igitur,
851 1891 1064 1945 malum
1093 1903 1196 1960 quo
1250 1903 1363 1941 non
1415 1888 1644 1943 velotz’us
1695 1887 1872 1941 ullum
1903 1922 1952 1988 Β
1982 1887 2143 1943 bant.

215 1983 530 2038 mobilitate
553 1983 697 2049 viget
746 1980 916 2052 (136),
975 1976 1307 2050 Berengarii
1348 1977 1662 2032 adventum
1697 1992 1874 2048 quam

217 2069 644 2127 moxomnibus
661 2068 970 2124 nuntiavit.
988 2067 1415 2139 Coeperuntque
1437 2082 1571 2121 mox
1585 2065 1874 2131 nonnulli,

217 2161 466 2231 Hugone
494 2159 746 2223 deserto,
771 2155 1120 2228 Berengario
1152 2155 1450 2211 adherere.
1473 2155 1694 2210 Horum
1718 2155 1875 2222 Milo,

219 2252 550 2324 praepotens
580 2245 1005 2302 Veronensium
1032 2261 1246 2312 comes,
1282 2243 1470 2298 extitit
1496 2244 1744 2315 primus,
1775 2243 1879 2315 qui

225 2339 369 2394 dum
404 2335 632 2408 Hugoni
667 2339 998 2406 suspectus,
1033 2332 1318 2406 appositis
1349 2331 1500 2388 clam
1533 2333 1879 2388 custodibus

226 2430 577 2493 servaretur,
608 2424 922 2482 simulatus
946 2440 1008 2479 se
1041 2440 1159 2478 non
1199 2421 1536 2495 intellegere
1576 2422 1878 2491 custodiri,

227 2519 411 2574 ferme
442 2532 644 2571 cenam
703 2530 892 2586 usque
941 2513 1013 2567 ad
1047 2512 1234 2567 noctis
1270 2511 1550 2582 pertraxit
1580 2512 1839 2568 medium
1867 2531 1879 2581 ;

229 2623 483 2678 cumque
514 2621 719 2661 omnes
751 2610 868 2658 tam
904 2619 1109 2658 somno
1141 2618 1318 2672 quam
1352 2601 1463 2656 lico
1495 2602 1642 2672 (137)
1676 2603 1884 2674 adgra-

229 2695 367 2752 valii
396 2711 637 2766 corpora
685 2692 864 2765 quieti
923 2691 1216 2746 traderent
1237 2691 1325 2758 ³9⁸,
1379 2691 1502 2745 solo
1533 2707 1593 2746 se
1624 2691 1724 2762 qui
1756 2692 1885 2762 ejus

232 2786 567 2858 portaverat
593 2781 888 2854 clippeum
939 2780 1273 2845 comitante,
1305 2779 1598 2835 Veronam
1629 2780 1888 2851 percitus

226 2873 415 2938 venit,
474 2871 826 2942 directisque
885 2868 1108 2924 nuntiis
1176 2869 1591 2942 Berengarium
1641 2869 1884 2938 excivit;

237 2979 414 3036 quem
449 2965 506 3016 et
537 2961 597 3015 in
625 2960 874 3027 Verona,
907 2976 1021 3030 quo
1052 2957 1280 3030 Hugoni
1314 2958 1542 3013 firmius
1572 2957 1888 3030 resisteret,

236 3050 516 3123 suscepit.
551 3049 703 3105 Sane
761 3047 922 3103 nulla
964 3048 1119 3102 hunc
1152 3046 1466 3103 infidelitas
1523 3048 1595 3103 ab
1647 3047 1892 3120 Hugone

235 3140 454 3209 divisit,
485 3155 687 3196 verum
708 3136 868 3192 illata
900 3136 1010 3192 sibi
1035 3137 1107 3191 ab
1126 3137 1329 3192 eodem
1357 3136 1641 3192 nonnulla
1674 3137 1892 3192 incom-

233 3229 434 3298 moda,
459 3245 586 3300 quze
610 3227 736 3297 jam
767 3225 868 3280 diu
891 3224 1181 3280 sustinere
1205 3241 1320 3280 non
1343 3225 1552 3296 potuit.
1577 3226 1888 3298 Prosequi-

2055 1979 2145 2030 28.
2165 1976 2244 2030 Eo
2262 1976 2458 2048 itaque
2482 1977 2818 2033 Mediolanii
2841 1980 3084 2051 degente
3106 1997 3172 2036 ac
3197 1980 3428 2038 Italicas
3451 1982 3638 2056 digni~

1985 2069 2136 2121 tates
2157 2065 2269 2121 sibi
2283 2066 2702 2122 adherentibus
2725 2067 3124 2139 dispensante,
3146 2087 3245 2125 rex
3256 2071 3421 2143 Hugo
3433 2071 3641 2127 Letha-

1987 2155 2165 2220 rium,
2196 2155 2382 2209 filium
2402 2172 2601 2222 suum,
2629 2173 2743 2211 non
2767 2157 2838 2211 ad
2871 2158 3203 2230 Berengarii
3227 2159 3419 2214 solum
3435 2177 3638 2216 verum

1989 2244 2060 2299 ad
2085 2243 2264 2321 totius
2288 2243 2485 2315 populi
2509 2246 2882 2316 praesentiam
2910 2246 3128 2319 dirigit,
3162 2251 3383 2319 petens,
3417 2249 3560 2322 quia
3579 2267 3642 2306 se

1989 2333 2075 2388 eis
2107 2349 2223 2388 non
2255 2332 2614 2406 morigerum
2646 2334 2940 2402 abdicant,
2975 2335 3162 2392 ﬁlium
3185 2337 3392 2393 saltem
3418 2338 3514 2393 Dei
3539 2356 3642 2411 pro

1992 2438 2210 2486 amore,
2245 2422 2346 2493 qui
2379 2422 2458 2476 nil
2491 2422 2549 2476 in
2582 2440 2682 2479 eos
2713 2423 3039 2496 deliquerat
3068 2425 3156 2492 λοι,
3191 2426 3538 2499 suscipiant,
3574 2443 3642 2482 ac

1991 2509 2391 2566 voluntatibus
2421 2528 2623 2566 eorum
2655 2513 3014 2585 morigerum
3056 2514 3318 2570 reddant.
3373 2514 3644 2571 Lothario

1995 2599 2246 2670 denique
2274 2599 2692 2655 Mediolanium
2717 2606 2964 2673 petente,
2989 2619 3086 2657 rex
3100 2603 3265 2676 Hugo
3283 2603 3462 2676 Papia
3487 2603 3644 2659 omni

1996 2704 2132 2742 cum
2164 2688 2409 2759 pecu-nia
2439 2704 2732 2760 egressus,
2786 2690 3010 2746 Italiam
3061 2691 3325 2748 deserere
3373 2696 3548 2765 atque
3584 2693 3645 2748 in

1998 2777 2400 2848 Burgundiam
2431 2779 2498 2812 ⁴⁰²
2529 2778 2612 2834 ire
2645 2779 3054 2851 cogitavit.Sed
3088 2797 3213 2837 eres
3243 2798 3378 2837 eum
3409 2782 3525 2838 ista
3555 2799 3648 2838 re-

1997 2864 2193 2935 tinuit,
2219 2866 2500 2937 quoniam
2532 2867 2676 2922 dum
2698 2868 3103 2925 misericordia
3134 2869 3423 2938 inclinati,
3447 2871 3653 2927 Letha-

1999 2954 2153 3009 rium
2171 2954 2232 3008 in
2254 2955 2498 3010 ecclesia
2509 2955 2812 3012 beatorum
2833 2957 3187 3014 confessoris
3204 2963 3260 3014 et
3273 2960 3653 3015 martirumMm

1999 3043 2584 3114 Ambrosii,Gervasii
2607 3049 2662 3101 et
2685 3045 2948 3115 Protasii,
2973 3051 3105 3103 ante
3130 3064 3362 3103 crucem
3395 3053 3652 3122 prostra-

2000 3135 2128 3188 tum
2160 3133 2467 3205 erigerent,
2503 3151 2815 3207 regemque
2853 3135 2967 3191 sibi
2999 3137 3440 3204 constituerent,
3471 3154 3652 3210 quam

2001 3236 2139 3278 mox
2170 3226 2303 3293 post
2329 3223 2634 3295 Hugonem
2657 3224 2920 3296 dirigunt
2950 3226 3247 3295 nuntium,
3277 3243 3453 3299 quem
3475 3244 3540 3283 se
3557 3227 3658 3282 ite-

237 3323 338 3374 tur
367 3290 526 3373 hunc
543 3290 739 3379 indo,
766 3313 1114 3370 Mutinensis
1144 3315 1210 3348 397
1241 3290 1478 3370 melesiae
1510 3315 1745 3387 praesul,
1774 3290 1890 3370 non
1923 3290 1966 3357 Ο
2002 3327 2137 3365 rum
2170 3290 2346 3383 super
2373 3290 2473 3367 eos
2506 3290 2886 3385 regnaturum
2929 3290 3312 3384 promittunt:
3335 3315 3453 3370 Hoc
3483 3313 3657 3386 plane

238 3406 460 3478 injuria
488 3405 820 3470 lacessitus,
854 3405 953 3459 sed
987 3403 1244 3459 maxima
1266 3403 1366 3458 illa
1390 3404 1628 3459 abbatia
1655 3405 1894 3460 Nonan-

242 3495 388 3564 tula,
420 3509 598 3566 quam
631 3497 688 3549 et
718 3497 857 3548 tunc
876 3492 1212 3564 adquisivit,
1241 3493 1558 3549 animatus.
1581 3494 1687 3559 Qui
1710 3495 1900 3567 Hugo-

243 3600 379 3640 nem
412 3582 604 3638 solum
636 3599 750 3637 non
792 3580 1068 3648 deseruit,
1100 3597 1303 3635 verum
1359 3581 1534 3636 etiam
1576 3581 1898 3640 multorum

241 3672 688 3730 multitudinem
716 3669 870 3724 tulit.
898 3669 1058 3732 Quod
1091 3669 1256 3741 Hugo
1290 3672 1354 3723 ut
1383 3670 1620 3736 audivit,
1657 3687 1899 3743 congre-

237 3762 397 3835 gatis
417 3759 600 3834 cepiis
618 3760 688 3815 ad
709 3760 836 3830 ejus
860 3761 1120 3813 castrum
1140 3757 1443 3813 Vinolcam
1463 3759 1531 3794 ³9³
1555 3759 1697 3830 (438)
1721 3759 1898 3826 venit,

239 3853 420 3923 idque
439 3849 684 3905 viriliter
706 3848 806 3903 sed
831 3845 1120 3902 inutiliter
1141 3847 1523 3920 oppugnavit;
1541 3849 1693 3919 quod
1721 3865 1899 3920 quam

239 3938 526 3997 mendatii
554 3937 812 3993 alienum
833 3935 1230 4004 sit,sententia
1248 3935 1618 4008 subsequens
1640 3937 1898 3993 declara-

237 4030 346 4086 bit.
380 4029 527 4083 Nam
560 4028 700 4082 dum
735 4026 939 4081 eodem
981 4026 1235 4096 degeret,
1269 4025 1658 4097 Berengarius
1691 4026 1763 4081 ab
1794 4029 1899 4082 Ar-

164 4110 176 4119 ’
236 4119 434 4174 derico
467 4115 906 4188 archiepiscopo
940 4113 1184 4182 accitus,
1217 4113 1508 4168 Veronam
1533 4115 1809 4183 deseruit,
1835 4133 1901 4171 ac

236 4204 664 4264 Mediolanium
694 4204 959 4260 concitus
990 4201 1166 4258 venit.
1204 4203 1327 4266 Quo
1359 4203 1581 4271 audito,
1606 4221 1705 4259 rex
1733 4205 1900 4275 Hugo

238 4297 483 4369 Papiam
513 4293 702 4350 tristis
745 4293 997 4348 advenit.
1058 4295 1367 4364 Cmperunt
1422 4292 1646 4349 interea
1693 4311 1899 4350 omnes

240 4385 420 4443 Italia:
451 4384 739 4457 primates
755 4383 950 4437 omine
982 4397 1098 4436 non
1123 4381 1274 4436 bono
1299 4381 1605 4454 Hugonem
1631 4383 1899 4438 deserere

126 4511 131 4516 ι
236 4479 298 4532 et
327 4472 519 4547 egenti
550 4469 896 4544 Berengario
923 4470 1220 4526 adherere.
1244 4470 1523 4542 Egentem
1547 4474 1766 4538 autem,
1783 4488 1898 4527 non

236 4563 417 4620 nichil
432 4559 878 4635 possidentem“
891 4559 1110 4630 39),sed
1133 4557 1221 4613 cui
1241 4575 1564 4630 numquam
1581 4560 1898 4631 quicquam

1997 3398 2338 3468 consilium,
2387 3400 2506 3456 imo
2553 3401 2978 3472 deceptionem,
3010 3419 3126 3457 non
3160 3419 3386 3471 omnes,
3422 3403 3523 3459 sed
3549 3402 3656 3458 Be-

2007 3489 2406 3560 rcngarius,ut
2427 3493 2549 3544 erat
2564 3488 2882 3545 calliditate
2897 3490 3656 3562 suti‘arcinatus,adinvenit,

1995 3593 2123 3632 non
2146 3593 2264 3647 quo
2284 3576 2394 3632 hos
2408 3593 2653 3649 regnare
2667 3578 3021 3650 dispone-ret,
3045 3580 3170 3646 sed,
3191 3585 3256 3635 ut
3270 3583 3403 3652 post
3423 3579 3656 3649 claruit,

1997 3681 2080 3720 ne
2107 3664 2272 3737 Hqu
2301 3665 2644 3733 discederet,
2677 3671 2852 3738 atque
2885 3666 3174 3724 immensa
3201 3668 3662 3740 quam-habebat

2005 3754 2258 3826 pecunia
2287 3755 2773 3827 Burgundionum
2796 3761 2898 3811 aut
2921 3754 3170 3814 aliarum
3195 3758 3462 3831 gentium
3485 3775 3663 3831 super

1997 3859 2073 3898 se
2100 3843 2346 3915 populos
2376 3843 2668 3900 invitaret.
3541 3833 3544 3836 ’

2080 3934 2169 3989 29.
2201 3934 2334 3988 Hoc
2384 3933 2443 3987 in
2489 3937 2752 4006 tempore
2799 3936 3015 4009 Jeseph
3057 3938 3330 4009 quidam,
3394 3937 3660 3995 moribus

1994 4038 2205 4090 senex,
2237 4022 2444 4078 diebus
2491 4023 2741 4092 juvenis,
2793 4026 3077 4083 Brixianze
3107 4027 3359 4083 civitatis
3403 4027 3662 4083 elarebat

1999 4112 2341 4184 episcopus.
2367 4114 2974 4187 Quem‘Berengarius,
2995 4120 3064 4170 ut
3093 4120 3216 4170 erat
3241 4115 3335 4171 Dei
3366 4116 3662 4171 timens‘“

2009 4201 2172 4271 (cod.,
2223 4201 2538 4274 yronicos),
2592 4203 2666 4257 ob
2698 4219 2931 4259 morum
2981 4203 3333 4275 probitatem
3363 4203 3659 4276 episcOpio

1995 4291 2412 4363 -privavit,ejus
2435 4290 2560 4347 loco
2592 4292 2933 4359 Antonium,
2958 4292 3058 4363 qui
3083 4309 3240 4348 nunc
3271 4308 3459 4363 usque
3485 4309 3659 4364 supe-

1992 4383 2147 4446 rest,
2175 4379 2336 4434 nullo
2369 4378 2613 4435 concilio
2644 4379 2866 4447 habito,
2903 4379 3491 4452 nulla-episcoporum
3516 4380 3661 4436 deli-

2010 4469 2328 4535 beratione,
2349 4468 2670 4526 constituit.
2685 4470 2799 4524 Sed
2813 4474 2875 4524 et
2901 4469 3100 4525 Cumis
3123 4473 3266 4525 tunc
3284 4486 3399 4525 non
3421 4469 3658 4525 Adelar-

2010 4559 2173 4626 dum,
2205 4562 2273 4612 ut
2294 4559 2615 4629 juraverat,
2647 4575 2850 4614 verum
2879 4559 2955 4614 ob
2983 4558 3440 4616 Mediolanensis
3469 4559 3659 4616 archi-

217 4653 387 4711 »satis
403 4656 520 4720 est,
549 4651 664 4708 aio.
693 4647 1261 4720 Quoniam‘improbi
1288 4652 1346 4704 et
1366 4649 1544 4718 avari,
1579 4649 1678 4720 qui
1712 4648 1894 4704 incer-
1915 4661 1972 4728 τι)
1994 4647 2267 4720 episcopi
2300 4663 2559 4703 amorem
2610 4645 2958 4702 Waldonem
2985 4648 3278 4719 quendam
3309 4647 3659 4720 episcopum

220 4747 329 4801 tas
353 4746 530 4814 atque
557 4740 621 4796 in
649 4755 792 4797 casu
843 4737 1068 4811 positas
1115 4736 1519 4809 possessiones
1550 4737 1788 4805 habent,
1835 4742 1894 4793 et

219 4832 370 4906 .plus
389 4846 636 4905 semper.
659 4831 965 4902 appetunt,
993 4843 1106 4882 nec
1133 4842 1344 4883 eorum,
1365 4825 1686 4898 quisquam
1709 4827 1777 4862 ³⁰⁹
1799 4827 1897 4881 ad-

1993 4736 2312 4793 ordinavit.
2329 4735 2692 4808 Quod-quam
2707 4737 2852 4792 beue
2868 4737 3085 4804 fecerit,
3106 4737 3476 4792 subditorum
3488 4738 3664 4810 depo-

1990 4825 2249 4900 pulatio,
2308 4824 2519 4880 vitium
2591 4824 2824 4893 ineisio,
2900 4825 3176 4881 arborum
3255 4825 3658 4896 decorticacio,

1601 4985 1846 5052 VARI/‘13
1901 4984 2294 5048 LECTIONES

291 5110 369 5145 ³⁸⁸
397 5125 480 5176 In,
513 5107 810 5164 inﬂectere
835 5101 1102 5176 potueris
1123 5100 1294 5176 illum
1313 5101 1378 5176 in
1403 5100 1742 5176 cathedram
1774 5099 2440 5176 promoveolMediolanii
2460 5099 3002 5176 archiepiscopatus
3018 5102 3130 5176 5a.
3195 5101 3582 5176 'ﬁ‘rmannase
3605 5104 3656 5161 Ι.

222 5184 300 5220 ³³³⁸
326 5181 691 5240 traderet-ent
710 5177 769 5232 -4,

873 5172 1365 5255 “mutipiensil.
1407 5173 1510 5255 “39'
1541 5171 1802 5255 molam,
1844 5190 2016 5231 manu
2059 5171 2517 5255 vineolaml.
2565 5171 2843 5255 _”?’qsq;'
2860 5173 2940 5255 4..
2988 5174 3140 5228 ‘°°-a.
3185 5174 3304 5255 sibi
3355 5176 3660 5255 sufficiens

222 5257 267 5311 i.
297 5255 390 5308 5a.
467 5251 530 5285 ⁴⁰¹
563 5248 893 5318 deliquerat
921 5244 975 5299 4.
1051 5245 1119 5278 ⁴⁰²
1161 5243 1570 5317 bregundiam.
1607 5245 1656 5299 1.
1735 5245 1803 5279 ⁴⁰³
1833 5261 1981 5301 mar.
2059 5245 2128 5279 ⁴⁰⁴
2157 5243 2470 5300 deitimens
2525 5248 2577 5298 et
2636 5243 2723 5298 in'
2757 5243 3010 5313 margine
3128 5247 3402 5372 gronicos
3432 5247 3484 5303 l.
3517 5247 3658 5320 quod

225 5329 264 5372 ~2
297 5327 377 5372 ita.
407 5322 571 5372 leait:
603 5319 695 5372 dei
728 5315 1043 5372 tivronicos
1075 5331 1263 5372 mens.
1295 5318 1330 5370 5
1351 5333 1404 5371 a.
1434 5318 1620 5370 autem
1645 5311 1743 5370 dei
1764 5315 2121 5372 tironicosus
2153 5331 2341 5372 mens.
2375 5345 2445 5355 —-
2475 5317 2758 5372 tvrannus
2789 5316 3101 5372 vehemens
3184 5319 3264 5372 a‘-

225 5329 264 5384 2
297 5327 377 5382 ita
407 5322 571 5392 legit:
603 5311 1043 5389 dei-tiyronicos
1075 5311 1330 5383 mens,'5
1351 5333 1404 5371 a.
1434 5318 1620 5370 autem
1645 5311 1743 5370 dei
1764 5315 2121 5372 tironicosus
2153 5331 2341 5372 mens.
2375 5345 2445 5355 —-
2475 5317 2758 5388 tyrannus
2789 5311 3101 5373 vehemens
3128 5311 3163 5372 5
3184 5319 3268 5389 a‘,

1805 5483 1808 5486 ‘
1823 5466 2060 5526 NOTIE.

327 5572 456 5640 436)
482 5567 641 5641 Virg.
674 5567 804 5641 Ago.
839 5581 917 5641 ιγ,
949 5563 1075 5631 471ι,
1110 5561 1234 5617 475.

231 5691 237 5697 .
305 5635 1034 5716 ll37)_hyz§o,_Baecho._
1349 5704 1402 5716 __
1524 5709 1534 5716 _
1613 5703 1625 5716 ι

306 5704 458 5787 {438)
481 5704 745 5784 Vi'gnola.
784 5723 963 5782 prope
995 5705 1311 5771 Panarum,
1348 5704 1891 5781 Muratoriifpatria.

2076 5565 2225 5641 (139)
2256 5565 2390 5641 Quae
2420 5569 2754 5641 sequuntur
2778 5583 2967 5641 usque
2986 5573 3114 5624 sunt
3137 5570 3561 5641 certasimqye
3579 5563 3660 5617 di-

1997 5639 2183 5715 mittas,
2215 5637 2287 5692 ad
2344 5636 2584 5715 verbum
2643 5639 2761 5698 fere
2791 5636 2887 5698 ex‘
2908 5641 3182 5715 Cicerone
3219 5641 3345 5696 Par.
3366 5636 3539 5708 .vi,’3,
3553 5648 3658 5698 .61:-

2009 5709 2230 5782 scripta
2260 5712 2417 5765 sunt.
