3962 6380
322 410 451 479 891,

1271 402 1759 472 LIUTPRANDI
1801 400 2356 468 CREMONENSIS
2400 402 2783 468 EPISCOPI.

3626 397 3783 467 892

327 548 652 608 multorum
681 544 986 605 oculorum
1011 541 1295 602 excussio.
1322 538 1641 599 simultatis
1659 537 1972 613 sepissima
2000 548 2053 616 Α
2086 542 2293 613 gantes
2324 538 2646 597 formarum
2702 537 3062 611 inspectores
3103 520 3280 595 etiam
3330 540 3507 611 atque
3563 534 3759 594 etiam

326 639 617 714 repetitio,
650 654 786 694 cum
811 634 1018 709 signis,
1050 639 1174 690 tum
1206 632 1525 707 gemitibus
1554 633 1770 686 narrat.
1800 628 1983 685 Hade-
2089 628 2458 686 confirmant.

327 729 562 788 lardum
589 731 782 784 autem
813 725 1061 798 Regensi
1092 723 1348 795 praefecit
1379 718 1636 776 melesiae.

397 820 487 875 30.
519 823 805 875 Bosonem
836 831 989 882 vero,
1022 810 1285 885 Hugonis
1333 810 1487 882 regis
1524 806 1814 881 spurium,
1850 805 1977 861 Pla-

329 908 569 964 centinae
618 905 799 971 sedis,
828 906 895 959 et‘
935 901 1335 957 Liutel‘redum
1385 897 1689 970 Papiensis
1740 892 1976 949 melesiae

327 995 631 1069 episcopos
679 990 961 1065 expellere
1007 989 1319 1062 cogitavit;
1350 1004 1553 1042 verum
1585 984 1979 1047 intercedente

326 1085 548 1158 praatio,
578 1083 651 1140 ob
682 1082 782 1137 Dei
814 1097 875 1137 se
907 1095 1166 1135 amorem
1199 1094 1296 1134 eos
1324 1075 1619 1131 dimisisse
1652 1072 1976 1130 simulavit.

327 1176 513 1241 Quam
525 1172 881 1227 immensum
894 1173 1034 1223 tunc
1048 1166 1209 1223 Italis
1222 1165 1396 1238 gaudi
1408 1160 1977 1219 umlAlterumDavid

327 1262 560 1320 venisse
589 1259 902 1316 latrabant.
935 1257 1043 1312 Sed
1076 1260 1133 1311 et
1164 1272 1375 1328 magno
1421 1252 1627 1308 Karolo
1656 1268 1791 1307 ceca
1820 1250 1979 1305 hunc

328 1354 524 1407 mente
552 1348 953 1421 praeferebant.
982 1347 1350 1416 Quamquam
1372 1342 1530 1397 enim
1553 1341 1759 1395 iterato
1791 1339 1978 1409 llugo-

330 1456 465 1496 nem
496 1442 672 1509 atque
701 1434 1040 1491 Lotharium
1075 1434 1143 1468 ⁴⁰δ
1176 1449 1339 1504 reges
1371 1429 1556 1485 Italici
1589 1428 1975 1499 susciperent,

328 1525 743 1597 Berengarium
780 1527 975 1578 tamen
1028 1522 1262 1577 nomine
1311 1519 1503 1575 solum
1553 1516 1973 1583 marchionem,

326 1617 610 1688 potestate
640 1628 775 1667 vero
798 1627 1015 1683 regem,
1044 1610 1176 1665 illos
1205 1607 1486 1664 vocabulo
1518 1624 1704 1678 rcges,
1729 1608 1857 1659 actu
1879 1621 1978 1658 au-

325 1709 445 1760 tem
477 1719 665 1775 neque
695 1718 799 1774 pro
830 1699 1142 1755 comitibus
1188 1697 1503 1753 habebant.
1561 1694 1709 1759 Quid
1760 1691 1976 1764 plura?

327 1794 515 1852 Tanta
534 1791 644 1847 hac
661 1788 990 1861 Berengarii
1005 1788 1180 1857 fama,
1199 1785 1587 1851 humanitate,
1608 1781 1972 1849 liberalitate,

327 1885 597 1956 parentes
626 1879 741 1935 mei
776 1870 1050 1944 acciti,'ci
1084 1893 1178 1931 me
1201 1876 1269 1931 ad
1314 1874 1685 1930 serviendum
1708 1871 1969 1926 tradunt.

325 1970 429 2030 Cui
459 1975 517 2026 et
544 1966 852 2025 immensis
883 1965 1093 2022 oblatis
1117 1966 1183 2000 ⁴⁰⁶
1213 1963 1582 2030 muneribus,
1617 1964 1977 2017 secretorum

325 2062 453 2133 ejus
465 2057 763 2116 conscium
779 2073 845 2112 ac
858 2054 1237 2128 epistolarum
1251 2051 1976 2121 constituuntsignatorem

326 2149 435 2205 Cui
464 2165 599 2205 cum
631 2145 879 2202 ﬁdeliter
931 2143 1105 2217 longo
1145 2147 1407 2215 tempore
1438 2138 1810 2201 deservirem,
1843 2134 1973 2201 hac,

326 2254 505 2312 quam
536 2239 956 2310 prosecuturus
976 2234 1041 2269 ⁴⁰⁷
1073 2249 1206 2288 sum
1228 2231 1353 2288 suis
1385 2230 1444 2285 in
1476 2228 1638 2295 loeis,
1663 2244 1765 2299 pro
1789 2224 1970 2280 dolor!

325 2327 589 2383 mercede
640 2323 896 2380 donavit.
937 2326 1147 2378 Verum
1178 2321 1301 2376 hrec
1331 2317 1634 2375 retributio
1684 2330 1851 2388 poene
1882 2321 1975 2369 me

325 2416 396 2472 ad
427 2413 893 2487 desperationem
920 2429 1107 2484 usque
1130 2409 1514 2484 pertraheret,
1538 2407 1587 2463 si
1620 2406 1679 2460 in
1707 2421 1768 2459 re
1791 2402 1975 2458 consi-

326 2504 449 2561 mili
480 2502 772 2561 consotios
788 2500 1075 2575 plurimos
1093 2518 1206 2556 non
1233 2499 1559 2555 excuderet.
1583 2499 1658 2550 De
1680 2494 1793 2549 isto
1816 2490 1974 2547 enim

325 2592 568 2668 pulchre
585 2591 807 2649 dictum
828 2590 1181 2663 accipimus:
1203 2585 1744 2645 Pennaestruetionis
1763 2582 1975 2637 similes

321 2686 453 2740 sunt
477 2683 676 2755 pennis
706 2681 988 2753 accipitris
1016 2684 1071 2735 ct
1099 2678 1332 2735 herodii.
1357 2677 1491 2731 Cum
1512 2684 1719 2746 tempus
1741 2672 1971 2727 advene-

324 2774 417 2839 rit,
445 2774 505 2828 in
533 2772 710 2827 altum
737 2771 857 2826 alas
896 2770 1081 2839 erigit,
1114 2767 1321 2823 deridet
1359 2766 1617 2836 (equitem
1647 2766 1697 2817 et
1722 2775 1974 2817 ascenso-

323 2879 440 2919 rem
476 2862 592 2933 ejus
624 2860 758 2932 (Job.
818 2875 1007 2927 xxxix,
1053 2857 1162 2927 13).
1197 2855 1300 2910 Hic
1325 2854 1505 2920 enim,
1557 2849 1974 2923 superstitibus

323 2950 567 3022 Hugonc
595 2953 653 3005 et
679 2945 977 3017 Lothario,
1010 2958 1263 3016 magnus
1285 2955 1575 3011 voraxque
1596 2937 1827 3003 strutio,
1858 2951 1974 2989 non

322 3040 516 3096 bonus
538 3036 641 3093 sed
662 3036 815 3091 bono
836 3031 1050 3089 similis
1067 3036 1156 3087 est
1170 3029 1351 3085 visus.
1366 3029 1465 3084 Eis
1481 3030 1676 3082 autem
1699 3024 1977 3079 deceden-

323 3127 505 3195 tibus,
536 3127 592 3181 et
623 3123 697 3180 ad
720 3123 883 3196 regni
915 3120 1147 3193 fastigio
1169 3118 1449 3174 omnibus
1470 3113 1972 3189 promoventibus,

327 3218 616 3290 quantum
637 3210 760 3269 alas
783 3209 1050 3278 erexerit,
1070 3210 1479 3280 quantumque
1500 3222 1606 3261 nos
1630 3219 1835 3259 omnes
1851 3199 1976 3256 irri-

328 3304 490 3370 serit,
524 3320 640 3360 non
672 3305 795 3357 tam
824 3298 1018 3355 verbis
1047 3313 1227 3370 quam
1257 3294 1530 3367 suspiriis
1559 3310 1627 3349 ac
1657 3290 1975 3367 gemitibus

329 3410 525 3454 narro.
559 3391 671 3450 Sed
700 3388 797 3446 his
824 3386 1081 3456 omissis,
1114 3386 1189 3443 ad
1219 3384 1494 3441 narrandi
1528 3383 1737 3439 seriem
1778 3381 1981 3437 redea-

333 3500 490 3540 mus.

403 3572 464 3628 3i
480 3612 494 3627 .
524 3571 644 3627 Rex
664 3570 830 3641 Hugo
854 3584 987 3622 cum
1011 3565 1270 3623 divinam
1290 3562 1859 3620 animadversionem
1891 3560 1985 3614 de-

333 3661 554 3720 clinare
583 3675 650 3715 ac
681 3655 1028 3730 Berengario
1058 3670 1307 3728 praeesse
1349 3670 1464 3708 non
1514 3655 1730 3725 posset,
1784 3648 1984 3705 relicto

336 3748 606 3808 Lothario
638 3751 714 3815 et,
746 3744 1025 3801 simulata
1046 3761 1207 3817 pace,
1228 3741 1562 3816 Berengarii
1590 3740 1726 3797 fidei
1749 3739 1981 3807 tradito,

2158 764 2246 817 32.
2281 762 2468 834 Hujus
2497 763 2607 819 hoc
2638 762 2696 818 in
2729 768 2990 835 tempore
3022 780 3207 830 soror,
3241 762 3579 837 Berengarii
3630 762 3752 820 sci-

2088 849 2223 905 licet
2253 868 2398 905 uxor
2426 850 2625 918 Willa,
2656 869 2829 924 passa
2850 855 2939 907 est
2967 851 3187 907 crimen
3218 851 3444 908 incesti.
3468 852 3632 918 Quod
3665 852 3754 906 ita

2087 939 2391 1009 accidisse,
2437 957 2551 995 non
2584 940 2775 995 solum
2815 940 2988 996 aulici
3018 940 3105 996 vel
3137 940 3504 1010 cubicularii,
3537 956 3751 997 verum

2088 1044 2345 1099 aucupes
2372 1034 2427 1083 et
2458 1028 2832 1100 cupedenarii
2864 1029 3141 1085 clamant.
3176 1029 3391 1085 Habuit
3420 1046 3487 1085 ea
3512 1029 3751 1102 presbi-

2089 1116 2345 1172 terulum
2394 1118 2781 1188 capellanum,
2816 1118 3053 1174 nomine
3084 1118 3472 1185 Dominicum,
3508 1122 3753 1174 statura

2088 1205 2343 1272 brevem,
2377 1207 2565 1263 colore
2614 1207 2983 1279 fuligineum,
3034 1208 3341 1276 rusticum,
3387 1207 3748 1280 setigerum,

2085 1294 2419 1364 indocilem,
2454 1300 2765 1368 agrestem,
2794 1297 3131 1366 barbarum,
3164 1297 3397 1363 durum,
3428 1295 3747 1362 villosum,

2087 1384 2409 1452 cauditum,
2441 1385 2760 1456 petulcum,
2782 1385 3079 1453 insanum,
3116 1384 3413 1453 rebellem,
3437 1383 3747 1456 iniquum;

2087 1473 2257 1543 cujus
2279 1473 2614 1543 magisterio
2638 1474 2785 1529 duas
2808 1473 2981 1530 Willa
3010 1474 3521 1529 commendaverat
3543 1475 3745 1538 natas,

2088 1560 2308 1616 Gislum
2343 1561 2561 1616 scilicet
2592 1566 2766 1634 atque
2796 1562 3130 1634 Gibergam,
3160 1567 3222 1617 ut
3268 1579 3367 1618 eas
3409 1561 3749 1618 litterarum

2086 1649 2333 1705 scientia
2362 1654 2638 1722 epotaret.
2659 1650 2973 1707 Occasione
2998 1652 3191 1723 itaque
3216 1649 3568 1723 puellarum,
3593 1667 3750 1723 quas

2087 1738 2388 1810 presbyter
2418 1738 2777 1807 Dominicus,
2798 1739 3085 1806 hirsutus,
3111 1739 3549 1811 inlotus,facere
3572 1739 3749 1795 doce-
3846 1774 3861 1782 ο

2087 1827 2209 1893 bat,
2253 1831 2439 1883 mater
2466 1828 2517 1883 ei
2562 1828 2977 1901 propitiaverat
3006 1830 3092 1896 δη,
3127 1829 3391 1885 tribuens
3422 1828 3749 1886 delicatum

2005 1919 2054 1985 B
2085 1914 2281 1971 cibum
2311 1920 2619 1989 vestesque
2640 1917 2970 1990 praeciosas.
2997 1916 3194 1973 Mirari
3217 1934 3446 1984 omnes,
3469 1934 3575 1973 cur
3605 1934 3749 1973 cun-

2085 2012 2192 2068 ctis
2224 2013 2429 2080 invisa,
2488 2014 2737 2087 ingrata,
2796 2018 2988 2081 tenax,
3039 2014 3175 2071 huic
3231 2014 3503 2071 existeret
3553 2014 3746 2088 larga.

2083 2100 2378 2156 Ssutcntia
2410 2105 2603 2156 tamen
2627 2101 2923 2169 Veritatis,
2957 2120 3085 2175 quae
3111 2103 3230 2158 ait:
3264 2103 3447 2158 Nichil
3495 2110 3752 2175 opertum

2082 2191 2222 2263 quod
2254 2206 2363 2244 non
2394 2192 2680 2257 reveletur,
2712 2199 2763 2246 et
2791 2192 3033 2246 ccultum
3062 2192 3203 2263 quod
3233 2208 3344 2247 non
3366 2194 3427 2247 in
3452 2192 3748 2265 publicum

2080 2281 2267 2335 veniat
2296 2279 2505 2350 (Matth.
2540 2297 2593 2348 x,
2627 2281 2741 2349 26),
2778 2280 2877 2335 diu
2903 2280 3103 2336 mirari
3135 2281 3407 2337 homines
3427 2298 3602 2354 passa
3625 2298 3747 2338 non

2082 2373 2171 2424 est
2224 2368 2369 2422 Nam
2403 2384 2537 2422 cum
2570 2372 2739 2424 nocte
2774 2369 3053 2441 quadam,
3088 2371 3440 2444 Berengario
3471 2371 3747 2439 absente,

2083 2456 2155 2512 ad
2175 2456 2365 2511 cubile
2387 2456 2748 2512 dominicum
2770 2473 2930 2513 more
2948 2457 3117 2513 solito
3138 2458 3406 2516 hirsutus
3427 2460 3615 2516 isdem
3629 2459 3753 2516 vel-

2081 2545 2160 2601 let
2173 2545 2490 2612 accederet,
2511 2545 2672 2601 canis
2695 2545 2869 2601 isthic
2891 2547 3111 2615 aderat,
3127 2548 3227 2619 qui
3242 2546 3453 2605 latratu
3472 2547 3753 2605 horribili

2082 2634 2564 2705 circumjacentes
2592 2634 2825 2690 exitavit
2862 2635 2948 2702 "3,
2995 2634 3269 2708 huncque
3319 2652 3517 2692 morsu
3568 2637 3753 2693 vehe-

2083 2722 2266 2778 menti
2297 2722 2556 2778 laniavit.
2589 2726 3018 2795 Consurgentes
3048 2725 3301 2797 denique
3340 2725 3440 2798 qui
3471 2726 3530 2781 in
3563 2726 3752 2782 domo

2083 2816 2273 2879 erant,
2306 2827 2440 2867 cum
2464 2828 2600 2867 eum
2632 2812 3225 2884 comprauhenderent,
3249 2818 3324 2881 et,
3348 2831 3463 2886 quo
3494 2814 3625 2883 iret,
3652 2813 3755 2877 ine

2082 2905 2447 2972 terrogarent
2465 2900 2894 2973 apologeticum
2913 2901 3070 2956 istud
3101 2902 3477 2974 anticipando
3500 2902 3756 2959 domina

2083 2989 2282 3043 dedit:
2314 2989 2392 3043 Ad
2438 2990 2699 3044 mulieres
2749 2993 2965 3045 nostras
3011 2990 3124 3044 ibat
3155 2990 3450 3060 perditus!
3481 2992 3752 3064 Sperans

2084 3076 2282 3148 itaque
2312 3077 2737 3149 presbiterulus
2768 3078 2880 3134 sibi
2906 3077 3095 3134 lenius
3116 3078 3255 3145 fore,
3284 3076 3334 3133 si
3355 3082 3579 3135 teneret
3602 3096 3749 3136 sen-

2083 3165 2334 3222 tenciam
2365 3165 2647 3222 dominae:
2680 3169 2762 3222 Ita
2793 3172 2892 3235 est,
2925 3170 3171 3240 inquam.
3204 3166 3366 3239 Cepit
3394 3166 3596 3240 itaque
3631 3169 3753 3226 do-

2003 3284 2048 3353 c
2087 3253 2248 3309 mina
2267 3253 2395 3353 vitm
2416 3255 2542 3353 ejus
2558 3254 2847 3323 insidiari,
2874 3256 3298 3328 praemiumque
3321 3255 3756 3328 promittere,si

2087 3342 2366 3415 esset,qui
2388 3341 2440 3398 ei
2461 3343 2639 3398 vitam
2664 3344 2938 3400 auferret.
2964 3345 3076 3401 Sed
3102 3361 3236 3401 cum
3259 3344 3537 3401 timerent
3556 3346 3756 3403 Deum

2089 3448 2314 3499 omnes,
2339 3434 2398 3487 et
2426 3448 2585 3487 mors
2615 3433 2743 3504 ejus
2759 3433 3113 3502 ditl‘erretur,
3138 3432 3400 3505 pervenit
3429 3434 3501 3489 ad
3533 3434 3759 3491 Beren—

2090 3520 2319 3594 garium
2350 3536 2563 3576 sermo.
2583 3519 2769 3575 WilIa
2785 3536 2919 3576 vero
2937 3521 3093 3591 cepit
3108 3522 3409 3594 aruspices
3430 3520 3760 3580 maleﬁcos-

2092 3627 2206 3682 que
2238 3609 2553 3681 inquirere,
2599 3624 2715 3680 quo
2760 3624 2966 3687 eorum
3022 3609 3388 3667 carminibus
3421 3612 3756 3683 juvaretur.

2092 3699 2300 3755 Utrum
2325 3702 2521 3754 autem
2549 3696 2762 3752 horum
2795 3696 3157 3753 carminibus
3188 3716 3261 3754 an
3290 3699 3625 3773 Berengarii
3673 3700 3758 3756 sit

2096 3787 2299 3859 adjuta
2329 3784 2602 3851 mollicie,
2634 3785 2777 3840 adeo
2828 3800 2995 3841 mens
3039 3786 3170 3858 ejus
3216 3790 3307 3843 est
3353 3786 3653 3856 inclinata,
3687 3793 3757 3844 ut

336 3840 396 3895 in
428 3835 791 3893 Provinciam
823 3833 981 3890 omni
1027 3849 1162 3889 cum
1191 3831 1440 3904 pecunia
1476 3828 1827 3903 properavit.
1862 3828 1986 3892 Quo

336 3921 1372 3994 auditoRaimundusAquetaniorum
1386 3921 1660 3993 princeps
1674 3935 1809 3975 eum
1822 3916 1986 3985 adiit,
2047 3963 2052 3968 .
2253 3963 2456 4014 Sponte
2487 3963 2721 4014 maritali
2755 3963 3048 4014 pertineret
3076 3978 3173 4014 om
3200 3966 3316 4014 eam

2047 3964 2052 3968 ·
3455 3964 3610 4028 (πίω-

338 4121 452 4179 quo
481 4103 595 4161 sibi
626 4106 995 4159 servaturum
1034 4101 1373 4171 juramento
1413 4097 1759 4153 adﬁrmavit.
1794 4096 1905 4151 Sed
1935 4099 1993 4151 et

338 4192 705 4268 congregatis
736 4190 920 4263 copiis
943 4188 1168 4246 Italiam
1188 4187 1597 4260 ingressurum
1620 4202 1685 4240 ac
1702 4185 1993 4256 Berenga~

339 4284 495 4339 rium
527 4280 957 4338 debellaturum
982 4279 1051 4313 ⁴⁰⁰
1077 4295 1204 4334 esse
1225 4276 1497 4350 promisit
1524 4300 1538 4344 ;
1568 4275 1726 4347 quod
1776 4278 1993 4346 quanto

341 4389 447 4430 nos
469 4388 672 4427 omnes
694 4368 994 4442 cachynno
1014 4365 1290 4432 all'ecerit,
1310 4364 1503 4437 gentis
1521 4364 1786 4435 ejusdem
1803 4361 1996 4418 vilitas

344 4460 540 4534 palam
572 4460 731 4527 facit,
755 4475 882 4530 quae
908 4456 1017 4513 etsi
1045 4455 1319 4529 praesidio
1348 4470 1478 4510 esse
1508 4458 1726 4526 posset,
1753 4453 1825 4509 ad
1858 4454 2000 4508 eﬂ'e-

347 4554 507 4604 ctum
523 4552 722 4602 tamen
735 4545 1194 4617 haudquaquam
1210 4540 1856 4616 perduceret,quoniam
1876 4541 2001 4612 qui-

347 4637 501 4701 dem,
524 4637 769 4689 vocante
790 4632 1059 4701 Domino,
1082 4631 1239 4688 brevi
1263 4648 1361 4687 rex
1395 4631 1560 4703 Hugo
1581 4631 1735 4686 viam
1760 4633 1849 4686 est
1871 4646 1997 4686 car-
2030 4656 2077 4722 D

348 4724 441 4779 nis
471 4720 755 4777 universa:
783 4720 1088 4793 ingressus
1119 4721 1189 4771 δια
1214 4722 1326 4788 (an.
1369 4722 1494 4789 966,
1541 4721 1765 4793 April.),
1814 4723 1997 4776 Bertaa

350 4810 509 4884 nepti
535 4826 679 4875 suae,
697 4809 942 4867 Bosonis
964 4808 1324 4865 Arelatensis
1342 4810 1574 4866 comitis
1592 4809 1800 4879 viduae,
1826 4826 2001 4882 pecu-

350 4901 448 4957 nia
469 4897 767 4957 derelicta.
792 4898 976 4963 Quam
1001 4896 1177 4953 etiam
1196 4898 1353 4952 brevi
1376 4897 1563 4970 spatio
1585 4898 2003 4966 intercedente,

2100 4142 2528 4199 Presbiterulus
2547 4142 2765 4214 itaque,
2790 4141 2929 4215 quia
2951 4142 3202 4199 dominm
3226 4142 3524 4200 asseculas
3544 4143 3761 4200 adhin-

2103 4231 2264 4300 nivit,
2296 4230 2566 4287 virilibus
2597 4230 2917 4303 amputatis
2937 4230 3282 4299 dimittitur;
3311 4230 3551 4287 domina
3571 4248 3702 4288 vero
3725 4250 3760 4288 a

2106 4319 2453 4393 Berengario
2477 4320 2664 4393 magis
2687 4319 3600 4393 diligitur.Dixcruntautem,qui
3622 4337 3757 4376 eum

2105 4409 2825 4481 eunuchizaverunt,quod
2843 4407 3049 4463 merito
3073 4406 3243 4464 illum
3257 4408 3497 4466 domina
3512 4414 3759 4479 amaret,

2109 4514 2283 4571 quem
2317 4497 2579 4570 priapeia
2610 4500 2841 4570 portare
2874 4513 3040 4552 arma
3068 4500 3379 4553 constaret.

2177 4633 2268 4688 33.
2291 4632 2400 4688 Per
2421 4631 2479 4687 id
2501 4636 2735 4704 tempus
2760 4630 3395 4704 Taxis,Hungariorum
3419 4645 3767 4703 rex,magno

2109 4738 2246 4778 cum
2269 4722 2523 4777 exercitu
2548 4721 2608 4776 in
2639 4720 2868 4777 Italiam
2893 4720 3071 4777 venit.
3105 4718 3208 4775 Cui
3227 4717 3614 4788 Berengarius
3645 4735 3769 4775 non

2109 4827 2179 4868 ex
2208 4810 2444 4882 propria
2463 4809 2733 4881 pecunia,
2758 4810 2859 4865 sed
2884 4826 2953 4865 ex
2975 4806 3317 4864 eclesiarum
3338 4820 3405 4860 ac
3434 4820 3771 4876 pauperum

2113 4898 2453 4956 collectione
2475 4898 2543 4954 40
2556 4899 2783 4954 modios
2804 4911 3183 4953 nummorum
3195 4894 3375 4950 dedit.
3392 4891 3549 4949 Fecit
3567 4897 3772 4953 autem

352 4990 712 5082 memoratus
727 4984 1832 5082 Raiqundus,impurissimaa‘ilgentis
1847 4987 2006 5060 prin-
2112 4990 2241 5056 hoc,
2278 5005 2393 5045 non
2426 4992 2491 5044 ut
2521 4987 2722 5060 populi
2754 5003 2959 5043 curam
2983 4986 3244 5051 haberet,
3258 4983 3360 5041 sed
3380 4985 3448 5039 ut
3476 4982 3590 5039 hac
3611 4998 3775 5041 occa-

353 5091 488 5148 ceps
517 5071 805 5145 inpurior,
856 5073 971 5129 sibi
1009 5072 1283 5127 maritam
1314 5073 1581 5129 ell‘ecerat
1607 5091 1622 5142 ;
1672 5077 1842 5147 cujus
1888 5093 2005 5133 non
2115 5078 2277 5134 sione
2294 5091 2573 5149 magnam
2598 5074 2908 5148 pecuniam
2931 5076 3331 5148 congregaret.
3352 5071 3514 5138 Quod
3534 5074 3594 5128 et
3614 5071 3770 5129 fecit.

354 5162 547 5219 solum
571 5160 886 5217 concubitu
898 5176 1101 5215 verum
1119 5158 1297 5215 etiam
1315 5160 1514 5217 osculo
1535 5161 1868 5235 indignum,
1889 5165 2006 5224 ele-
2115 5167 2179 5223 In
2203 5166 2364 5222 omni
2385 5166 2543 5222 enim
2566 5164 2760 5221 utrius
2788 5180 2963 5220 sexus
2974 5163 3427 5235 homo,tamque
3449 5159 3774 5218 ablactatus

1707 5278 1945 5337 VARI/E
2006 5281 2421 5338 LECTIONES.

422 5374 491 5448 ιίξδ
531 5370 843 5448 lothariul
926 5372 993 5406 ⁴⁰⁶
1042 5370 1219 5448 oblati
1242 5371 1340 5448 _l._
1381 5372 1448 5407 ‘°7
1474 5390 1825 5448 prosecurus
1877 5379 1930 5434 4.
2008 5381 2075 5414 ⁴⁰³
2124 5380 2269 5435 deest
2296 5380 2352 5445 5,
2407 5379 2444 5433 5
2494 5393 2550 5433 a.
2627 5378 2695 5413 ⁴⁰⁹
2746 5375 3158 5432 debelaturum
3189 5375 3242 5431 Ι.
3313 5375 3390 5448 _“_°
3419 5373 3694 5448 ingressus
3721 5373 3774 5448 l.

352 5441 856 5578 Eési‘ngusdigsgmm
885 5459 1024 5500 corr.
1060 5441 1537 5517 impurissimis].
1615 5447 1682 5481 ⁴¹²
1711 5451 1752 5501 t.
1788 5448 1844 5503 d.
1876 5466 1927 5505 c.
1958 5467 2010 5507 v.
2041 5467 2099 5522 ρ.
2148 5451 2223 5507 Μ.
2257 5467 2311 5506 o.
2338 5441 2394 5505 'c.
2442 5466 2493 5504 c.
2527 5450 2585 5504 in
2634 5449 2831 5505 desunt
2856 5450 2909 5504 5.
2941 5449 2978 5502 5
3006 5465 3059 5504 ει,
3139 5449 3209 5482 na
3232 5446 3407 5505 isthic
3437 5441 3779 5504 ,ξαίὶᾶΠῆ

426 5688 473 5764 (4
488 5684 591 5757 40)
609 5679 879 5741 Juvenal.
911 5684 1028 5741 Sat.
1058 5703 1139 5758 v1,
1170 5686 1258 5743 43.
1960 5616 2175 5674 NOTAE
