3962 6376
360 408 480 473 899

1325 403 1806 469 LIUTPRANDI
1850 396 2400 465 CREMONENSIS
2443 401 2831 465 EPISCOPI.

3663 399 3803 464 960

360 557 547 614 seros,
581 540 907 616 se'sibique
947 539 1325 599 commissam
1380 544 1644 595 sanctam
1694 536 2017 592 Romanam
2049 537 2103 602 Α
2133 534 2387 607 denique
2435 537 2659 607 justus,
2718 554 2823 593 cur
2877 536 3253 595 Adelbertum
3303 536 3559 593 Johanes
3606 552 3802 608 papa,

363 630 669 689 ecclesiam
698 648 769 687 ex
797 647 1001 687 eorum
1034 630 1302 686 faucibus
1332 627 1624 694 liberaret,
1656 642 1723 682 ac
1754 623 1929 681 saluti
1962 626 2021 678 et
2129 640 2304 695 quem
2365 625 2533 696 prius
2587 626 2720 682 odio
2778 627 3107 684 vehementi
3152 626 3591 700 insequebatur,
3626 639 3802 679 nunc

361 719 618 777 libertati
650 720 911 793 pristina:
965 719 1318 775 restitueret.
1381 718 1510 773 Haec
1571 716 1711 771 dum
1771 712 2016 769 Romani

362 809 555 865 nuntii
585 812 1045 882 conquerantur‘
1078 808 1167 863 vir
1212 805 1561 863 venerabilis
1611 803 2014 874 Waldpertus,

360 902 575 953 sanctae
607 895 1062 953 Mediolanensis
1085 895 1308 951 eclesiae
1334 890 2017 965 archiepiscOpus,semi-

357 986 524 1042 vivus
553 1003 625 1042 ex
653 985 1066 1057 praedictorum
1089 984 1249 1040 rabie
1271 980 1605 1054 Berengarii
1634 984 1811 1051 atque
1848 977 2016 1033 Adel-

356 1074 506 1130 berti
536 1074 841 1145 liberatus,
891 1072 1163 1146 superius
1211 1069 1519 1129 memorati
1571 1068 1821 1133 Ottonis,
1875 1071 2015 1122 tunc

357 1164 515 1237 regis
545 1179 699 1220 nunc
730 1162 949 1219 cesaris
979 1161 1236 1235 augusti,
1270 1160 1592 1233 potentiam
1618 1156 1806 1222 addit,
1859 1155 2013 1210 indi-

356 1269 524 1320 cans,
556 1268 622 1308 se
651 1269 766 1307 non
801 1267 973 1324 posse
1003 1251 1152 1307 ferre
1183 1254 1241 1305 et
1294 1249 1415 1321 pati
1448 1245 1781 1318 Berengarii
1838 1248 2013 1315 atque

349 1324 898 1407 Adelbertimecnon
922 1337 1177 1394 etWilla:
1200 1336 1637 1406 smvitiam,quze
1658 1333 2008 1387 Mannassen

349 1427 751 1485 Arelatensem
784 1427 1125 1499 episcopum
1148 1430 1350 1482 contra
1372 1425 1476 1495 jus
1508 1423 1711 1493 fasque
1732 1417 2010 1487 (Mediola-

354 1516 521 1573 nensi
549 1516 676 1572 sedi
706 1516 1060 1589 praefecerat.
1091 1515 1298 1571 Aiebat
1357 1529 1517 1581 sane,
1578 1511 1730 1566 hanc
1789 1507 2008 1564 eclesisa

352 1621 471 1662 sum
505 1620 634 1662 esse
664 1602 1399 1676 calamitatem,quaa,quod
1431 1617 1493 1656 se
1524 1614 1781 1670 suosque
1805 1612 2009 1669 capere

350 1697 662 1767 oporteret,
686 1692 1077 1764 interciperet.
1094 1692 1205 1747 Sed
1225 1690 1431 1746 Waldo
1461 1689 1762 1744 Cumanus
1784 1686 2006 1757 episco-

350 1800 460 1856 pus
491 1783 648 1838 hunc
678 1798 828 1853 pone
859 1786 950 1837 est
979 1785 1242 1847 secutus,
1275 1796 1390 1834 non
1423 1778 1717 1851 disparem
1741 1793 1775 1831 a
1803 1775 2010 1829 Beren-

349 1873 534 1969 gario,
564 1871 878 1969 Adalperto
906 1875 967 1926 et
994 1869 1380 1940 Willa,quam
1400 1866 2009 1969 Waldpertusmontu:
2035 1903 2086 1969 Β

350 1961 587 2018 meliam
614 1960 925 2016 clamitans
954 1976 1017 2014 se
1046 1974 1178 2014 esse
1225 1973 1593 2029 perpessum.
1625 1954 1919 2009 Venerant
1949 1955 2007 2006 et

350 2048 618 2105 nonnulli
649 2047 890 2103 alterius
929 2045 1152 2101 ordinis
1176 2062 1246 2101 ex
1272 2044 1437 2099 Italia
1478 2042 1608 2109 viri,
1660 2059 1808 2113 quos
1855 2040 2008 2095 inter

350 2136 601 2192 illustris
622 2134 892 2191 'maschio
924 2134 1201 2189 Othertus
1234 2149 1368 2187 cum
1410 2129 1749 2203 apostolicis
1797 2146 2004 2184 cucur-

350 2230 508 2282 rerat
535 2223 780 2290 nuntiis,
812 2239 848 2277 a
876 2220 1250 2278 sanctissimo
1281 2220 1663 2285 Ottone,tune
1694 2233 1828 2289 rege
1850 2232 2006 2271 nunc

360 2316 614 2387 augusto
643 2327 876 2380 caesare,
910 2308 1242 2378 consilium,
1277 2307 1560 2363 auxilium
1592 2310 1887 2378 expetens.

424 2402 549 2475 (An.
576 2400 728 2473 961.)
759 2401 813 2454 2.
844 2399 1065 2454 Horum
1096 2397 1294 2469 itaque
1334 2412 1433 2452 rex
1480 2394 1787 2468 piissimus
1834 2392 2005 2448 lacri-

351 2490 536 2548 mosis
566 2488 889 2562 qumstibus
921 2486 1256 2553 inclinatus,
1291 2501 1407 2540 non
1438 2500 1565 2556 quae
1598 2500 1706 2539 sua
1734 2482 1835 2538 sed
1878 2498 2005 2553 quae

348 2581 489 2637 Jesu
513 2578 728 2635 Christi
750 2580 891 2634 sunt
911 2574 1392 2648 cogitansﬁlium
1417 2589 1593 2630 suum
1626 2571 1737 2627 sibi
1760 2570 2009 2642 azquivo-

352 2684 488 2724 cum
516 2671 721 2724 contra
742 2682 966 2722 morem
1005 2663 1332 2736 puerilibus
1357 2663 1414 2717 in
1447 2660 1616 2717 annis
1643 2676 1838 2733 regem
1870 2675 2005 2714 con-

352 2757 623 2823 stituens,
656 2771 793 2810 eum
822 2754 882 2809 in
929 2752 1179 2809 Saxonis
1209 2750 1557 2823 dereliquit;
1596 2750 1720 2822 ipse
1751 2747 2006 2804 collectis

353 2844 537 2916 copiis
557 2842 785 2899 Italiam
808 2842 1066 2915 percitus
1086 2840 1379 2905 venit.0ui
1412 2843 1571 2894 tanto
1591 2838 2005 2909 Berengarium

355 2938 531 3004 atque
556 2930 937 3002 Adalpertum
983 2929 1230 2985 celerius
1282 2945 1462 3000 regno
1511 2926 1754 2999 expulit,
1788 2930 2007 2998 quanto

355 3020 769 3091 constat,quod
793 3017 1225 3075 commilitones
1255 3017 1491 3072 Petrum
1518 3021 1574 3071 et
1604 3015 1847 3070 Paulum
1879 3033 2011 3071 san-

353 3109 652 3165 ctissimos
713 3105 1008 3179 apostolos
1066 3105 1291 3160 habuit.
1338 3104 1534 3159 Bonus
1566 3104 1762 3175 itaque
1792 3120 1890 3157 rex
1919 3104 2007 3157 di-

350 3213 561 3271 spersa
590 3211 951 3268 congregans
976 3198 1034 3250 et
1065 3195 1247 3249 fracta
1276 3192 1668 3261 eonsolidans,
1693 3192 1847 3265 quod
1881 3191 2008 3246 cui-

2127 712 2414 785 diligeret,
2450 714 2595 769 satis
2626 713 2827 770 mirari
2856 733 2972 772 uon
3006 716 3216 789 potuit.
3248 714 3558 771 Accersitis
3603 728 3801 786 quam

2127 802 2199 856 ob
2227 818 2348 857 rem
2381 803 2739 874 quibusdam
2772 804 3163 861 familiaribus
3185 803 3417 876 (l48),si
3446 803 3556 859 hoc
3576 817 3799 859 verum

2125 895 2298 958 esset,
2336 892 2581 946 Romam
2608 892 2810 966 dirigit
2838 899 3262 966 percontatum.
3283 895 3545 966 Cumque
3573 892 3800 948 eodem

2125 979 2318 1035 nuntii
2346 980 2764 1051 pervenissent,
2797 982 3136 1055 hujusmodi
3169 1000 3283 1038 non
3317 1000 3351 1039 a
3392 980 3796 1053 quibuslibet,

2124 1068 2225 1123 sed
2277 1068 2349 1123 ab
2398 1069 2695 1137 omnibus,
2730 1075 2830 1126 aut
2879 1072 3100 1143 paucis,
3137 1071 3415 1126 Romanis
3453 1071 3520 1106 ³³⁷
3550 1068 3799 1125 civibus

2121 1173 2404 1229 responsa
2433 1158 2809 1230 suscipiunt:
2844 1183 2871 1210 ‹‹
2906 1161 3031 1214 Non
3079 1160 3281 1231 dispar
3325 1158 3555 1214 videtur
3601 1157 3794 1223 ratio,
3860 1152 3863 1153 ⁷

2121 1262 2226 1300 cur
2271 1245 2573 1302 Johanues
2630 1264 2779 1319 papa
2833 1247 3276 1304 sanctissimum
3330 1246 3797 1319 imperatorem,

2121 1352 2295 1390 suum
2328 1335 2549 1390 scilicet
2591 1352 2659 1390 ex
2701 1335 2995 1391 Adalherti
3047 1335 3321 1391 manibus
3373 1334 3792 1399 liberatorem,

2119 1428 2179 1479 et
2206 1423 2475 1479 diabolus
2505 1423 2690 1479 oderit
2718 1428 3066 1481 Creatorem.
3099 1425 3440 1498 Imperator,
3482 1422 3791 1494 quemad-

2119 1512 2359 1568 modum
2391 1529 2451 1568 re
2476 1511 2606 1584 ipsa
2635 1514 2854 1585 experti
2885 1529 3194 1579 sumus,ea
3223 1530 3349 1584 quae
3384 1510 3485 1567 Dei
3517 1514 3660 1567 sunt
3680 1527 3789 1566 sa-

2116 1601 2222 1673 pit,
2268 1606 2561 1673 operatur,
2619 1601 2846 1675 diligit;
2907 1601 3301 1658 ecclesiastica
3358 1605 3416 1656 et
3469 1598 3787 1656 saecularia

2118 1691 2351 1763 negotia
2367 1691 2549 1746 armis
2579 1690 3096 1757 tutatur,moribus
3117 1693 3306 1755 ornat,
3320 1689 3550 1762 legibus
3570 1704 3786 1744 emun-

2116 1780 2236 1845 dat,
2268 1778 2568 1835 Johannes
2600 1797 2751 1851 papa
2779 1779 2873 1834 his
2902 1779 3177 1834 omnibus
3229 1780 3589 1834 adversatur.
3642 1776 3782 1836 Non

2121 1867 2268 1924 clam
2301 1867 2515 1940 populo
2545 1872 2651 1935 est,
2684 1868 2840 1939 quod
2871 1867 3141 1924 fatemur.
3171 1867 3360 1923 Testis
3392 1870 3483 1922 est
3513 1866 3781 1922 Rainerii

2116 1956 2208 2012 sui
2240 1956 2428 2029 ipsius
2459 1955 2664 2011 militis
2694 1956 2894 2025 vidua,
2926 1974 3103 2029 quam
3153 1973 3301 2011 emco
3351 1959 3559 2028 captus
3611 1954 3777 2027 igne,

2115 2044 2320 2101 multis
2351 2045 2649 2116 praefatam
2684 2045 2953 2116 urbibus,
2987 2044 3378 2100 sacrosanctis
3425 2042 3577 2099 beati
3616 2043 3779 2099 Petri

2115 2135 2352 2189 donavit
2383 2132 2576 2189 aureis
2607 2134 2880 2190 crucibus
2911 2138 3087 2206 atque
3121 2133 3422 2190 calicibus.
3457 2132 3649 2189 Testis
3680 2136 3779 2188 est

2116 2220 2433 2293 Stephano,
2465 2222 2593 2293 ejus
2627 2222 2828 2290 amita,
2861 2239 2989 2294 quae
3021 2223 3080 2278 in
3112 2223 3396 2279 effusione
3415 2222 3567 2295 quod
3600 2238 3671 2278 ex
3701 2238 3774 2278 eo

2112 2314 2476 2381 conceperat,
2509 2325 2709 2366 recens
2744 2310 3044 2368 hominem
3072 2311 3266 2367 exivit.
3295 2311 3444 2376 Quid
3477 2311 3525 2367 si
3557 2314 3777 2367 cuncta

2114 2401 2366 2466 taceant,
2384 2399 2769 2455 Lateranense
2789 2399 3095 2472 palatium,
3115 2403 3453 2456 sanctorum
3471 2399 3771 2472 quondam

2115 2486 2460 2560 hospitium,
2480 2503 2636 2542 nunc
2669 2485 3613 2560 prostibulumJneretricum,non
3638 2486 3778 2544 sile-

2115 2576 2465 2643 bit,amitam
2479 2577 3148 2649 conjugem,Stephaniaz
3166 2577 3408 2634 alterius
3429 2577 3773 2633 concubinae

2116 2681 2397 2721 sororem.
2431 2664 2621 2721 Testis
2653 2666 2915 2721 omnium
2949 2666 3215 2740 gentium
3248 2670 3455 2739 praeter
3484 2667 3777 2723 Romana-

2115 2771 2248 2809 rum
2279 2753 2545 2809 absentia
2576 2752 2911 2821 mulierum,
2944 2772 3072 2826 quae
3099 2759 3436 2811 sanctorum
3479 2754 3777 2827 apostolo-

2118 2860 2248 2897 rum
2279 2842 2487 2898 limina
2516 2843 2718 2898 orandi
2747 2843 2936 2915 gratia
2966 2843 3175 2899 timent
3214 2844 3419 2911 visere,
3452 2860 3587 2899 cum
3619 2860 3777 2899 non-

2119 2930 2311 2987 nullas
2343 2937 2477 2987 ante
2508 2932 2631 2987 dies
2662 2949 2880 3004 paucos
2902 2932 3058 2988 hunc
3084 2933 3378 2987 audierint
3402 2934 3778 3005 conjugatas,

2116 3020 2694 3092 viduas,virgines,vi
2726 3020 3110 3093 oppressisse.
3144 3023 3343 3077 Testes
3373 3026 3513 3077 sunt
3542 3026 3780 3077 sancto-

2117 3126 2247 3165 rum
2278 3108 2676 3181 apostolorum
2710 3108 2987 3178 ecclesiie,
3023 3128 3150 3182 quae
3181 3127 3296 3166 non
3330 3109 3593 3165 stillatim
3642 3108 3781 3182 plu-

2117 3199 2294 3269 viam,
2324 3198 2428 3253 sed
2460 3201 2649 3253 totum
2705 3203 2924 3254 tectum
2983 3200 3357 3268 intrinsecus,
3413 3216 3595 3272 supra
3648 3199 3783 3272 ipsa

353 3263 467 3359 que
498 3263 943 3359 proprium'fuit
984 3281 1241 3339 restituit
1298 3280 1432 3338 dein
1486 3263 1731 3337 Romani
1789 3280 2009 3337 Similia
2037 3263 2080 3332 (ἶ
2118 3263 2293 3343 etiam
2313 3290 2685 3343 sacrosancta
2701 3285 3170 3358 altariaimbrem
3190 3263 3529 3344 admittunt.
3547 3263 3777 3353 Quahto

350 3376 617 3432 facturus
647 3372 845 3429 adivit.

421 3465 547 3535 (An.
577 3462 732 3534 962.)
763 3461 818 3516 3.
851 3460 960 3517 Ubi
990 3461 1138 3516 miro
1170 3464 1378 3516 ornatu
1411 3476 1674 3531 novoque
1721 3462 2005 3531 apparatu

350 3558 685 3625 susceptus,
707 3552 779 3608 ab
811 3551 1015 3607 eodem
1048 3566 1283 3605 summo
1314 3548 1584 3622 pontiﬁce
1612 3551 1668 3603 et
1693 3546 2007 3603 universali

350 3659 503 3715 papa
530 3639 796 3697 Johanne
827 3638 1166 3694 unctionem
1208 3636 1470 3709 suscepit
1510 3636 1780 3709 imperii;
1815 3636 2005 3692 solum

351 3729 588 3804 propria
617 3745 735 3784 non
758 3727 1242 3794 restituit,verum
1275 3725 1449 3781 etiam
1483 3725 1821 3798 ingentibus
1845 3742 2006 3797 gem-

352 3833 608 3885 marum,
624 3816 750 3872 auri
773 3815 1115 3887 argentique
1139 3814 1482 3870 muneribus
1504 3814 1809 3870 honoravit
1831 3815 2004 3887 (Febr.

351 3907 428 3978 2).
462 3903 892 3977 Jusjurandum
920 3919 1056 3958 vero
1082 3903 1154 3959 ab
1185 3904 1388 3959 eodem
1420 3920 1569 3975 papa
1597 3903 1863 3959 Johanne
1906 3921 2007 3959 su-

353 4011 461 4066 pra
490 3991 989 4065 preciosissimum
1023 4007 1236 4063 corpus
1268 3991 1453 4047 sancti
1483 3991 1655 4060 Petri,
1682 3996 1855 4064 atque
1882 4009 2009 4048 om-

354 4081 531 4138 nibus
562 4079 813 4136 civitatis
844 4079 1202 4152 proceribus,
1224 4096 1286 4135 se
1313 4096 1638 4151 numquam
1662 4080 2007 4154 Berengario

353 4175 529 4243 atque
558 4168 867 4225 Adelberto
917 4166 1357 4237 auxiliaturum,
1413 4168 1655 4240 accepit.
1708 4168 1844 4225 Post
1885 4169 2007 4225 haec

350 4260 594 4333 Papiam
624 4258 691 4293 ⁴³⁸
721 4256 869 4329 (147)
902 4256 1242 4329 quantotius
1268 4256 1585 4328 repedavit.

422 4349 548 4420 (An.
578 4347 731 4416 963.)
758 4347 810 4401 4.
864 4345 1091 4402 Interea
1146 4345 1424 4418 praefatus
1477 4361 1630 4417 papa
1684 4346 2006 4416 Johannes,

343 4436 669 4511 juramenti
685 4440 743 4492 et
765 4433 1174 4507 promissionis
1194 4433 1412 4490 oblitus
1433 4450 1610 4505 quam
1630 4440 1829 4492 sancto
1859 4436 2007 4492 fece-

351 4529 443 4583 rat
469 4521 829 4596 imperatori,
863 4523 935 4578 ob
959 4522 1364 4593 Adelbertum,
1389 4526 1453 4577 ut
1482 4538 1544 4579 se
1576 4523 1767 4592 adeat,
1802 4525 2005 4592 mittit,

2115 3393 2222 3432 nos
2252 3380 2469 3431 terrore
2499 3375 2664 3448 tigna
2694 3375 2980 3447 afﬁciunt,
3030 3394 3163 3432 cum
3216 3376 3471 3431 divinam
3502 3375 3569 3411 ⁴³⁸
3600 3392 3777 3448 opem

2116 3464 2317 3520 eodem
2352 3462 2771 3536 deposcimus?
2798 3481 2958 3520 mors
2988 3464 3049 3520 in
3080 3464 3248 3521 tectis
3273 3467 3630 3537 regnat,quie
3663 3480 3774 3520 nos

2116 3571 2280 3610 orare
2306 3552 2494 3609 multa
2512 3551 2771 3608 volentes
2792 3553 3057 3625 impedit,
3075 3558 3250 3626 atque
3271 3555 3513 3609 domum
3537 3552 3775 3609 Domini

2116 3660 2251 3698 mox
2281 3642 2548 3714 linquere
2575 3642 2747 3714 cogit.
2779 3643 2983 3698 Testes
3014 3648 3150 3699 sunt
3172 3660 3287 3699 non
3320 3641 3508 3698 solum
3533 3642 3779 3713 juncea-

2117 3750 2249 3788 rum
2294 3735 2590 3799 curatura,
2639 3731 2741 3787 sed
2774 3735 2830 3786 et
2859 3730 3286 3787 cotidianarum
3319 3728 3594 3786 mulieres
3625 3729 3774 3802 (149)

2117 3823 2460 3878 formarum.
2496 3820 2599 3876 Cui
2630 3820 2787 3876 idem
2820 3824 2927 3888 est,
2955 3843 2980 3871 ‹‹
3015 3821 3085 3876 Et
3115 3819 3338 3875 silicem
3366 3819 3614 3891 pedibus
3644 3834 3773 3890 quas

2118 3914 2423 3967 conterunt
2454 3914 2647 3965 atrum
2682 3909 2851 3981 (I50),
2882 3932 2908 3958 ››
2942 3913 2999 3964 et
3028 3926 3155 3980 quae
3186 3910 3536 3981 magnorhm
3567 3907 3774 3962 subve-

2115 4000 2339 4055 huntur
2369 3998 3110 4070 adjutoriojumentorum.
3144 3998 3331 4069 Atque
3380 3995 3489 4053 hoc
3548 3996 3629 4052 rei
3685 4000 3777 4052 est

2117 4088 2272 4161 quod
2306 4091 2469 4142 tanta
2499 4087 2549 4143 ei
2582 4104 2716 4142 cum
2750 4087 3098 4159 imperatore
3123 4091 3323 4141 sancto
3351 4085 3642 4141 discordia
3661 4090 3770 4153 est,

2119 4198 2149 4229 ‹‹
2203 4175 2361 4249 lupis
2408 4179 2465 4231 et
2494 4175 2661 4249 agnis
2695 4181 2914 4247 quanta
2942 4175 3145 4231 sortito
3178 4174 3387 4247 optigit
3418 4173 3583 4246 (151).
3620 4196 3642 4225 ι
3680 4171 3771 4227 Illi

2116 4265 2239 4321 haec
2270 4268 2337 4320 ut
2364 4263 2633 4337 inpunite
2662 4263 2856 4332 liceat,
2877 4263 3253 4336 Adelpertum
3276 4262 3387 4317 sibi
3415 4266 3664 4334 patrem,
3683 4264 3768 4317 tu-

2115 4358 2323 4420 torem,
2356 4352 2721 4409 defensorem
2756 4355 2941 4424 parat.
2974 4374 3003 4402 ))
3499 4420 3508 4430 '

2185 4443 2240 4496 5.
2262 4441 2393 4496 Haec
2424 4440 2564 4495 dum
2592 4457 2626 4496 a
2657 4440 3039 4496 redeuntibus
3072 4439 3294 4496 nuntiis
3321 4438 3640 4512 imperator
3663 4456 3771 4495 au-

2117 4529 2268 4585 diret
2290 4528 2496 4584 :«Puer
2523 4527 2753 4599 inquid,
2786 4532 2898 4597 est,
2928 4528 3095 4584 facile
3125 4528 3410 4583 bonorum
3437 4526 3776 4599 immutabi-

344 4612 683 4685 juramento
713 4609 764 4667 ei
789 4610 1130 4677 adﬁrmans,
1152 4628 1215 4669 se
1239 4610 1406 4668 illum
1427 4616 1629 4667 contra
1649 4613 2006 4670 sanctissimi
2039 4632 2085 4698 Ι)
2117 4622 2214 4674 tur
2256 4616 2520 4689 exemplo
2566 4617 2850 4672 virorum.
2896 4615 3152 4687 Sperabo
3203 4631 3336 4669 eum
3364 4615 3777 4687 objurgatione

352 4699 724 4774 imperatoris
757 4698 1077 4772 potentiam
1105 4700 1472 4771 adjuturum.
1504 4701 1660 4756 Adeo
1690 4701 1847 4757 enim
1873 4720 2012 4759 eun-

354 4792 487 4848 dem
517 4787 1278 4856 Adelbertum,eclesiarum
1300 4789 1403 4845 Dei
1435 4788 1819 4862 ejusdemque
1848 4808 2010 4864 papas

352 4879 640 4937 Johannis
653 4883 1082 4951 persecutorem
1092 4920 1106 4945 ,
1123 4878 1441 4949 imperator
1451 4883 1690 4934 sanctus
1703 4883 2009 4952 terruerat,

354 4970 421 5023 ut
450 4983 688 5023 omnem
725 4965 956 5022 Italiam
1007 4964 1303 5034 deserens,
1365 4966 1743 5022 Fraxinetum
1803 4969 2009 5040 adiret,

355 5071 535 5127 seque
555 5052 1013 5112 Sarracenorum
1039 5052 1172 5110 fidei
1202 5055 1656 5112 commendaret.
1692 5057 2015 5130 Imperator

2120 4706 2387 4771 honesta,
2419 4703 2693 4759 suasione
2723 4702 2970 4768 liberali,
3005 4701 3171 4756 facile
3193 4717 3262 4756 ex
3292 4698 3409 4755 illis
3441 4717 3568 4756 sese
3593 4715 3782 4758 emer-

2121 4811 2327 4851 surum
2360 4792 2571 4860 malis;
2605 4792 2985 4860 dicemusque
3010 4805 3144 4844 cum
3177 4787 3460 4861 propheta
3492 4804 3505 4843 :
3538 4790 3668 4846 ch
3697 4802 3782 4849 est

2120 4883 2417 4939 inmutatio
2471 4881 2688 4936 dextrw
2746 4877 2964 4933 Επειδί
3018 4877 3189 4946 (Psal.
3248 4893 3431 4945 Lxxvi,
3497 4876 3609 4949 11).
3645 4900 3676 4928 ››
3706 4880 3781 4936 Et

2121 4972 2335 5045 adjecit
2371 4986 2436 5025 ;‹‹
2462 4968 2625 5032 Quod
2655 4966 2820 5039 prius
2847 4982 3045 5021 rerum
3072 4966 3212 5021 ordo
3247 4964 3528 5037 deposcit,
3565 4967 3774 5023 Beren-

2122 5062 2352 5135 garium
2384 5057 2443 5112 in
2475 5056 2766 5112 Feretrato
2798 5046 2997 5112 monte
3047 5055 3414 5112 resistentem
3464 5055 3775 5128 propulsa-

1720 5164 1965 5222 VARle
2002 5167 2416 5226 LECTIONES.

425 5248 760 5327 “ipapiam
809 5247 901 5305 vel
958 5248 1210 5322 patriam
1262 5253 1319 5306 2.
1382 5249 1634 5321 patriam
1668 5256 1697 5304 5
1729 5268 1781 5307 a.
1858 5255 1924 5289 ‘37
1954 5258 1995 5314 ἰ.
2027 5274 2075 5316 e.
2111 5274 2229 5315 non
2260 5273 2296 5313 a
2324 5250 2687 5327 quibuslibet
2713 5255 2816 5309 aut
2844 5250 3048 5325 paucis
3076 5252 3178 5310 sed
3211 5252 3282 5308 ab
3314 5250 3590 5309 omnibus
3620 5250 3687 5309 R.
3717 5267 3776 5311 ο.

1949 5399 2183 5458 NOT/E.

355 5320 425 5359 "3
456 5318 655 5378 divitia
679 5322 736 5377 2.

355 5461 575 5593 di(1:7)
604 5463 770 5521 Anno
794 5462 921 5530 962,
947 5462 1109 5535 April
1135 5465 1193 5533 2,
1222 5463 1278 5532 9,
1304 5463 1396 5534 20,
1422 5462 1743 5537 diplomata
1772 5466 1854 5523 ibi
1877 5486 2013 5527 con-

462 5554 479 5593 ι
514 5573 529 5591 ι
1296 5564 1307 5585 ο

462 5554 529 5593 ιι.
1296 5564 1307 5585 ο

452 5573 579 5665 ῖῖς)
606 5603 983 5665 Liudorando
1003 5605 1033 5660 ?

452 5608 555 5665 14$
606 5605 752 5665 Liud
794 5603 1033 5665 rando?

424 5603 579 5767 1149)
603 5676 666 5738 Id
696 5621 807 5759 cal),
839 5690 960 5738 non
980 5674 1179 5741 solum
1209 5677 1435 5741 ancillae
1455 5678 1559 5740 sed
1589 5681 1648 5741 et
1678 5681 2014 5747 meretrices

2120 5469 2388 5545 publieae:

2193 5542 2345 5691 (150)
2374 5536 2643 5596 Juvenal.
2676 5538 2798 5595 Sat.
2829 5555 2907 5608 Vi,
2940 5538 3065 5595 350.

2218 5613 2316 5672 151
2375 5612 2574 5671 Horat.
2610 5610 2683 5674 55
2715 5610 2892 5688 Epod.
2925 5611 2981 5689 4,
3014 5611 3065 5672 1.

2218 5610 2345 5679 151)
2375 5612 2574 5671 Horat.
2610 5610 2683 5674 55
2715 5610 2892 5688 Epod.
2925 5611 2981 5689 4,
3014 5611 3069 5672 1.
