3962 6374
194 420 313 489 901

1196 429 1299 494 DE
1345 429 1600 494 REBUS
1645 424 1921 491 GESTIS
1965 427 2302 492 OTTONIS
2348 430 2435 493 M.
2478 425 2643 493 IMP.

3506 433 3629 496 902

199 578 357 630 mus;
392 562 525 619 dein
557 567 808 637 paterna
839 562 1209 622 abdicatione
1240 567 1309 602 ‘39
1330 565 1618 622 domuum
1651 577 1865 636 papam
1896 562 1951 629 Α
1982 561 2400 634 Liudprandus
2422 562 2680 639 episeopi
2699 567 2944 624 Romam
2960 564 3633 641 antedomnipapaaprm-

197 651 639 724 conveniamus;
666 653 715 710 si
732 672 848 712 non
862 655 1185 721 voluntate,
1206 654 1561 711 verecundia
1582 652 1786 709 saltem
1802 651 1858 705 in

1974 651 2223 707 sentiam
2255 654 2574 723 venientes,
2610 658 2772 713 tanto
2797 660 2937 713 sunt
2966 656 3261 714 inhonora
3277 656 3632 729 suscepti,ut

196 738 393 797 virum
425 742 749 814 perfectum
782 761 910 801 sese
940 744 1349 800 commutabit.
1383 742 1595 814 Sicque
1619 741 1863 797 forsitan
1973 756 2090 795 non
2122 757 2220 797 eos
2251 741 2477 814 lateret,
2502 748 2722 816 quanto
2749 750 3018 802 sanctum
3045 746 3456 819 imperatorem
3473 745 3629 801 tedio

199 828 488 898 devictus,
521 830 669 888 bene
702 849 1086 889 consuescere
1104 832 1353 906 pudebit
1368 832 1437 867 “0
1453 833 1814 887 desuescere.
1834 851 1862 879 ››

270 919 325 973 6.
361 918 466 975 His
496 919 764 993 expletis,
798 922 989 994 Papize
1021 921 1214 978 navim
1261 920 1617 987 conscendit,
1651 935 1717 973 ac
1765 934 1870 990 per

198 1005 481 1063 Heridani
501 1009 563 1043 ‘“
582 1009 813 1065 alveum
837 1010 1171 1067 Ravennam
1190 1025 1378 1081 usque
1403 1008 1683 1081 pervenit;
1703 1007 1868 1062 inde-

201 1110 318 1167 que
344 1097 728 1169 progrediens
744 1102 1003 1154 montem
1024 1100 1407 1163 Ferctratum,
1422 1095 1720 1169 quisancti
1737 1095 1875 1150 Leo-

203 1182 302 1238 nis
334 1183 632 1251 dicitur,in
650 1202 766 1257 quo
784 1186 1174 1261 Berengarius
1187 1190 1245 1242 et
1256 1184 1428 1242 Willa
1441 1188 1625 1246 erant,
1642 1182 1872 1239 obsedit

202 1270 382 1340 (Mati,
416 1274 568 1343 lum,
598 1275 767 1346 Jul.).
801 1275 923 1339 Quo
954 1279 1011 1331 et
1061 1275 1339 1347 praafatus
1395 1292 1546 1348 papa
1594 1275 1867 1339 Leonem,

205 1360 599 1418 venerabilem
632 1366 846 1419 sanctae
895 1363 1475 1437 Romanm'Ecclesiaa
1508 1367 1648 1417 tunc
1670 1365 1869 1434 proto-

208 1449 586 1518 scrinarium,
622 1469 779 1508 nunc
803 1453 956 1521 (152)
986 1451 1046 1508 in
1098 1452 1302 1508 eadem
1336 1451 1473 1508 sede
1518 1450 1669 1507 beati
1717 1450 1870 1506 Petri

209 1539 610 1610 apostolorum
642 1540 949 1608 vicarium,
984 1556 1210 1596 necnon
1235 1544 1292 1597 et
1319 1539 1704 1605 Demetrium,
1723 1539 1869 1611 opti-

210 1627 460 1684 matium
487 1629 885 1685 Romanorum
902 1628 1305 1695 illustriorem,
1320 1632 1523 1684 sancto
1535 1627 1872 1700 imperatori

220 1716 463 1773 nuntios
495 1716 714 1790 dirigit,
736 1718 1029 1774 mandans
1056 1718 1216 1773 haud
1247 1717 1465 1773 mirum
1497 1716 1702 1783 esse,si
1733 1715 1872 1770 hac-

214 1808 391 1860 tenus
413 1805 746 1877 juventutis
776 1805 912 1879 igne
941 1804 1150 1873 victus,
1175 1805 1397 1878 puerile
1429 1804 1566 1877 quid
1599 1804 1875 1877 gesserit;

198 1894 333 1965 jam
363 1897 600 1965 tempus
650 1894 925 1962 instabat,
986 1911 1122 1949 cum
1155 1893 1345 1950 alieno
1410 1896 1653 1965 cuperet
1690 1892 1879 1949 vivere
1908 1928 1954 1993 Β

210 1997 397 2036 more.
440 1981 739 2039 Mandavit
788 1981 963 2038 etiam
1016 1982 1215 2039 dolose
1263 1983 1567 2053 quaedam:
1626 1982 1877 2037 Leonem

209 2069 559 2143 episcopum
582 2075 641 2127 et
660 2071 990 2127 Johannem
1007 2071 1315 2127 diaconem
1334 2069 1713 2138 cardinalem,
1740 2087 1879 2126 suos

211 2156 484 2214 infideles
518 2160 897 2232 suscepisset,
932 2163 988 2215 et
1021 2160 1162 2233 quia
1191 2158 1260 2195 ⁴⁴²
1291 2163 1531 2216 sanctus
1559 2159 1880 2230 imperator

212 2246 629 2319 promissionis
660 2265 781 2304 suae
806 2249 983 2304 fidem
1004 2248 1270 2315 violaret,
1286 2249 1428 2304 dum
1451 2265 1551 2303 eos
1566 2247 1668 2320 qui
1684 2247 1875 2303 eoloci

216 2336 560 2404 manebant,
596 2354 711 2393 non
745 2336 859 2410 ipsi
894 2338 994 2393 sed
1024 2337 1134 2393 sibi
1146 2338 1490 2409 juramento
1505 2335 1878 2409 astringeret.

222 2423 451 2488 Quibus
479 2424 832 2499 imperator:
900 2448 922 2477 ι
959 2427 1069 2482 Pro
1126 2426 1509 2493 correctione,
1562 2425 1776 2497 inquit,
1814 2442 1881 2481 ac

220 2530 458 2570 morum
487 2515 925 2580 immutatione,
955 2532 1137 2587 quam
1169 2514 1479 2588 promittit,
1513 2514 1735 2588 gratias
1748 2530 1876 2587 ago;

222 2618 293 2659 ex
321 2603 734 2676 promissionis
765 2622 898 2661 vero
929 2604 1407 2670 commutatione,
1442 2605 1614 2675 cujus
1663 2620 1757 2659 me
1789 2620 1881 2658 ar-

222 2693 373 2765 guit,
408 2693 636 2760 fecisse,
671 2695 719 2750 si
751 2710 952 2750 verum
985 2694 1080 2761 sit,
1107 2693 1217 2765 ipsi
1252 2691 1610 2765 perpendite.
1634 2691 1883 2747 Omnem

220 2785 440 2837 terram
475 2784 662 2839 sancti
696 2783 1003 2857 Petri,quaa
1023 2781 1516 2854 nostraepotestati
1531 2784 1880 2854 proveniret,

223 2871 611 2943 promisimus
641 2873 902 2941 reddere;
939 2878 1116 2944 atque
1148 2872 1203 2926 id
1242 2871 1325 2927 rei
1356 2875 1463 2936 est,
1497 2870 1652 2942 quod
1673 2886 1742 2926 ex
1774 2869 1883 2925 hac

223 2960 553 3017 munitione
583 2962 1002 3035 Berengarium
1037 2977 1170 3017 cum
1201 2960 1363 3016 omni
1415 2958 1640 3016 familia
1670 2958 1883 3031 pellere

223 3046 588 3105 laboramus.
625 3052 748 3116 Quo
780 3049 935 3106 enim
954 3054 1123 3123 pacto
1140 3053 1356 3104 terram
1388 3048 1540 3103 hanc
1570 3046 1884 3102 ei-reddere

224 3152 571 3209 possumus,
605 3138 656 3195 si
687 3156 803 3195 non
830 3139 996 3212 prius
1027 3155 1154 3221 eam
1186 3154 1254 3194 ex
1283 3136 1672 3193 violentorum
1693 3134 1882 3194 mani-

222 3225 336 3283 bus
368 3230 650 3301 ereptam,
678 3227 951 3300 potestati
985 3231 1196 3284 nostrae
1230 3227 1558 3282 subdamus
1577 3224 1607 3279 ?
1628 3226 1880 3280 Leonem

1977 828 2285 886 fastidiret.
2318 831 2644 890 Ordinatim
2678 838 2898 903 tamen,
2946 839 3120 908 prout
3166 835 3250 891 eis
3296 836 3630 907 injunctum

1976 918 2186 986 fuerat,
2220 926 2579 989 enarrantes,
2599 925 3078 995 nonjuramento,
3112 940 3227 979 non
3246 922 3444 980 duello
3465 923 3636 980 satis-

1979 1006 2289 1063 factionem
2322 1026 2475 1082 papa
2504 1012 2761 1083 recipere
2790 1011 2997 1077 voluit,
3030 1013 3127 1067 sed
3161 1012 3219 1066 in
3269 1011 3474 1068 eadem
3516 1028 3633 1083 qua

1981 1095 2169 1151 fuerat
2199 1099 2415 1154 mentis
2444 1100 2663 1155 duritia
2692 1101 2930 1156 mansit.
2963 1099 3220 1157 Subdole
3262 1105 3460 1157 tamen
3500 1104 3635 1173 post

1980 1183 2104 1239 dies
2121 1188 2248 1240 octo
2260 1186 2587 1243 Johannem
2605 1188 2943 1261 episcopum
2963 1190 3368 1256 Narniensem,
3384 1193 3441 1244 et
3455 1190 3635 1245 Bene-

1981 1273 2202 1328 dictum
2236 1276 2592 1331 cardinalem
2625 1277 2949 1346 diaconem,
2974 1296 3107 1333 cum
3134 1279 3264 1334 istis
3290 1278 3508 1333 domno
3530 1277 3638 1333 im-

1982 1361 2234 1434 peratori
2266 1364 2598 1433 destinavit,
2632 1371 2847 1439 putans
2871 1384 2936 1423 se
2987 1367 3144 1423 hunc
3174 1367 3302 1425 suis
3354 1366 3634 1422 deludere

1983 1467 2156 1522 posse
2187 1452 2496 1522 versutiis;
2530 1454 2624 1509 cui
2653 1455 2829 1510 nimis
2860 1459 2950 1511 est
2976 1456 3154 1511 verba
3203 1456 3341 1510 dare
3376 1454 3633 1510 difficile.

1982 1541 2130 1595 Ante
2171 1556 2424 1611 quorum
2458 1543 2708 1598 reditum
2737 1543 3105 1610 Adelbertus,
3136 1542 3418 1599 invitante
3464 1558 3635 1614 papa,

1987 1645 2021 1682 a
2055 1628 2362 1685 Fraxineto
2394 1631 2648 1698 rediens,
2710 1631 3135 1689 Centumcellas
3180 1631 3451 1699 advenit;
3502 1631 3638 1687 dein

1990 1716 2234 1771 Romam
2266 1719 2587 1789 profectus,
2615 1734 2752 1787 non,
2787 1725 2852 1774 ut
2891 1720 3112 1789 debuit,
3161 1720 3507 1792 repudiatus
3536 1719 3639 1775 sed

1989 1804 2306 1862 honoriﬁce
2338 1824 2370 1862 a
2403 1824 2553 1879 papa
2579 1813 2667 1864 est
2697 1812 3029 1881 susceptus.

2058 1895 2112 1948 8.
2147 1894 2277 1949 Haec
2309 1896 2449 1950 dum
2483 1902 2757 1969 aguntur,
2792 1897 2986 1969 phmbi
3020 1897 3204 1953 radiis
3233 1913 3407 1971 grave
3436 1896 3643 1953 Cancri

1990 1982 2155 2039 sidus
2183 1983 2491 2040 inestuaus
2516 1986 2929 2058 imperatorem
2951 1984 3232 2042 Romanis
3260 1986 3496 2042 arcibus
3517 2001 3646 2058 pro-

1989 2071 2240 2144 pellcbat
2269 2075 2447 2146 σαι).
2478 2074 2588 2130 Sed
2619 2091 2755 2131 cum
2784 2073 3070 2147 virginale
3099 2074 3267 2130 sidus
3290 2078 3521 2147 gratam
3553 2089 3643 2129 re-

1988 2160 2160 2217 diens
2183 2162 2529 2233 temperiem
2550 2163 2745 2232 ferret,
2769 2161 3244 2234 collectiscopiis,
3269 2164 3423 2217 clam
3436 2162 3645 2217 Roma-

1988 2249 2082 2304 nis
2113 2249 2520 2318 invitantibus,
2556 2252 2798 2308 Romam
2833 2251 3069 2306 advenit
3091 2250 3454 2323 (Sept.).Quid
3484 2251 3644 2306 enim

1989 2337 2139 2392 clam
2164 2336 2434 2403 dixerim,
2467 2356 2602 2395 cum
2617 2340 3217 2411 majorRomanorum
3242 2356 3380 2411 pars
3399 2339 3646 2412 optima-

1989 2426 2138 2481 tium
2170 2425 2358 2482 sancti
2393 2426 2554 2483 Pauli
2584 2425 2890 2483 castellum
2925 2427 3223 2494 invaserit,
3256 2430 3646 2499 sanctumque

1990 2514 2402 2586 imperatorem
2434 2515 2742 2571 obsidibus
2773 2516 2948 2571 etiam
2981 2516 3135 2572 datis
3167 2515 3459 2571 invitavit?
3494 2515 3644 2582 Quid

1993 2602 2196 2659 multis
2210 2603 2452 2676 morer?j
2462 2608 2599 2659 uxta
2612 2604 2815 2660 urbem
2830 2609 3281 2661 castrametatus
3302 2603 3642 2678 imperator,

1994 2694 2178 2749 Roma
2200 2710 2349 2766 papa
2371 2693 2739 2765 simulatque
2751 2693 3100 2766 Adalpertus
3124 2693 3456 2767 aufugiunt.
3481 2693 3647 2749 Cives

1991 2796 2126 2835 vero
2155 2780 2567 2852 imperatorem
2601 2786 2873 2837 sanctum
2926 2797 3061 2836 cum
3106 2781 3234 2837 suis
3281 2780 3644 2837 omnibusin

1992 2869 2196 2924 urbem
2228 2867 2578 2940 suscipiunt,
2598 2867 2939 2926 ﬁdelitatem
2961 2869 3396 2942 repromittunt;
3418 2868 3529 2925 hoc
3549 2869 3651 2926 ad-

1991 2958 2194 3013 dentes
2223 2960 2280 3013 et
2302 2958 2547 3013 firmiter
2566 2958 2838 3028 jurantes
2861 2975 3185 3031 numquam
3208 2975 3271 3015 se
3300 2974 3512 3031 papam
3535 2958 3648 3015 ele-

1993 3051 2192 3102 cturos
2220 3047 2288 3081 “3
2317 3051 2420 3102 aut
2446 3048 2817 3103 ordinaturos
2841 3052 3047 3120 praeter
3065 3064 3421 3104 consensum
3451 3052 3509 3103 et
3532 3046 3646 3104 ele-

1992 3135 2243 3192 ctionem
2273 3136 2470 3192 domni
2504 3136 2874 3208 imperatoris
2891 3136 3118 3193 Ottonis
3136 3137 3356 3193 cesaris
3386 3137 3646 3210 augusti,

1994 3223 2218 3297 filiique
2247 3225 2437 3297 ipsius
2468 3225 2622 3297 regis
2653 3224 2907 3281 Ottonis.

221 3288 565 3391 episcopum
597 3288 654 3373 et
680 3288 1008 3374 ilohannem
1028 3316 1882 3380 cardinalemdiaconem,suos
1913 3288 1957 3356 C
2064 3288 2293 3368 9.-Po'st
2321 3288 2607 3379 triduum,
2633 3312 2980 3385 rogantibus
2992 3316 3112 3368 tam
3137 3312 3649 3385 Romanisepisco-

222 3403 514 3474 infideles,
549 3423 697 3479 quos
728 3424 837 3463 nos
867 3406 1199 3478 suscepisse
1222 3408 1480 3468 accusat,
1503 3401 1888 3475 histempori-

220 3493 337 3551 bus
370 3511 477 3551 nec
497 3494 775 3565 vidimus,
791 3512 899 3552 nec
917 3491 1883 3567 suscepimus;Constantinopolim

221 3583 443 3641 domno
475 3601 626 3658 papa
656 3601 755 3641 eos
773 3585 845 3641 ob
868 3584 1143 3655 injuriam
1163 3587 1426 3639 nostram
1448 3582 1885 3654 proficiscentes

226 3673 544 3747 dirigente,
575 3677 768 3746 Capue
794 3677 950 3738 sunt,
979 3678 1043 3729 ut
1061 3672 1420 3738 audivimus,
1441 3670 1617 3743 capti.
1639 3669 1886 3736 Quibus-

221 3777 359 3817 cum
384 3762 562 3818 etiam
577 3762 1143 3829 Saleccum,natione
1156 3760 1520 3833 Bulgarium,
1541 3759 1884 3815 educatione

228 3849 787 3924 Ungarium,domni
804 3869 966 3924 papae
980 3848 1883 3915 familiarissimum,etZacheum

225 3939 424 3996 virum
456 3941 855 4013 reprobatum,
890 3939 1222 3996 divinarum
1263 3943 1437 4011 atque
1484 3937 1879 3993 humanarum

221 4028 481 4086 inscium
514 4029 915 4096 litterarum,a
944 4029 1160 4084 domno
1187 4044 1341 4101 papa
1370 4027 1710 4100 episcopum
1732 4025 1880 4096 (453)

218 4120 451 4176 noviter
476 4124 906 4185 consecratum,
938 4122 996 4174 et
1026 4112 1299 4191 Ungariis
1321 4117 1392 4172 ad
1417 4115 1881 4192 praedicandum,

214 4211 284 4262 ut
315 4223 495 4278 super
524 4207 893 4277 nosirruant,
909 4206 1289 4273 destinatum,
1310 4205 1516 4260 eodem
1538 4207 1739 4275 captos
1753 4220 1882 4260 esse

222 4295 582 4352 audivimus.
617 4295 749 4352 Haec
780 4295 1063 4351 domnum
1080 4310 1291 4366 papam
1306 4291 1488 4348 nullis
1504 4291 1881 4347 narrantibus

214 4384 427 4442 fecisse
440 4385 810 4442 crederemus
826 4383 935 4441 nisi
950 4382 1335 4440 litteraaﬁdem
1348 4382 1419 4437 ad
1428 4381 1881 4453 mitterent,quaa

214 4471 463 4547 plumbo
494 4473 737 4546 signatae
770 4473 859 4528 sui
880 4471 1137 4529 nominis
1154 4474 1880 4528 caracteresmonstrant.»

202 4612 210 4619 .
286 4565 342 4618 7.
378 4562 479 4618 His
505 4561 769 4634 expletis,
804 4561 1262 4618 Landobardum
1296 4576 1330 4615 a
1361 4559 1614 4631 Sayonia
1633 4558 1880 4613 Mimen-

1994 3402 2086 3474 pis
2117 3419 2293 3474 quam
2327 3401 2515 3474 plebe,
2548 3418 2801 3474 magnus
2834 3401 2892 3456 in
2925 3400 3113 3456 sancti
3136 3400 3290 3455 Petri
3316 3400 3563 3457 ecclesia
3582 3402 3649 3458 fit

1994 3494 2334 3556 conventus,
2367 3490 2761 3561 sederuntque
2791 3504 2926 3544 cum
2957 3487 3309 3560 imperatore
3361 3488 3646 3563 archiepi-

1993 3580 2177 3651 scopi,
2197 3580 2269 3635 ab
2283 3577 2447 3634 Italia
2460 3594 2565 3650 pro
2581 3576 3277 3649 lngelfredoAquilegensi
3291 3577 3643 3649 patriarcha,
3672 3574 3677 3579 ”

1995 3685 2170 3741 quem
2204 3668 2262 3721 in
2294 3667 2495 3723 eadem
2528 3666 2673 3722 urbe
2703 3665 2953 3738 languor
2981 3669 3241 3738 repente,
3272 3669 3339 3721 ut
3367 3666 3453 3734 ﬁt,
3480 3671 3646 3724 ortus

1992 3753 2698 3828 arripuerat,Rodalfus‘“
2723 3744 3409 3827 diaconus,Waldpertus
3426 3754 3645 3812 Medio-
3755 3818 3781 3827 _

1992 3845 2273 3912 lanensis,
2307 3845 2511 3900 Petrus
2525 3845 2757 3899 Ravenn
2766 3860 2850 3912 as;
2871 3861 2904 3899 a
2919 3842 3443 3912 Saxonia,Adeltac
3453 3844 3646 3901 archi-

1991 3934 2302 4008 episcopus
2330 3937 2387 3989 et
2418 3932 2841 3989 Landobardus
2870 3932 3181 4006 episcopus
3202 3932 3642 4004 Mimendensis;

1990 4042 2027 4081 a
2052 4022 2314 4089 Francia,
2349 4021 2622 4078 0tkerius
2651 4021 2961 4094 episcopus
2992 4021 3307 4093 Spirensis.
3341 4022 3643 4094 Hupertus

1990 4112 2347 4179 Parmensis;
2380 4112 2452 4166 ab
2503 4110 2690 4179 Italia,
2742 4109 3156 4182 Liudprandus
3202 4110 3641 4179 Cremonensis,

1990 4201 2416 4258 Hermenaldus
2446 4200 2749 4272 Regensis;
2765 4198 3402 4267 aTuScia,Cuonradus
3426 4199 3644 4256 “‘an-

1991 4291 2203 4360 censis,
2234 4289 2542 4346 Everarius
2579 4287 2914 4353 Aritiensis,
2945 4286 3192 4342 Pisanus
3222 4286 3291 4321 “5
3318 4286 3639 4358 Seniensis,

1991 4378 2318 4435 Florentius
2348 4374 2716 4434 Pestruensis
2745 4375 2915 4447 (454),
2948 4374 3153 4430 Petrus
3189 4374 3640 4444 Camerinensis,

1990 4468 2346 4541 Spoletinus;
2378 4484 2413 4522 a
2439 4465 2742 4533 Romanis,
2777 4462 3092 4537 Gregorius
3122 4462 3641 4533 Albanensis,Sico

1989 4556 2336 4624 Hostiensis,
2368 4554 2718 4610 Benedictus
2749 4552 3108 4619 Portuensis,
3140 4552 3397 4609 Lucidus
3416 4553 3641 4611 Gaven-

212 4652 460 4707 densem
494 4654 551 4707 et
582 4649 1025 4722 Liudprandum
1078 4649 1150 4705 ab
1182 4646 1349 4704 Italia
1400 4647 1878 4716 Cremonensem,
1909 4655 1956 4720 ι)
1988 4647 2089 4715 sis,
2124 4642 2583 4716 Theophilactus
2613 4641 3030 4710 Praenestinus,
3064 4642 3237 4698 Wido
3280 4641 3447 4698 Silvas
3496 4658 3638 4699 can-

213 4740 546 4813 episcopos,
580 4756 715 4796 cum
773 4739 1031 4812 praefatis
1075 4737 1300 4793 nuntiis
1358 4740 1602 4791 Romam
1650 4734 1869 4807 dirigit,

212 4831 432 4886 domno
463 4845 625 4902 papae
644 4846 705 4885 se
723 4827 1117 4900 incupabilem
1132 4842 1261 4883 esse
1286 4825 1711 4882 satisfacturos.
1727 4823 1874 4887 Quo-

208 4935 349 4975 rum
379 4918 555 4975 etiam
586 4917 876 4973 militibus
894 4917 1002 4973 hoc
1019 4916 1339 4988 imperator
1345 4912 1869 4986 justusimposuit,

210 5012 284 5065 ut
309 5008 358 5064 si
387 5024 558 5064 secus
589 5007 844 5063 domnus
875 5022 1156 5079 papanon
1183 5004 1438 5071 credere,
1459 5001 1653 5058 duello
1666 5019 1870 5058 verum

184 5114 344 5155 .esse
373 5096 785 5170 approbarent.
846 5093 1077 5151 Praefati
1128 5093 1310 5167 igitur
1362 5090 1785 5149 Landobardus
1815 5094 1873 5146 et

1980 4737 2147 4803 didae,
2182 4735 2293 4790 Leo
2323 4732 2761 4801 Veletrinensis,
2798 4732 2936 4787 Dico
2966 4730 3288 4799 Bledcnsis,
3305 4731 3639 4804 Stephanus

1981 4821 2574 4889 Cerensis,Johannes
2585 4821 2937 4893 Nepesinus,
2954 4819 2986 4875 J
2993 4819 3256 4876 ohannes
3267 4819 3634 4891 Tiburtinus,

1978 4914 2279 4971 Jobannes
2311 4908 2758 4966 Forocludensis
2780 4908 2951 4982 (l55),
2980 4909 3279 4964 Romanus
3304 4909 3635 4967 Feretinen-

1981 5002 2083 5068 sis,
2114 5001 2417 5056 Jobannes
2447 4998 2808 5067 Normensis,
2828 4997 3126 5053 Jobannes
3148 4997 3499 5066 Berulensis,
3519 4999 3639 5057 Ma-

1980 5092 2146 5151 rinus
2197 5088 2495 5155 Sutrinus,
2553 5087 2851 5143 Jobannes
2910 5085 3274 5154 Narniensis,
3332 5086 3637 5147 Jobannes

1726 5230 1969 5298 VARIAE'
2004 5240 2422 5298 LECTIONES.

282 5354 358 5425 ‘39,
378 5350 820 5425 applicatione?
892 5353 962 5425 ’ξφ
991 5351 1240 5425 pudebis
1274 5352 1325 5406 1.
1402 5348 1469 5385 “¹
1488 5346 1760 5425 ΔΙᾳιῃκὶότέιιξξ
1789 5348 1843 5418 1,
1919 5349 1988 5383 ⁴⁴²
2019 5347 2160 5421 quia
2187 5355 2239 5404 et
2267 5347 2413 5404 linea
2426 5348 2674 5419 sequenti
2692 5345 2915 5419 quodl.
2990 5344 3389 5405 “selecturol.
3462 5345 3533 5383 ‘“
3552 5346 3634 5404 ita

206 5427 264 5495 1.
343 5420 747 5480 ⁴⁴⁶Ἑιιοῐαί1ιιε
772 5423 824 5480 t.
900 5424 968 5460 ⁴⁴⁶
992 5420 1165 5480 codex
1192 5424 1283 5479 hic
1309 5437 1441 5491 non,
1462 5420 1779 5489 distinguit.

1880 5533 2112 5594 ΝΟΤίΕ.

307 5639 434 5696 152)
464 5637 629 5694 Sedit
657 5652 811 5693 anno
838 5635 967 5696 962.
1003 5638 1133 5692 Dec.
1164 5664 1235 5676 --
1257 5634 1363 5691 963
1395 5633 1569 5693 Maat.

307 5640 414 5696 152
464 5640 629 5694 Sedit
657 5652 811 5693 anno
838 5640 949 5692 962
1003 5640 1133 5692 Dec.
1164 5666 1183 5674 -

306 5640 435 5788 4533
466 5710 673 5769 (ἕθωηὶ
702 5722 883 5788 prope
910 5678 1183 5767 Velitras.

2053 5635 2202 5708 (155)
2234 5636 2276 5708 ξ
2309 5649 2356 5691 e.
2390 5633 2762 5708 Florentinus
2790 5630 3160 5708 Pistoiensis.

1918 5684 1925 5687 ﬁ
2045 5684 2200 5781 (\l
2231 5684 2451 5777 F‘oi'uﬁi
2459 5684 3206 5785 ElhEaii'fn-Bﬁé'éiiiﬁia
3234 5699 3375 5769 olim
3418 5693 3625 5772 situm.
