3962 6366
1315 400 1799 470 LlUTPBANDl
1832 404 2384 473 CREMONENSIS
2427 404 2803 473 EPISCOPI.

3653 400 3787 468 903

348 544 747 610 Sabinieasisx,
768 540 1083 598 Johannes'
1101 538 1809 598 Callasensis‘Falarensis
1830 538 2001 611 (156),
2033 540 2089 607 Α
2120 540 2471 599 Benedictus
2488 543 2805 600 cardinalis
2834 544 3120 601 diaconus
3150 560 3287 600 eum
3306 542 3515 600 ceteris
3530 540 3778 597 condia-

352 632 761 699 Alatrinensis,
793 630 1067 696 Ortanue,
1095 628 1399 685 Johannes
1432 628 1837 700 Anagniensis,
1873 629 2007 683 Tre-

356 724 574 789 bensis,
593 718 946 776 Sabbatinus
972 716 1434 784 Tarracinensis,
1463 715 1798 789 Stephanus
1819 717 2006 772 cardi-

356 812 509 870 nalis
538 806 993 881 archipresbiter
1007 805 1156 861 tituli
1188 805 1467 874 Balbinaa,
1488 804 1828 861 Dominicus
1850 805 2006 861 tituli

353 897 889 964 Anatasiae,Petrus
920 892 1077 950 tituli
1099 893 1357 958 Damasi,
1383 893 2007 965 Theophilactustituli

355 986 718 1060 Chrisogbni,
749 984 1050 1041 Johannes
1081 981 1234 1037 tituli
1265 982 1501 1054 Equitii,
1525 982 1822 1038 Johannes
1853 980 2008 1036 tituli

356 1079 665 1141 Susanna,
696 1075 904 1129 Petrus
925 1069 1080 1127 tituli
1129 1071 1448 1139 Pamachii,
1505 1070 1799 1126 Adrianus
1851 1069 2008 1125 tituli

355 1165 606 1230 Callixti,
638 1162 939 1219 Jobannes
962 1157 1117 1214 tituli
1148 1158 1695 1228 Ceciliaz,Adrianus
1727 1157 1880 1213 tituli
1906 1159 2011 1212 Lu-

354 1254 520 1318 cium,
554 1249 899 1307 Benedictus
930 1247 1083 1303 tituli
1113 1247 1279 1313 Sixti,
1310 1246 1464 1302 tituli
1497 1250 1838 1302 sanctorum
1862 1262 2007 1317 qua-

354 1347 490 1398 tuor
517 1341 960 1403 Coronatorum,
992 1335 1325 1407 Stephanus
1355 1333 1511 1390 tituli
1543 1334 1793 1400 Sabinze,
1828 1334 2006 1388 Bene-

356 1432 547 1487 dictus
569 1424 1415 1494 cardinalis,archidiaconus,.l
1421 1423 1572 1479 ohan
1582 1439 1683 1477 nes
1698 1422 2005 1489 diaconus,

354 1516 676 1575 Bonofilius
708 1514 990 1570 diaconus
1020 1510 1355 1576 cardinalis,
1390 1508 1780 1582 primicerius,
1824 1510 2006 1563 Geor-

355 1608 488 1682 gius
500 1600 1295 1672 secundieerius,Stephanus
1308 1598 1871 1663 aminiculator,And
1883 1613 2009 1651 reas

355 1696 641 1761 arcarius,
660 1692 897 1764 Sergius
919 1689 1288 1763 primicerius
1306 1688 1680 1743 defensorum
1692 1686 1737 1752 ,J
1748 1686 1897 1741 ohan
1908 1703 2009 1742 nes

354 1784 697 1843 sacellarius
714 1782 803 1850 “7,
822 1779 1183 1851 Stephanus,
1199 1775 1677 1848 Theophilactus,
1693 1774 2004 1839 Adrianus,

354 1874 706 1949 Stephanus,
739 1869 1111 1933 Benedictus,
1156 1869 1291 1933 Azo,
1338 1865 1634 1965 Adrianus
1684 1865 2004 1964 Romanus,
2035 1899 2083 1965 Β

358 1967 495 2033 Leo,
523 1960 897 2027 Benedictus,
926 1958 1058 2024 Leo,
1092 1956 1230 2011 item
1282 1956 1414 2022 Leo,
1444 1957 1502 2009 et
1531 1955 1661 2019 Leo,
1713 1951 2002 2021 scrinarii,

359 2053 471 2108 Leo
501 2047 872 2123 primicerius
906 2044 1075 2101 scolae
1108 2047 1437 2106 cantorum,
1480 2042 1826 2098 Benedictus
1866 2040 2004 2095 sub-

357 2139 640 2195 diaconus
678 2139 736 2191 et
765 2130 1206 2196 oblationarius,
1237 2132 1371 2195 Azo,
1423 2130 1770 2185 Benedictus
1805 2135 2005 2184 Deme-

357 2228 531 2291 trius,
555 2218 1414 2291 Johannes,A'micus,Sergius,
1447 2217 1818 2282 Benedictus,
1840 2217 2003 2285 Urse,

356 2316 675 2381 Iohannes,
707 2308 1055 2366 Benedictus
1098 2306 1519 2371 subdiaconus,
1562 2304 2005 2376 subpulmenta—

357 2401 902 2473 rius,etStephanus
915 2394 1323 2453 archiacolitus
1338 2410 1471 2449 cum
1490 2394 1764 2449 omnibus
1780 2393 2006 2449 acolitis

348 2499 413 2551 et
429 2489 792 2567 regionariis;
816 2504 884 2544 ex
910 2484 1263 2559 primatibus
1288 2484 1561 2539 Romanae
1593 2482 1862 2548 civitatis,
1885 2487 2005 2538 Ste-

357 2583 589 2656 phanus
620 2578 777 2634 ﬁlius
793 2575 1080 2633 Johannis
1095 2572 1743 2646 superista,Demetrius
1762 2572 2004 2638 Meliesi,

356 2664 946 2728 CrescentiusCaballi
968 2661 1608 2730 marmorei,Johanncs
1622 2664 2007 2730 cognomento

358 2760 590 2829 Miziua,
620 2756 954 2828 Stephanus
984 2753 1055 2808 de
1088 2750 1283 2819 lmiza,
1302 2750 1643 2806 Theodorus
1673 2750 1743 2805 de
1776 2750 2005 2816 Ruﬁna,

356 2848 661 2906 Johannes
688 2845 759 2900 de
774 2841 1247 2905 Primicerio,Leo
1269 2840 1339 2895 de
1350 2839 2008 2909 Cazunuli,Rihkardus,

362 2938 568 2995 Petrus
594 2933 665 2989 de
695 2929 1038 3002 Canaparia,
1082 2928 1434 2983 Benedictus
1473 2944 1607 2982 curn
1663 2926 2009 2999 Bulgamino

362 3025 645 3091 ﬁlio'suo;
677 3037 746 3076 ex
776 3018 944 3091 plebe
992 3018 1221 3086 Petrus,
1272 3018 1371 3088 qui
1407 3019 1463 3071 et
1491 3015 1881 3087 imperiola‘“
1923 3020 2013 3072 est

362 3116 582 3179 dictus,
613 3107 840 3166 adstitit
869 3123 1003 3161 cum
1036 3103 1196 3160 omni
1229 3104 1627 3160 Romanorum
1657 3103 1887 3160 militia.

436 3197 840 3269 10.Hisitaque
854 3194 1247 3251 residentibus
1267 3192 1682 3265 silentiumque
1707 3210 2008 3249 summum

2117 631 2363 686 eonibus
2393 635 2449 686 et
2462 631 3086 703 presbiterisdixerunt
3106 650 3167 689 se
3189 633 3337 689 scire
3361 631 3517 704 quod
3540 629 3782 685 ordina-

2118 718 2311 774 tiones
2341 720 2748 792 episcoporum
2770 722 2978 793 prmcio
2993 722 3289 787 faceret,et
3311 720 3465 793 quod
3483 733 3782 774 annorum

2118 805 2317 861 decem
2345 808 2687 879 episcopum
2720 809 2778 863 in
2810 810 3133 865 Tudertina
3172 809 3405 865 civitate
3452 806 3780 863 ordinaret.

2118 892 2198 948 De
2229 894 2534 964 sacrilegio
2563 896 2835 951 dixerunt
2866 915 2980 953 non
3014 914 3142 951 esse
3162 890 3396 953 necesse
3418 892 3783 967 percontari,

2118 982 2257 1051 quia
2290 981 2418 1051 plus
2429 982 2677 1038 videndo
2692 1001 2867 1055 quam
2883 987 3172 1040 audiendo
3186 987 3334 1041 seire
3347 984 3783 1057 potuissemus.

2117 1070 2199 1123 De
2230 1069 2515 1125 adulterio
2554 1071 2847 1139 dixerunt,
2901 1074 3057 1143 quod
3103 1073 3286 1128 oculis
3336 1091 3448 1128 non
3481 1073 3785 1132 viderent,

2117 1157 2217 1212 sed
2250 1157 2577 1212 certissime
2590 1159 3333 1215 scirentviduamRaineriii
3350 1160 3786 1232 etStephanam

2116 1244 2301 1315 patris
2333 1244 2721 1299 concubinam
2753 1248 3045 1300 etAnnam
3067 1246 3301 1301 viduam
3317 1263 3451 1302 cum
3472 1253 3652 1320 nepte
3667 1261 3791 1302 sua

2115 1334 2366 1388 abusum
2399 1349 2548 1399 esse,
2580 1337 2636 1389 et
2666 1338 2937 1389 sanctum
2968 1333 3248 1406 palatium
3282 1334 3533 1406 lupanar
3562 1340 3620 1390 et
3638 1351 3790 1406 pro-

2116 1420 2403 1477 stibulum
2418 1421 2645 1478 fecisse.
2660 1422 3040 1478 Venationem
3054 1424 3325 1478 dixerunt
3340 1422 3575 1493 publice
3602 1438 3793 1476 exer-

2115 1510 2329 1578 cuisse;
2364 1511 2741 1566 Benedictum
2766 1510 3086 1583 spiritalem
3102 1528 3276 1567 suum
3299 1508 3798 1583 patremlumine

2117 1598 2395 1669 privasse,
2428 1604 2486 1654 et
2517 1615 2650 1655 mox
2670 1605 2966 1655 mortuum
2987 1617 3135 1665 esse;
3153 1600 3480 1654 Jehannem
3503 1597 3793 1652 cardina-

2118 1688 2233 1743 lem
2267 1688 2681 1743 subdiacencm
2715 1688 2984 1744 virilibus
3006 1689 3325 1761 amputatis
3351 1687 3663 1755 occidisse;
3698 1685 3790 1742 in-

2116 1776 2323 1831 cendia
2354 1775 2578 1841 fecisse,
2613 1792 2750 1831 ense
2768 1777 3114 1842 accinctum,
3134 1776 3298 1847 galea
3315 1781 3372 1831 et
3402 1775 3676 1830 luricaMn
3696 1775 3788 1830 in-

2117 1866 2324 1930 dutum
2357 1881 2485 1921 esse
2516 1864 2712 1919 testati
2744 1869 2902 1920 sunt.
2936 1864 3159 1919 Diaboli
3193 1865 3251 1919 in
3284 1881 3544 1920 amorem
3569 1864 3783 1920 vinum

2114 1954 2356 2021 bibisse,
2392 1969 2595 2009 omnes
2619 1958 2736 2008 tam
2770 1952 2960 2009 cltrici
2994 1970 3174 2025 quam
3198 1953 3324 2009 laici
3344 1953 3779 2008 acclamarunt.

2116 2043 2179 2098 In
2195 2041 2330 2096 ludo
2345 2042 2502 2108 aleae,
2534 2042 2717 2107 Jovis,
2739 2041 2978 2097 Veneris
2994 2046 3250 2097 ccteraru
3262 2058 3436 2113 mque
3448 2043 3778 2097 demonum

2115 2130 2472 2201 adjutorium
2507 2130 2840 2201 poposcisse
2873 2130 3164 2185 dixerunt.
3189 2130 3508 2186 Matutinas
3529 2134 3587 2185 et
3605 2148 3783 2187 cane-

2116 2220 2277 2274 nicas
2307 2218 2482 2273 horas
2511 2235 2628 2273 non
2654 2217 2808 2273 enim
2842 2219 3187 2293 celebrasse,
3238 2236 3341 2274 nec
3371 2219 3538 2292 signo
3578 2220 3781 2275 crucis

2114 2323 2177 2363 se
2207 2307 2465 2362 mouisse
2494 2308 2562 2341 ³⁵³
2592 2308 2839 2378 professi
2876 2312 3034 2363 sunt.

2188 2397 2275 2451 41.
2306 2396 2408 2451 His
2438 2396 2657 2450 auditis
2694 2396 3031 2467 imperator,
3066 2398 3206 2468 quia
3238 2397 3485 2452 Romani
3515 2398 3645 2467 ejus
3688 2398 3777 2454 lo-

2117 2484 2349 2556 quelam
2384 2485 2700 2557 propriam,
2735 2485 2843 2540 hoc
2887 2491 2974 2540 est
3022 2486 3391 2554 Saxonicam,
3444 2485 3778 2559 intelligere

2116 2574 2461 2645 nequibant,
2482 2574 2853 2645 Liudprando
2866 2574 3240 2629 Cremonensi
3272 2575 3542 2646 episcopo
3558 2591 3775 2646 praece-

2117 2663 2220 2734 pit,
2254 2667 2317 2717 ut
2349 2661 2550 2716 Latino
2583 2678 2849 2717 sermone
2881 2662 3002 2717 haec
3027 2663 3304 2718 Romanis
3336 2663 3616 2718 omnibus
3640 2680 3777 2735 quae

2117 2754 2398 2806 secuntur
2443 2751 2811 2821 exprimeret.
2870 2754 3124 2823 Surgens
3185 2751 3381 2821 itaque
3428 2751 3513 2807 sic
3571 2751 3773 2824 cepit:

2118 2862 2145 2889 ‹‹
2179 2840 2422 2910 Persepe
2451 2839 2713 2910 contigit,
2749 2843 2806 2893 et
2837 2840 3003 2894 nobis
3017 2840 3267 2911 expertis
3286 2840 3604 2905 credimus,
3628 2841 3776 2896 utin

2117 2928 2504 2999 dignitatibus
2534 2928 2834 2982 constituti
2866 2928 3452 2984 invidoruminfamia
3469 2929 3778 2985 maculen-

2117 3021 2234 3083 tur;
2267 3015 2536 3088 displicet
2565 3017 2753 3071 bonus
2778 3016 2970 3085 malis,
2991 3018 3488 3089 quemadmodum
3506 3017 3781 3073 etmalus

2118 3105 2308 3160 bonis.
2343 3107 2529 3177 Atque
2560 3105 2668 3161 hoc
2691 3106 2771 3161 rei
2803 3106 3081 3177 est,qued
3105 3105 3255 3161 hanc
3280 3106 3337 3161 in
3370 3123 3581 3179 papam
3605 3123 3783 3165 accu-

2119 3194 2428 3261 sationem,
2463 3209 2642 3265 quam
2666 3194 2837 3249 modo
2861 3195 3205 3250 Benedictus
3226 3195 3542 3251 cardinalis
3570 3196 3778 3252 diaco-

360 3289 718 3356 tenentibus,
780 3286 863 3341 ita
916 3287 1158 3341 sanctus
1213 3286 1302 3338 est
1351 3281 1669 3354 imperator
1737 3296 2007 3338 exorsus:
2042 3269 2087 3334 C
2127 3299 2240 3338 nus
2271 3282 2411 3355 legit
2435 3282 2801 3339 etvobiscum
2821 3282 3395 3355 fecit,amphibolam
3421 3285 3773 3355 retinemus,

361 3404 391 3433 ‹‹
424 3379 900 3449 Quamdecorum
925 3375 1079 3429 esset
1090 3377 1209 3427 tam
1223 3371 1380 3427 claro
1394 3374 1712 3443 sanctoque
1725 3372 2008 3427 domuum

360 3485 573 3544 papam
593 3466 924 3524 Johannem
943 3462 1225 3517 interesse
1240 3459 1507 3517 concilio.
1535 3459 1752 3516 Verum
1771 3477 1874 3515 cur
1888 3464 2012 3516 tan-

360 3566 489 3616 tum
517 3553 897 3613 declinaverit
923 3555 1159 3618 coetum,
1190 3567 1314 3628 vos,
1345 3566 1377 3604 ο
1411 3549 1596 3605 sancti
1630 3553 1846 3621 patres,
1873 3566 2008 3605 con-

361 3648 636 3713 sulimus,
670 3643 888 3716 quibus
917 3638 1251 3697 communis
1281 3654 1416 3694 cum
1440 3654 1506 3694 eo
1536 3638 1657 3693 vita
1680 3639 1748 3673 “9
1768 3655 1834 3694 ac
1860 3654 2014 3694 com-

362 3750 541 3795 mune
572 3732 872 3809 negotium
897 3729 1106 3787 extitit.
1140 3728 1348 3784 »Tunc
1362 3726 1609 3783 Romani
1636 3727 1941 3799 pontiﬁces
1958 3731 2015 3782 et

361 3821 691 3881 cardinales
719 3818 1024 3892 presbiteri
1056 3834 1122 3873 ac
1145 3816 1393 3886 diaconi,
1410 3830 1543 3873 cum
1563 3816 1835 3872 universa
1846 3815 2014 3888 plebe

363 3913 657 3970 dixerunt:
689 3929 719 3960 «
751 3907 1039 3964 Miramur
1070 3904 1507 3961 sanctissimam
1532 3904 1903 3977 prudentiam
1925 3920 2016 3960 ve-

363 4005 548 4059 stram
577 4013 688 4054 nos
716 3996 826 4052 hoc
856 3993 1000 4051 velle
1017 3992 1366 4066 percontari,
1384 3993 1539 4065 quod
1561 4008 1675 4049 non
1692 3992 2012 4059 Hibericos,

362 4106 471 4149 nec
502 4085 894 4153 Babilonicos,
926 4099 1032 4140 nec
1065 4082 1294 4139 Indicos
1327 4081 1549 4138 incolas
1581 4080 1739 4138 latet.
1768 4082 1893 4137 Non
1920 4081 2016 4137 hic

354 4181 483 4253 jam
511 4177 602 4235 vel
628 4176 700 4234 de
716 4174 863 4249 ipsis
883 4171 1409 4245 estquiveniuntin
1420 4170 1784 4227 vestimentis
1797 4170 2014 4241 ovium,

362 4267 717 4326 intrinsecus
747 4268 945 4322 autem
980 4266 1122 4319 sunt
1151 4260 1274 4334 lupi
1307 4276 1568 4333 rapaces;
1589 4259 1672 4316 ita
1699 4265 1895 4333 aperte
1910 4278 2016 4317 ste-

361 4356 466 4428 vit,
499 4358 583 4415 ita
608 4355 803 4430 palam
834 4351 1127 4411 diabolica
1154 4353 1473 4423 pertractat
1505 4348 1754 4422 negotia,
1778 4354 1844 4405 ut
1871 4348 2018 4405 nihil

364 4445 729 4504 circuitiouis
751 4446 975 4500 utatur.
999 4463 1029 4494 ››
1044 4441 1369 4513 Imperator
1386 4438 1705 4511 respondit:
1730 4460 1759 4491 ‹‹
1776 4439 1805 4495 J
1816 4443 2018 4495 ustum

360 4535 538 4593 nobis
562 4532 815 4598 videtur,
829 4535 897 4588 ut
911 4529 1312 4588 accusationes
1334 4527 1684 4584 nominatim
1697 4526 2022 4600 expriman-

366 4624 565 4691 tur‘”;
598 4620 733 4678 dein
766 4620 908 4693 quid
934 4618 1228 4693 agendum
1250 4616 1422 4674 nobis
1442 4616 1542 4687 sit,
1572 4617 1871 4673 communi
1889 4634 2019 4674 con-
2053 4639 2099 4706 D

366 4713 499 4771 sillo
528 4712 935 4786 pertractetur,
967 4731 995 4759 »
1028 4708 1199 4764 Tunc
1216 4723 1581 4779 consurgens
1602 4706 1807 4763 Petrus
1834 4707 2022 4763 cardi-

368 4803 521 4861 nalis
548 4802 614 4838 ⁴⁸¹
645 4800 952 4873 presbiter,
1004 4813 1068 4854 se
1095 4795 1314 4852 vidisse
1362 4794 1532 4851 illum
1582 4795 1827 4852 missam
1876 4795 2023 4852 cele-

367 4895 573 4950 brasse
594 4895 653 4948 et
681 4907 797 4945 non
827 4886 1297 4944 communicasse
1326 4888 1578 4942 testatus
1596 4888 1703 4940 est.
1725 4884 2025 4943 Johannes

368 4979 681 5050 episcopus
712 4972 1078 5040 Narniensis,
1097 4976 1156 5028 et
1177 4972 1478 5028 Johannes
1500 4971 1813 5028 cardinalis
1835 4973 2026 5030 diaco-

370 5083 507 5136 nus,
543 5081 606 5121 se
630 5063 850 5120 vidisse
880 5061 1052 5118 illum
1086 5060 1393 5116 diaconem
1427 5060 1732 5117 ordinasse
1763 5060 1821 5116 in
1846 5078 2022 5133 equo-

373 5170 506 5212 rum
536 5149 789 5220 stabulo,
823 5167 940 5208 non
972 5147 1147 5206 certis
1177 5147 1563 5219 temporibus,
1584 5153 1724 5205 sunt
1753 5151 2021 5222 professi.

2119 3372 2347 3437 incerti,
2382 3376 2581 3426 utrum
2602 3371 2724 3427 zelo
2743 3372 2989 3444 justitiaa
3007 3388 3080 3427 an
3110 3372 3621 3444 impietatislivore
3642 3391 3777 3447 pro-

2120 3465 2437 3533 rumperet.
2471 3459 2633 3516 Unde
2663 3460 2807 3516 mihi
2839 3461 3082 3534 indigno
3111 3462 3438 3517 secundum
3474 3479 3771 3520 concessa

2120 3550 2423 3624 dignitatis
2456 3550 2861 3606 auctoritatem
2892 3567 3098 3607 omnes
3126 3551 3382 3607 obtestot
3411 3568 3513 3625 per
3555 3557 3768 3619 Deum,

2121 3656 2295 3711 quem
2326 3638 2543 3707 fallere,
2572 3639 2680 3695 etsi
2727 3638 2874 3707 vult,
2915 3656 3088 3695 nemo
3138 3645 3329 3711 potest
3377 3645 3769 3715 sanctamque

2120 3729 2170 3799 ej
2182 3745 2249 3783 us
2269 3727 2612 3800 genitricem
2636 3728 3040 3785 intemeratam
3056 3727 3340 3801 virginem
3358 3730 3600 3786 Mariam
3613 3775 3627 3799 ,
3642 3748 3772 3804 per-

2124 3833 2238 3890 que
2270 3816 2791 3888 praeciosissimum
2813 3815 3211 3889 apostolorum
3231 3817 3515 3891 principis
3535 3836 3774 3893 corpus,

2122 3905 2183 3961 in
2209 3906 2380 3976 cujus
2409 3905 2531 3961 haec
2548 3904 3140 3975 recitanturecclesia,
3160 3905 3399 3962 utnulla
3416 3906 3477 3962 in
3489 3908 3775 3965 domuum

2123 4011 2336 4067 papam
2361 3994 2700 4065 jaeulentur
2730 3995 2999 4060 convitia,
3048 4011 3179 4067 quae
3207 4013 3323 4051 non
3372 3996 3495 4053 sint
3519 3998 3592 4053 ab
3645 3998 3776 4070 ipso

2125 4087 2354 4156 patrata
2381 4087 2558 4154 atque
2582 4096 2617 4139 a
2638 4082 2780 4139 viris
2794 4083 3228 4155 probatissimis
3252 4084 3395 4140 visa.
3415 4107 3444 4134 »
3465 4087 3631 4142 Tunc
3654 4088 3780 4160 epi-

2125 4171 2308 4244 scopi,
2340 4170 2671 4243 presbiteri,
2727 4171 2980 4239 diaconi,
3032 4171 3411 4246 reliquusque
3458 4173 3671 4243 clerus,
3722 4181 3783 4232 et

2127 4263 2376 4316 cunctus
2407 4258 2805 4316 Romanorum
2836 4258 3089 4332 populus
3120 4261 3292 4333 quasi
3317 4261 3405 4318 vir
3442 4280 3600 4320 unus
3616 4264 3777 4321 dixe-

2127 4349 2353 4406 runt:Si
2383 4366 2499 4405 non
2532 4353 2590 4406 et
2619 4366 2745 4422 quae
2778 4367 2879 4422 per
2900 4349 3278 4407 Benedictum
3303 4352 3607 4409 diaconem
3627 4352 3782 4411 lecta

2127 4442 2288 4506 sunt,
2323 4437 2533 4509 hisque
2563 4438 2827 4511 turpiora
2856 4442 2913 4494 et
2942 4439 3229 4511 ampliora
3280 4440 3579 4497 Johannes
3624 4458 3783 4514 papa

2128 4527 2374 4599 indigna
2402 4526 2700 4582 commisit
2730 4527 3009 4593 facinora,
3053 4545 3171 4584 non
3214 4545 3320 4585 nos
3352 4545 3385 4583 a
3430 4528 3783 4587 delictorum

2129 4614 2381 4671 vinculis
2409 4614 2670 4671 absolvat
2682 4614 3079 4688 apostolorum
3110 4616 3377 4688 princeps
3397 4616 3788 4675 beatissimus

2133 4704 2359 4770 Petrus,
2394 4703 2497 4775 qui
2526 4704 2701 4759 verbo
2750 4703 2959 4759 cmlum
3014 4703 3271 4777 indignis
3315 4703 3554 4771 claudit,
3594 4704 3790 4772 justis

2133 4794 2339 4867 aperit;
2378 4794 2479 4849 sed
2530 4792 2717 4849 simus
2763 4794 3155 4850 anathematis
3200 4791 3431 4847 vinculo
3482 4791 3785 4866 innodati,

2134 4887 2309 4954 atque
2340 4881 2399 4937 in
2431 4880 2525 4936 die
2554 4880 2875 4937 novissima
2896 4880 2955 4936 in
2987 4880 3228 4937 sinistra
3242 4870 3403 4952 parte
3434 4879 3788 4951 positi,cum

2134 4971 2219 5027 eis
2253 4969 2353 5043 qui
2385 4969 2656 5025 dixerunt
2683 4969 2922 5025 domino
2953 4970 3099 5026 Deo:
3132 4969 3338 5027 Recede
3363 4969 3588 5038 anobis,
3609 4971 3791 5026 scien-

2134 5064 2271 5117 tiam
2290 5061 2510 5115 viarum
2538 5066 2760 5114 tuarum
2784 5060 3041 5115 nolumus
3070 5058 3213 5130 (Job.
3246 5075 3363 5127 xxx,
3398 5058 3505 5130 14).
3550 5058 3711 5124 Quod
3738 5062 3790 5118 si

2136 5151 2312 5206 ﬁdem
2344 5148 2513 5204 nobis
2545 5164 2660 5203 non
2678 5147 3007 5216 admittitis,
3025 5147 3304 5204 exercitui
3319 5147 3789 5221 domniimpera-

1900 5284 2141 5345 VARI/E
2198 5282 2611 5341 LECTIONES.

444 5399 967 5481 ‘f7_secellarius_l.
1162 5394 1469 5481 imperiola
1733 5417 1797 5456 eo
1834 5418 1986 5481 corr.
2020 5402 2156 5481 io_1.
2201 5398 2326 5481 vita
2368 5397 2519 5481 haud
2544 5397 2959 5481 totum
2992 5416 3027 5455 a
3067 5401 3199 5481 stilo
3225 5402 3443 5458 tantum
3469 5397 3703 5461 indicato
3732 5406 3792 5461 at

373 5478 439 5539 ιη
462 5475 796 5549 2le9itureo
824 5471 945 5528 vita
1016 5471 1085 5507 ‘50
1114 5470 1463 5541 exprimitur
1496 5471 1545 5525 1.
1622 5470 1688 5505 ⁴⁵¹
1717 5472 2046 5532 cardinales
2078 5475 2128 5530 1.
2205 5473 2273 5508 ιδ’
2303 5474 2343 5529 i.
2376 5487 2424 5529 e.
2454 5470 2653 5529 lorica.
2729 5470 2798 5507 “3
2827 5472 2866 5527 ἰ.
2898 5486 2945 5530 e.
2970 5472 3255 5531 munisse.

366 5737 380 5745 .
448 5682 603 5779 (156)
626 5686 993 5766 Oppidoru'm
1021 5683 1093 5747 55
1120 5682 1351 5749 Gallam
1378 5686 1439 5749 et
1466 5682 1702 5746 Falerii.

2049 5596 2285 5658 NOTE.
