3962 6388
262 395 384 456 909

1728 409 2063 474 LEGATIO
2109 415 2224 476 ΟΡ.

3561 420 3685 486 θιο

260 531 763 603 quemadmodum
797 550 840 587 a~
859 532 984 590 suis
1006 537 1272 608 cognatis
1297 544 1353 592 et
1374 539 1787 609 familiaribus,
1815 544 1912 614 qui
1942 545 1997 612 Α
2027 546 2444 617 aposiolicatus
2475 548 2709 606 culmen
2741 551 3010 624 elegisti?
3031 553 3184 608 Num
3215 551 3462 608 inficiari
3492 555 3677 623 potes,

254 623 576 692 presentes
607 626 793 691 erant,
825 639 1068 697 persepe
1107 626 1217 681 sub
1263 628 1638 685 attestatione
1685 631 1919 686 audivi-

255 708 473 764 vimus.

326 800 416 854 21.
441 799 562 864 Quo
589 805 841 868 mortuo,
873 802 1120 859 Romani
1152 807 1720 878 omnes,juramenti
1758 810 1913 880 quod

255 892 457 943 sancto
489 888 881 960 promiserant
909 891 1245 965 imperatori
1292 895 1690 963 immemores,
1725 897 1912 954 Bene-

253 976 480 1033 dictum
511 979 871 1036 cardinalem
898 981 1210 1038 ‘diaconcm
1261 1001 1475 1056 papam
1521 986 1909 1053 constituunt,

250 1065 496 1139 insuper
515 1071 572 1122 et
591 1068 953 1138 juramento,
968 1087 1276 1142 nunquam
1300 1088 1362 1127 se
1384 1089 1516 1128 eum
1532 1073 1907 1144 dimissuros,

251 1156 354 1210 sed
386 1161 588 1211 contra
617 1174 753 1213 eum
779 1158 1152 1230 imperatoris
1179 1161 1506 1233 potentiam
1541 1162 1907 1234 defensuros,

247 1244 623 1316 promittunt.
659 1247 780 1311 Quo
813 1248 1033 1316 audito,
1061 1248 1381 1321 Imperator
1411 1251 1618 1307 urbem
1648 1251 1906 1319 vallavit,

248 1333 572 1401 neminem,
601 1334 702 1407 qui
722 1353 834 1391 non
880 1337 1160 1392 membris
1199 1342 1588 1408 truncaretur,
1609 1341 1764 1396 exire
1786 1359 1910 1413 per-

247 1421 449 1491 misit;
483 1423 773 1478 machinis
801 1429 858 1480 et
885 1424 1037 1482 fame
1069 1443 1258 1498 usque
1295 1429 1439 1482 adeo
1473 1427 1698 1497 afflixit,
1723 1430 1907 1486 donec

247 1511 528 1567 Romanis
547 1511 882 1568 nolentibus
905 1514 1110 1569 urbem
1131 1516 1432 1587 reciperet,
1449 1517 1697 1572 Leonem
1715 1518 1903 1574 virum

243 1600 640 1657 venerabilem
700 1602 906 1656 debita:
970 1604 1094 1658 sedi
1147 1603 1479 1660 restitueret
1510 1606 1657 1676 (Jun.
1692 1608 1800 1678 23).
1837 1625 1904 1662 ac

244 1689 626 1746 Benedictum
640 1707 885 1746 summe
917 1692 1073 1746 sedis
1092 1691 1420 1748 invasorem
1435 1694 1563 1764 ejus
1580 1711 1801 1766 praesen
1811 1695 1902 1749 tias

241 1783 646 1848 praesentaret.

313 1870 405 1921 22.
428 1867 842 1922 Residentibus
881 1867 1081 1940 itaque
1112 1869 1328 1924 domno
1362 1869 1549 1924 Leone
1579 1887 1814 1926 summo
1844 1875 1902 1926 et

243 1954 564 2010 universali
597 1972 749 2028 papa
779 1955 836 2010 in
869 1956 1115 2012 ecclesia
1155 1959 1550 2025 Lateranensi,
1587 1976 1810 2016 necnon
1843 1965 1900 2016 et

238 2044 595 2115 imperatore
635 2044 1011 2100 sanctissimo
1045 2045 1275 2112 Ottone,
1309 2046 1600 2119 episcopis
1656 2048 1898 2119 insuper

241 2133 545 2199 Romanis,
565 2133 801 2201 Italicis,
823 2134 1249 2207 aLotharingia
1271 2141 1327 2190 et
1344 2136 1592 2190 Saxonia
1616 2137 1896 2209 archiepi-

238 2223 456 2294 scopis,
490 2221 804 2294 episcopis.
840 2223 1204 2294 presbiteris,
1233 2223 1894 2297 diaconibus,omnique

238 2316 636 2367 Romanorum
670 2311 862 2383 plebe,
883 2328 1134 2384 quorum
1159 2312 1400 2368 nomina
1421 2315 1490 2349 ‘59
1510 2314 1753 2369 inferius
1784 2315 1891 2370 ad-

239 2400 596 2466 scribentur,
639 2400 874 2455 advenit
921 2401 1288 2468 Benedictus,
1341 2402 1672 2472 apostolicae
1734 2404 1893 2459 sedis

236 2489 707 2555 invasor,eorum
734 2488 834 2560 qui
860 2505 921 2544 se
942 2488 1237 2561 elegerant
1270 2491 1545 2546 manibus
1577 2491 1891 2560 adductus,

236 2577 673 2650 pontificalibus
701 2577 965 2633 vestibus
1005 2578 1266 2633 indutus.
1302 2580 1485 2644 Quem
1546 2579 1892 2636 Benedictus

235 2667 552 2723 cardinalis
582 2666 1033 2722 archidiaconus
1063 2667 1164 2722 tali
1197 2683 1468 2723 sermone
1530 2669 1848 2740 adgressus
1874 2687 1887 2724 :

234 2779 262 2806 ‹‹
301 2757 427 2820 Qua
473 2755 580 2810 tibi
625 2755 990 2822 auctoritate,
1024 2772 1210 2826 quave
1241 2756 1385 2827 lege,
1420 2773 1453 2812 ο
1483 2757 1737 2826 invasor,
1769 2757 1892 2813 haec

228 2843 592 2918 pontificalia
642 2843 994 2898 indumenta
1052 2845 1375 2916 usurpasti,
1411 2846 1726 2916 superstite
1782 2846 1892 2900 hoc

222 2933 496 3007 presenti
523 2933 738 2988 domno
758 2936 956 2988 nostro
970 2933 1282 2988 venerabili
1305 2933 1691 3005 papa-Leone,
1712 2951 1888 3006 quem

220 3029 287 3080 tu
339 3023 674 3090 nobiscum,
709 3025 980 3078 accusato
1029 3027 1086 3078 et
1139 3023 1447 3094 reprobato
1495 3022 1782 3091 Johanne,
1817 3025 1888 3079 ad

2028 636 2298 706 praesenti
2323 638 2538 694 domno
2573 639 2908 712 imperateri
2932 642 3275 713 juramento
3335 641 3679 713 promisisse

2027 740 2332 796 nunquam
2346 730 2404 782 te
2434 744 2568 782 cum
2592 728 2799 785 ceteris
2827 730 3109 786 Romanis
3121 746 3334 802 papam
3356 728 3682 787 clecturum

2026 817 2127 867 aut
2148 814 2558 871 ordinaturum
2593 817 2993 890 absqueillius
3024 819 3245 891 filiique
3259 819 3388 890 ejus
3404 817 3558 892 regis
3581 817 3681 874 Ot-

2023 901 2179 956 tonis
2211 904 2534 960 consensu!
2574 928 2602 954 ››
2631 907 2980 963 Benedictus
3010 907 3347 980 respondit:
3383 929 3412 958 «
3443 907 3504 963 Si
3535 906 3676 979 quid

2023 989 2274 1060 peccavi,
2309 991 2670 1049 miseremini
2703 994 2895 1052 mei.‘»
2919 997 3083 1052 Tunc
3113 995 3436 1069 imperator
3471 995 3678 1052 effusis

2019 1075 2301 1144 lacrimis,
2330 1097 2507 1151 quam
2541 1082 2876 1140 misericors
2901 1089 3059 1141 esset
3083 1085 3418 1153 ostendens,
3453 1083 3678 1156 rogavit

2021 1168 2420 1238 synodum,ne
2455 1171 2733 1226 Benedito
2764 1173 3172 1250 prejudicium
3205 1173 3387 1228 fieret.
3413 1171 3474 1228 Si
3503 1171 3676 1229 vellet

2018 1259 2076 1309 et
2107 1261 2323 1326 posset,
2357 1257 2426 1313 ad
2461 1257 2819 1332 interrogata
2870 1260 3254 1333 responderet
3300 1275 3672 1332 causamque

2017 1360 2185 1399 suam
2219 1345 2585 1413 defenderet;
2612 1349 2767 1419 quod
2799 1349 2846 1403 si
2880 1365 2999 1403 non
3033 1352 3232 1420 posset
3247 1353 3348 1404 aut
3377 1347 3669 1418 nollet,ac

2017 1449 2078 1488 se
2108 1433 2462 1506 culpabilem
2493 1436 2991 1504 redderet,tamen
3011 1453 3115 1509 pro
3139 1437 3461 1493 timoreDei
3484 1438 3668 1493 mise-

2014 1520 2329 1577 ricordiam
2348 1521 2607 1595 aliquam
2640 1525 2943 1581 inveniret.
2964 1527 3087 1590 Quo
3117 1526 3338 1595 audito,
3374 1526 3446 1582 ad
3465 1526 3667 1582 domni

2018 1609 2225 1664 Leonis
2256 1627 2416 1682 papae
2431 1611 2605 1682 pedes
2626 1611 2930 1685 ipsiusque
2957 1613 3332 1685 imperatoris
3353 1613 3542 1669 isdem
3561 1614 3664 1670 Be-

2014 1697 2284 1753 nedictus
2317 1699 2539 1754 concite
2561 1700 2887 1770 procidens,
2912 1717 2975 1757 se
2997 1718 3236 1773 pecasse
3255 1703 3344 1770 ‘70,
3369 1717 3431 1758 se
3452 1707 3665 1758 sancta:

2013 1785 2287 1839 Romana:
2311 1785 2467 1840 sedis
2489 1786 2814 1844 invasorem
2835 1805 2984 1858 esse,
3006 1789 3371 1847 acclamavit.
3388 1791 3528 1847 Post
3544 1791 3665 1846 base

1933 1908 1980 1973 Β
2012 1872 2256 1973 pallium
2290 1875 2401 1929 sibi
2435 1875 2698 1944 abstulit,
2727 1879 2888 1973 quod
2932 1877 3109 1973 simul
3165 1895 3300 1935 cum
3340 1879 3665 1973 pontificali

2010 1962 2214 2029 ferula,
2241 1980 2418 2034 quam
2471 1981 2649 2020 manu
2707 1967 2992 2038 gestabat,
3027 1967 3244 2024 domno
3283 1984 3446 2041 papas
3488 1968 3665 2025 Leoni

2005 2051 2277 2107 reddidit.
2294 2053 2479 2116 Quam
2501 2053 2746 2109 ferulam
2760 2054 2947 2110 isdem
2962 2072 3114 2128 papa
3136 2055 3326 2128 fregit,
3341 2061 3398 2112 et
3411 2057 3657 2113 fractam

2005 2139 2220 2211 populo
2251 2142 2528 2209 ostendit,
2556 2143 2769 2198 Deinde
2802 2143 3180 2199 Benedictum
3203 2144 3262 2199 in
3280 2148 3436 2200 terra
3452 2144 3656 2202 sedere

2005 2227 2294 2300 praecepit.
2317 2227 2420 2283 Cui
2447 2228 2731 2295 casulam,
2752 2244 2931 2301 quam
2955 2229 3249 2302 planetam
3273 2231 3499 2301 dicunt,
3524 2249 3660 2290 cum

2005 2315 2152 2370 stola
2181 2317 2401 2388 pariter
2422 2317 2690 2374 abstulit.
2708 2318 2846 2374 Post
2861 2323 3059 2375 autem
3082 2320 3358 2377 omnibus
3369 2322 3661 2395 episcopis

2005 2405 2151 2459 dixit
2175 2421 2186 2459 :
2224 2428 2251 2455 «
2287 2405 2919 2474 Benedictum,sanctae
2947 2408 3223 2466 Romanae
3243 2413 3300 2466 et
3320 2410 3655 2482 apostolica

2003 2493 2161 2548 sedis
2191 2493 2546 2560 invasorem,
2567 2495 2726 2550 omni
2757 2496 3136 2567 pontificatus
3160 2501 3216 2554 et
3236 2497 3659 2571 prespiteratus

2002 2580 2220 2635 honore
2235 2581 2636 2653 privamus;ob
2654 2581 3034 2640 elemosinam
3053 2600 3186 2640 vero
3200 2585 3400 2642 domui
3413 2585 3660 2658 impera-

2002 2668 2146 2723 toris
2174 2668 2424 2736 Ottonis,
2451 2671 2622 2741 cujus
2647 2686 2857 2729 sumus
2883 2689 3061 2744 opera
3082 2672 3141 2728 in
3173 2674 3372 2730 sedem
3398 2673 3656 2732 debitam

2001 2757 2276 2826 restituti,
2298 2759 2645 2815 diaconatus
2671 2777 2806 2816 eum
2837 2761 3104 2817 ordinem
3126 2761 3340 2819 habere
3362 2763 3658 2836 permitti-

2001 2862 2155 2914 mus,
2189 2851 2247 2902 et
2277 2864 2392 2903 non
2415 2849 2544 2920 jam
2587 2849 2804 2919 Romae,
2834 2850 2936 2906 sed
2981 2849 3040 2905 in
3087 2849 3325 2907 exilium
3368 2852 3441 2910 ad
3499 2853 3658 2926 quod

2001 2935 2232 2992 destina
2261 2936 2349 2991 ⁸⁷³.

1590 3139 1830 3195 VARLE
1871 3140 2281 3196 LECTIONES.

300 3241 370 3276 ⁴⁶⁰
436 3257 542 3296 nra
608 3241 657 3295 1.
735 3240 804 3274 ⁴⁷⁰
871 3240 911 3294 i.
989 3256 1037 3295 ε.

1116 3238 1532 3312 βρονταεεθὲτι
1602 3242 1680 3296 ita
1744 3240 1912 3297 eodem
1977 3243 2029 3296 1.

2096 3243 2468 3317 ﬁmtmmedia
2529 3246 2586 3300 in
2650 3247 2818 3317 pagia
2883 3249 2935 3301 et
3001 3248 3164 3302 initio
3229 3247 3415 3306 linea.
3487 3249 3651 3308 Codd.

223 3317 280 3370 2.
313 3321 366 3369 et
394 3313 446 3368 4.
478 3311 661 3367 eodem
717 3311 895 3365 modo.
930 3315 1019 3366 set
1045 3311 1375 3367 inexilium
1431 3311 1796 3368 destinamus
1824 3315 1878 3367 5.
1913 3313 2012 3369 Set
2042 3311 2105 3367 in
2133 3313 2305 3369 exilio
2362 3311 2794 3372 destinam'us'5
2823 3332 2876 3370 a.
2912 3321 3002 3372 set
3056 3319 3114 3373 in
3172 3317 3409 3374 exilium
3469 3320 3654 3376 desti-

227 3401 445 3441 namus
477 3384 609 3439 editt
639 3387 692 3438 et
719 3383 1021 3438 Alberz‘cus.
1056 3383 1572 3456 Scntentinposcere
1600 3384 1818 3439 videtur
1845 3401 1866 3448 ;
1898 3384 2228 3441 destinatus
2259 3390 2348 3442 est
2377 3388 2567 3442 abeat.

225 3523 1718 3557 rm

1726 3526 3653 3564 ω

1407 3667 2482 3770 ιιιῖτιδιυιπιη

1516 3863 2016 3923 CREMONENSIS
2054 3864 2371 3922 EPISCOPI

262 4043 849 4172 RELATIO
898 4046 1067 4169 DE
1117 4043 1889 4170 LEGATIONE
1935 4043 3602 4177 CONSTANTINOPOLITANA.

304 4350 544 4405 Ottones
559 4348 956 4404 Romanorum
975 4347 1894 4421 invictissimosimperatoresau-
1923 4348 1966 4416 C
2004 4366 2110 4406 nec
2134 4349 2385 4406 calorem
2408 4349 2733 4424 repelleret,
2749 4351 2960 4408 inclusi
2973 4351 3428 4422 sumus;armati
3442 4351 3658 4411 milites

229 4443 461 4511 gustos,
481 4435 1447 4511 gloriosisimamqueAdelbeidem
1461 4437 1892 4510 imperatricem

230 4531 571 4599 augustam,
589 4526 729 4581 Liud
741 4526 1088 4598 prandus‘"
1113 4529 1328 4581 sancta:
1354 4525 1766 4583 Cremonensis
1795 4543 1894 4582 ec-

231 4615 422 4672 clesiae
444 4615 780 4688 episcopus,
809 4631 1043 4687 semper
1062 4613 1273 4682 valere,
1305 4615 1657 4687 prosperari,
1685 4615 1891 4671 trium-

232 4703 706 4778 pharc,anhelat,
730 4703 1046 4771 desiderat,
1075 4707 1258 4775 optat.

307 4793 357 4846 1.
390 4791 539 4856 Quid
573 4809 761 4848 causae
796 4792 992 4860 fuerit,
1020 4793 1176 4864 quod
1210 4792 1374 4864 prius
1417 4791 1645 4848 litteras
1677 4794 1744 4827 ‘73
1774 4793 1894 4849 sive

233 4882 508 4936 nuntium
542 4899 741 4937 meum
772 4899 888 4937 non
920 4881 1320 4952 susceperitis,
1347 4881 1493 4936 ratio
1525 4882 1894 4953 subsequens

231 4969 775 5026 declarabit.Pridie
788 4971 984 5026 Nonas
996 4969 1156 5025 Junii
1171 4969 1731 5042 Constantinopolim
1746 4971 1896 5026 veni-

233 5077 392 5126 mus,
424 5064 482 5116 et
513 5060 584 5116 ad
618 5058 1037 5115 contumeliam
1061 5064 1314 5114 vestram
1338 5059 1586 5130 turpiter
1610 5061 1890 5130 suscepti,

234 5148 491 5220 graviter
518 5149 857 5220 tupiterq-ue
882 5164 1094 5204 sumus
1117 5145 1380 5215 tractati;
1408 5145 1622 5218 palatio
1654 5148 1893 5219 quidem

235 5235 381 5293 satis
405 5253 620 5309 magno
642 5241 700 5293 et
729 5241 952 5308 aperto,
969 5235 1126 5308 quod
1149 5252 1254 5290 nec
1274 5235 1459 5307 frigus
1482 5241 1722 5304 arceret,
1745 5235 1896 5291 sicut

2005 4439 2254 4510 appositi
2269 4444 2407 4495 sunt
2428 4440 2721 4508 custodes,
2739 4441 2840 4513 qui
2863 4441 3011 4499 meis
3027 4442 3305 4499 omnibus
3327 4441 3547 4498 exitum
3565 4443 3654 4514 ‘7‘,

2005 4527 2228 4583 caeteris
2250 4527 2627 4599 prohiberent
2642 4529 2995 4602 ingressum.
3015 4530 3237 4588 Domus
3253 4529 3384 4603 ipsa
3403 4529 3546 4586 solis
3559 4548 3657 4588 no-

2005 4617 2096 4672 bis
2119 4616 2364 4673 inclusis
2385 4617 2602 4689 pervia,
2628 4634 2662 4672 a
2678 4616 2894 4689 palatio
2925 4619 3069 4675 adeo
3087 4622 3472 4692 sequestrata,
3496 4624 3562 4675 ut
3586 4635 3654 4676 eo

2004 4706 2175 4760 nobis
2194 4722 2306 4760 non
2325 4706 2859 4777 equitantibus,sed
2879 4707 3340 4774 ambulantibus,
3357 4705 3655 4764 anhelitus

2004 4798 2394 4849 truncaretur.
2411 4794 2667 4850 Accessit
2682 4795 2754 4851 ad
2773 4795 3168 4853 calamitatem
3189 4801 3476 4865 nostram,
3497 4795 3655 4868 quod

2005 4884 2331 4938 Graecorum
2348 4883 2549 4938 vinum
2563 4885 2636 4938 ob
2651 4884 3168 4959 picis,tadee,gypsi
3180 4884 3656 4942 commixtionem

2004 4972 2174 5027 nobis
2191 4971 2531 5043 impotabile
2549 4973 2676 5027 fuit.
2698 4972 2917 5028 Domus
2932 4973 3060 5044 ipsa
3084 4977 3208 5028 erat
3223 4972 3532 5046 inaquosa,
3552 4989 3660 5029 nec

2005 5059 2163 5114 sitim
2188 5059 2394 5114 saltem
2423 5059 3492 5134 aquaexstinguerequlvimus,quam
3523 5062 3664 5118 data

2005 5148 2252 5219 pecunia
2285 5165 2635 5204 emeramus.
2661 5148 2808 5204 Huic
2835 5165 3050 5222 magno
3082 5166 3184 5214 vae,
3215 5167 3297 5205 vae
3329 5149 3490 5206 aliud
3522 5165 3660 5222 apo-

2004 5236 2183 5291 situm
2202 5236 2492 5305 est,homo
2507 5235 2700 5293 scili...
2716 5254 2885 5293 orum
2899 5237 2965 5273 ⁸⁷⁵
2977 5242 3202 5309 custos,
3222 5238 3323 5311 qui
3335 5237 3662 5295 cotidianos

1595 5359 1836 5414 VARIzE
1876 5358 2288 5415 LECTIONES.

307 5456 377 5492 ‘7'
432 5456 514 5510 ita
559 5455 760 5526 ubique
813 5458 1029 5512 correxi
1071 5473 1083 5522 ;

1141 5454 1540 5530 luitiprandus
1600 5455 1857 5530 Certisz'us
1907 5457 2095 5513 edidit.
2174 5459 2240 5492 ‘73
2296 5457 2497 5515 literas
2555 5459 2635 5525 C;
2665 5461 2765 5516 uui
2819 5461 2989 5518 etiam
3043 5460 3250 5530 millia,
3307 5459 3496 5526 littus,
3554 5473 3666 5530 op-

275 5532 556 5604 ortunus,
599 5525 750 5604 imo,
811 5531 1067 5604 tentare,
1129 5525 1426 5604 solennis,
1463 5527 1904 5604 quotidianus,
1952 5533 2244 5604 quatenus
2271 5530 2713 5604 ,__elee_mosyna
2741 5573 2756 5599 ,
2815 5531 3110 5600 Joannes,
3165 5525 3665 5604 nuncius__cont3‘a

275 5547 547 5594 ortunus,
599 5547 750 5590 uno,
811 5547 1067 5592 tentare,
1129 5547 1426 5590 sciennls,
1489 5547 1868 5599 quoumanus
1891 5569 1904 5595 ,
1952 5547 2244 5600 quatenus
2271 5572 2284 5598 ,
2341 5547 2713 5604 eleemosyna
2741 5573 2756 5599 ,
2815 5547 3071 5589 Joannes
3095 5573 3110 5600 ,
3165 5547 3418 5588 nuncms
3475 5547 3660 5584 contra

234 5547 886 5678 iiudprandiscribendi
916 5599 1194 5678 rationem
1228 5599 1472 5678 egprfmz'
1497 5601 1648 5678 fecit,
1681 5599 2208 5678 quodcorreximtg.
2285 5601 2354 5678 Ψ
2379 5602 2620 5660 exitium
2655 5602 2712 5663 C.
2787 5604 2855 5642 ⁴⁷⁵
2887 5604 3199 5665 Sciliorum
3228 5603 3306 5661 αι.
3332 5597 3660 5659 Siciliorum

239 5673 295 5738 ο.
318 5666 558 5751 fo'rtam
589 5667 884 5746 legendum
918 5686 930 5728 :
969 5668 1143 5730 homo
1173 5666 1399 5730 scilicet
1423 5666 1759 5748 nostrorum
1790 5671 2192 5753 (domorum?)
2223 5677 2439 5736 custos.
