3962 6408
207 456 328 523 917

1682 455 2023 524 LEGATIO
2067 457 2182 521 ΟΡ.

3524 437 3644 504 918

207 606 399 650 mana
430 587 705 661 ecclesiae,
729 592 796 648 ut
814 594 938 650 erat
967 588 1386 665 kosmocrator,
1413 587 1600 650 multa
1629 590 1874 650 donaria
1901 592 1960 663 Α
1986 591 2116 662 tim,
2145 590 2309 650 nefas
2351 586 2742 659 decernimus,
2776 584 3136 660 judicamus.
3160 581 3231 642 Et
3277 577 3558 657 quoniam
3587 582 3644 636 te

208 681 478 751 contulit,
504 699 618 738 non
658 681 717 737 in
750 682 914 739 Italia
943 682 1155 752 solum,
1189 683 1289 739 sed
1322 683 1380 739 in
1413 683 1690 740 omnibus
1722 699 1869 756 pene

208 770 675 828 occidentalibus
697 772 914 844 regnis,
938 788 1163 827 necnon
1187 773 1258 828 de
1293 771 1674 828 orientalibus
1697 776 1871 844 atque

206 860 571 928 meridianis,
591 861 809 916 Graecia
829 859 1073 929 scilicet,
1092 861 1312 926 Judzea,
1340 861 1593 931 Perside,
1613 862 1872 932 Mesopo-

205 951 410 1017 tamia,
445 948 783 1021 Babylonia,
820 950 1090 1022 (Egypto,
1115 949 1314 1022 Libya,
1339 955 1403 1005 ut
1432 949 1622 1021 ipsius
1651 954 1870 1006 testan-

206 1041 307 1095 tur
335 1037 660 1111 privilegia,
689 1055 815 1110 qua:
847 1054 1024 1110 penes
1066 1055 1174 1095 nos
1219 1044 1376 1095 sunt.
1408 1043 1557 1094 Sane
1589 1038 1868 1110 quicquid

204 1127 269 1184 in
303 1127 490 1194 Italia,
531 1128 632 1183 sed
673 1132 732 1183 et
751 1128 818 1163 ‘9‘
849 1128 909 1182 in
956 1129 1223 1195 Saxonis,
1268 1128 1550 1201 Bagoaria
1568 1129 1657 1196 “’7,
1683 1126 1869 1183 omni-

204 1217 319 1273 bus
350 1216 574 1272 domini
617 1216 732 1272 mei
780 1217 977 1288 regnis
1008 1221 1116 1284 est,
1141 1218 1296 1288 quod
1349 1217 1421 1272 ad
1470 1216 1869 1288 apostolorum

200 1306 511 1362 beatorum
552 1305 863 1362 ecclesiam
901 1305 1160 1378 respicit,
1186 1306 1699 1362 sanctissimorum
1733 1322 1868 1376 apo-

203 1394 492 1451 stolarum
540 1395 756 1450 vicario
814 1394 1080 1452 contulit.
1106 1397 1176 1451 Et
1232 1395 1281 1451 si
1339 1401 1446 1461 est,
1472 1401 1539 1451 ut
1593 1395 1869 1450 dominus

201 1499 372 1540 meus
403 1501 473 1540 ex
503 1483 598 1539 his
640 1484 918 1539 omnibus
970 1483 1256 1551 civitates,
1280 1483 1470 1548 villas,
1496 1483 1716 1538 milites
1769 1486 1870 1537 aut

199 1573 489 1629 familiam
510 1573 792 1639 obtineat,
814 1573 998 1628 Deum
1023 1573 1249 1645 negavi.
1264 1573 1378 1628 Cur
1397 1572 1716 1644 imperator
1735 1587 1868 1627 vero

199 1678 318 1718 non
350 1661 556 1718 itidem
607 1660 767 1730 facit,
793 1665 859 1715 ut
913 1677 1005 1728 ea,
1029 1677 1160 1732 quae
1214 1661 1340 1716 suis
1401 1662 1624 1725 insunt,
1649 1659 1865 1732 regnis,

198 1749 604 1822 apostolorum
636 1748 892 1805 ecclesiae
924 1749 1154 1815 reddat,
1182 1753 1239 1802 et
1268 1765 1370 1820 per
1400 1748 1661 1803 laborem
1695 1752 1868 1819 atque

195 1837 669 1894 muniﬁcentiam
702 1835 927 1891 domini
958 1836 1069 1891 mei
1105 1835 1282 1891 ditem
1318 1842 1376 1892 et
1405 1835 1673 1903 liberam,
1703 1835 1870 1891 ditio-

192 1943 325 1983 rem
358 1926 486 1997 ipse
516 1941 583 1980 ac
613 1923 944 1980 liberiorem
978 1924 1227 1980 reddat?
1256 1946 1284 1974 »

272 2015 359 2068 18.
386 2035 414 2064 ‹‹
447 2012 558 2068 Sed
588 2011 719 2078 hoc,
740 2011 824 2068 ait
854 2011 1106 2068 Basilius
1137 2012 1636 2084 parakinumenos
1660 2014 1746 2080 ωδ,
1777 2012 1860 2068 fa-

191 2101 332 2163 ciet.
350 2118 486 2157 cum
508 2101 582 2157 ad
605 2105 814 2156 nutum
837 2117 1012 2156 suum
1035 2101 1221 2157 Roma
1243 2106 1299 2157 et
1321 2103 1584 2158 Romana
1604 2101 1862 2158 Ecclesia

189 2189 618 2248 ordinabitur.»
646 2190 797 2245 Tum
822 2205 872 2244 :«
897 2189 1101 2256 Homo,
1130 2189 1397 2261 inquam,
1427 2191 1691 2262 quidam,
1716 2190 1860 2245 mul-

189 2284 316 2336 tam
349 2279 424 2335 ab
454 2278 568 2335 alio
600 2295 810 2350 passus
854 2277 1156 2349 injuriam,
1190 2278 1282 2334 his
1333 2279 1512 2334 Deum
1544 2295 1858 2352 aggressus

190 2373 286 2426 est
312 2367 545 2424 verbis:
577 2369 827 2434 Domine,
860 2367 1086 2424 vindica
1131 2385 1217 2424 me
1243 2367 1311 2422 de
1341 2368 1654 2423 adversario
1698 2374 1858 2424 meo!

189 2458 298 2516 Cui
352 2456 672 2513 Dominus:
707 2457 951 2524 Faciam,
982 2456 1196 2528 inquit,
1229 2459 1288 2512 in
1327 2457 1417 2512 die
1461 2474 1585 2512 cum
1631 2457 1857 2512 reddam

190 2546 498 2617 unicuique
525 2544 824 2602 secundum
846 2560 1006 2616 opera
1027 2561 1131 2600 sua
1153 2551 1171 2598 !
1201 2548 1273 2600 At
1300 2545 1397 2600 ille
1422 2562 1433 2600 :
1465 2547 1640 2614 Quam
1671 2546 1856 2600 tarde!

189 2633 327 2690 infit
347 2637 358 2690 ε

263 2724 351 2778 19.
386 2724 552 2779 Tunc
583 2737 788 2778 omnes
836 2726 1044 2795 przeter
1091 2723 1329 2780 fratrem
1378 2722 1662 2780 cachinno
1693 2739 1853 2780 com-

185 2811 356 2880 moti,
380 2811 868 2883 disceptationem
891 2811 1264 2880 dimiserunt,
1288 2828 1499 2884 meque
1519 2813 1579 2867 in
1601 2813 1851 2868 invisam

182 2901 436 2956 domum
487 2900 685 2956 reduci
736 2905 1156 2972 praeceperunt,
1189 2916 1522 2973 magnaque
1571 2901 1850 2957 custodiri

184 2989 422 3047 cautela
452 3005 641 3060 usque
673 2988 729 3043 in
758 2994 1099 3045 sanctorum
1129 2989 1528 3062 apostolorum
1561 2989 1850 3063 religiosis

181 3077 418 3136 cunctis
464 3076 752 3134 celebrem
801 3077 978 3134 diem.
1011 3081 1137 3145 Qua
1178 3078 1511 3136 celebritate
1558 3097 1654 3136 me
1704 3079 1848 3135 satis

183 3172 494 3241 aegrotum,
519 3183 744 3223 necnon
771 3171 829 3223 et
849 3167 1233 3240 Bulgarorum
1263 3169 1629 3241 nuntios,qui
1661 3168 1848 3242 pridie

178 3256 574 3323 venerant,ad
599 3262 832 3312 sanctos
856 3256 1152 3328 apostolos
1182 3257 1292 3313 sibi
1317 3257 1549 3315 obviare
1576 3260 1848 3331 praecepit

1983 682 2044 738 id
2075 681 2314 756 indigne
2344 682 2494 738 ferre
2523 679 2955 752 cognoscimus,
2991 694 3106 731 non
3139 680 3193 730 te
3228 691 3405 739 nunc,
3436 677 3502 728 ut
3532 689 3638 744 pu-

1980 775 2090 841 tas,
2115 773 2187 827 ad
2222 770 2546 843 hospitium
2579 769 2766 825 redire
2796 767 3070 831 sinimus,
3095 765 3196 821 sed
3227 764 3287 818 in
3318 760 3636 818 diversorio

1981 862 2237 932 quodam
2289 877 2423 916 cum
2482 858 2855 932 imperatoris
2912 855 3093 913 servis
3149 854 3347 909 cibum
3403 854 3639 924 gustare

1983 949 2415 1021 compellimus.
2439 971 2467 998 ››

2049 1041 2140 1094 20.
2167 1039 2391 1105 Quibus
2417 1039 2488 1094 ob
2521 1035 3040 1108 incomparabilem
3063 1032 3256 1089 cordis
3274 1030 3532 1087 dolorem
3556 1027 3639 1084 nil

1980 1128 2276 1200 respondi,
2299 1129 2399 1184 sed
2425 1145 2551 1199 quae
2577 1128 2882 1197 jusserant
2903 1123 3037 1191 feci;
3067 1122 3377 1194 indignum
3399 1117 3640 1189 “judi-

1978 1233 2118 1271 cans
2142 1233 2430 1282 mensam,
2449 1233 2566 1288 qua
2587 1233 2703 1271 non
2727 1214 2854 1270 dico
2878 1213 3045 1280 mihi,
3065 1211 3121 1266 id
3145 1215 3234 1266 est
3259 1207 3636 1280 Liudprando

1978 1305 2379 1376 episcopo,sed
2401 1305 2784 1378 Bulgarorum
2804 1302 3050 1358 nuntius
3070 1303 3262 1355 vestro
3281 1295 3640 1370 praeponitur

1978 1395 2203 1450 nuntio.
2235 1394 2345 1450 Sed
2378 1393 2581 1449 lenivit
2618 1392 2878 1448 dolorem
2919 1406 3113 1445 meum
3147 1388 3467 1459 imperator
3495 1402 3636 1440 san-

1978 1485 2109 1538 ctus
2144 1499 2386 1538 munere
2408 1499 2642 1553 magno,
2667 1482 2907 1536 mittens
2938 1477 3084 1534 mihi
3110 1494 3178 1532 ex
3199 1472 3636 1531 delicatissimis

1978 1569 2123 1626 cibis
2155 1570 2278 1626 suis
2310 1571 2544 1626 haedum
2572 1571 2872 1642 pinguem,
2895 1584 2964 1623 ex
2985 1583 3099 1638 quo
3127 1565 3252 1636 ipse
3279 1563 3631 1627 comederat,

1976 1657 2134 1726 allio,
2157 1674 2316 1730 cepe,
2340 1659 2531 1730 porris
2560 1657 2719 1713 laute
2749 1655 3214 1719 suifarcinatum,
3243 1667 3382 1724 garo
3416 1649 3636 1706 delibu-

1976 1750 2124 1814 tum,
2151 1763 2326 1819 quem
2355 1751 2559 1803 vestraa
2591 1751 2728 1800 tunc
2752 1761 2966 1799 menses
2990 1745 3180 1799 inesse
3211 1741 3508 1813 optavi,ut
3530 1741 3631 1813 qui

1975 1835 2215 1892 delicias
2242 1836 2427 1892 sancti
2448 1835 2818 1907 imperatoris
2840 1834 3063 1890 faustas
3085 1848 3212 1888 esse
3233 1847 3349 1886 non
3373 1831 3628 1896 creditis,

1976 1923 2186 1982 saltem
2217 1925 2310 1982 his
2341 1923 2661 1998 perspectis
2692 1922 3024 1979 crederetis.

2040 2015 2131 2070 21.
2157 2014 2496 2070 Transactis
2519 2030 2655 2086 ergo
2682 2016 2810 2069 octo
2840 2013 3068 2078 diebus,
3085 2027 3218 2066 cum
3241 2010 3474 2083 Bulgari
3498 2012 3626 2083 jam

1971 2103 2262 2170 abessent,
2287 2109 2502 2176 putans
2531 2118 2625 2158 me
2657 2118 2923 2157 mensam
2950 2099 3325 2172 magniﬁcare
3346 2116 3537 2168 suam,
3565 2100 3624 2154 in

1969 2192 2172 2247 eodem
2204 2192 2327 2248 loco
2361 2209 2452 2247 me
2482 2192 2625 2247 satis
2656 2194 2935 2262 aegrotum
2961 2206 3162 2244 secum
3195 2189 3498 2244 convivare
3529 2205 3622 2243 co-

1969 2281 2106 2352 egit.
2141 2281 2342 2336 Adfuit
2375 2298 2510 2336 cum
2564 2280 2835 2352 pluribus
2872 2279 3162 2351 episcopis
3200 2281 3257 2333 et
3292 2276 3625 2350 patriarcha

1967 2368 2362 2442 (169),quibus
2379 2369 2785 2443 praesentibus,
2802 2368 2999 2441 plures
3020 2367 3163 2424 mihi
3185 2367 3536 2440 quaestiones
3553 2367 3625 2422 de

1968 2457 2276 2530 scripturis
2299 2459 2481 2514 sacris
2509 2458 2833 2530 proposuit,
2850 2473 2998 2528 quas
3020 2473 3152 2511 cum
3177 2457 3394 2527 Spiritu
3419 2459 3620 2511 sancto

1965 2547 2204 2604 afﬂante
2256 2547 2551 2620 eleganter
2581 2547 2842 2619 exposui,
2868 2545 3184 2600 novissime
3217 2549 3432 2613 autem,
3457 2549 3522 2600 ut
3549 2545 3620 2600 de

1963 2635 2129 2692 vobis
2160 2637 2366 2692 ludum
2397 2637 2657 2703 haberet,
2679 2652 2828 2707 quas
2859 2635 3111 2707 synodos
3142 2634 3496 2689 haberemus
3525 2651 3621 2690 ro-

1962 2724 2141 2796 gavit.
2166 2725 2268 2781 Cui
2314 2741 2448 2780 cum
2478 2725 2780 2791 Nicenam,
2808 2723 3363 2790 Chalcedonensem,
3387 2722 3622 2794 Ephesi-

1961 2830 2120 2883 nam,
2165 2813 2612 2880 Antiochenam,
2649 2813 3194 2884 Carthaginensem,
3227 2813 3615 2884 Ancyranam,

1959 2901 2663 2975 Constantinopolitanam
2697 2902 2982 2957 edicerem
3018 2919 3066 2957 :«
3097 2901 3207 2956 Hal
3242 2900 3344 2955 ha!
3375 2899 3475 2955 hel
3510 2899 3614 2968 ait,

1959 2991 2300 3048 Saxonicam
2350 2992 2538 3047 dicere
2587 3009 2648 3047 es
2699 2990 2934 3057 oblitus,
2960 3007 3137 3063 quam
3187 2989 3235 3046 si
3284 3007 3456 3064 rogas
3506 3006 3613 3044 cur

1958 3083 2142 3136 nostri
2180 3083 2407 3138 codices
2439 3099 2555 3138 non
2603 3082 2840 3144 habent,
2868 3083 3074 3138 rudem
3103 3099 3252 3151 esse,
3287 3089 3344 3140 et
3389 3085 3460 3140 ad
3507 3097 3614 3140 nos

1959 3171 2207 3226 necdum
2239 3172 2435 3227 venire
2467 3189 2658 3244 posse,
2693 3172 3037 3244 respondeo.
3064 3195 3092 3221 ››

2030 3263 2118 3314 22.
2141 3261 2245 3316 Cui
2279 3261 2522 3334 inquam
2549 3279 2595 3316 zu
2627 3261 2688 3317 In
2713 3278 2827 3334 quo
2852 3263 3118 3318 membro
3142 3267 3344 3335 regnat
3375 3263 3619 3320 inﬁrmi-

185 3346 340 3418 (Jun.
367 3345 483 3416 29).
508 3343 770 3416 Cumque
801 3350 935 3417 post
983 3345 1308 3400 naeniarum
1356 3347 1762 3419 garrulitatem
1796 3352 1854 3403 et
1882 3334 1925 3402 C
1962 3352 2075 3416 tas,
2101 3348 2244 3405 illud
2269 3355 2358 3406 est
2383 3349 2639 3406 cauterio
2663 3351 3048 3405 exurendum.
3076 3334 3332 3407 llaereses
3353 3368 3556 3408 omnes
3587 3370 3622 3408 a

185 3435 512 3492 missarum
525 3434 979 3491 celebrationem
997 3436 1069 3490 ad
1087 3451 1354 3491 mensam
1372 3436 1776 3505 invitaremur,
1792 3437 1852 3492 in

185 3523 444 3582 citeriori
498 3539 713 3579 mensae
745 3524 1032 3596 margine,
1054 3541 1182 3595 quae
1213 3529 1337 3580 erat
1375 3524 1502 3581 sine
1547 3525 1854 3581 latitudine

185 3611 780 3685 longa,Bulgarorum
799 3612 1395 3683 nuntium,Ungarico
1414 3629 1572 3669 more
1589 3617 1851 3680 tonsum,

187 3718 353 3758 aenea
373 3704 576 3758 catena
595 3701 947 3767 cinctum,et
971 3706 1038 3756 ut
1062 3717 1228 3756 mens
1262 3701 1407 3756 mihi
1442 3703 1724 3776 suggerit,
1757 3720 1853 3758 ca-

185 3791 634 3857 techumenum,
671 3790 817 3846 mihi
867 3790 1182 3862 praeponit;
1234 3790 1307 3846 ad
1355 3795 1610 3846 vestram
1659 3791 1851 3864 plane,

185 3879 416 3938 domini
441 3879 556 3936 mei
578 3879 837 3953 augusti,
857 3878 1298 3935 contumeliam.
1322 3883 1382 3934 ln
1407 3880 1572 3935 vobis
1593 3885 1852 3937 contem-

186 3969 422 4043 ptus,in
442 3967 609 4025 vobis
630 3973 888 4041 spretus,
912 3967 972 4022 in
993 3967 1157 4024 vobis
1189 3967 1474 4038 abjectus.
1491 3969 1602 4024 Sed
1634 3971 1854 4042 gratias

185 4074 300 4132 ago
332 4057 570 4113 domino
599 4057 743 4113 Jesu
767 4055 1024 4124 Christo,
1048 4055 1142 4111 cui
1169 4072 1273 4112 vos
1304 4056 1533 4112 servitis
1554 4059 1714 4114 omni
1739 4059 1855 4130 spi-

185 4146 309 4203 ritu
337 4150 551 4214 vestro,
577 4146 734 4218 quod
764 4145 1003 4202 habitus
1041 4162 1175 4201 sum
1225 4161 1330 4217 pro
1379 4147 1616 4202 nomine
1662 4153 1853 4204 vestro

189 4235 410 4309 dignus
432 4235 820 4292 contumelias
842 4235 984 4307 pati.
1000 4234 1240 4302 Verum,
1256 4234 1480 4290 domini
1502 4236 1638 4302 mei,
1662 4253 1853 4292 meam

189 4342 312 4382 non
341 4325 721 4381 considerans
743 4324 844 4380 sed
866 4328 1121 4380 vestram
1148 4323 1450 4394 injuriam,
1475 4341 1740 4380 mensam
1774 4343 1857 4381 re-

187 4415 360 4486 liqui.
385 4414 652 4485 Cumque
681 4413 1002 4487 indignans
1033 4411 1190 4468 abire
1221 4412 1454 4478 vellem,
1478 4414 1590 4470 Leo
1621 4431 1856 4487 coropa-

190 4503 362 4572 lates,
382 4502 754 4575 imperatoris
784 4503 983 4568 frater,
1002 4505 1060 4558 et
1088 4506 1254 4574 proto
1276 4518 1310 4557 a
1331 4503 1572 4559 secretis
1595 4505 1854 4576 Simeon,

191 4608 347 4666 pone
372 4607 466 4647 me
504 4595 854 4663 sequuntur,
877 4592 998 4647 haec
1037 4589 1320 4646 latrantes
1347 4608 1395 4646 :«
1419 4591 1562 4647 Cum
1597 4593 1856 4650 Christo-

190 4681 364 4756 phori
387 4679 570 4736 ﬁliam
594 4680 820 4748 Petrus,
836 4679 1221 4752 Bulgarorum
1245 4679 1522 4769 vasileus,
1546 4683 1856 4756 conjugem
1887 4703 1934 4769 Ι)

191 4771 450 4838 duceret,
467 4769 816 4843 symphona,
835 4769 894 4825 id
917 4773 1008 4826 est
1029 4768 1414 4825 consonantia
1434 4770 1672 4842 scripta,
1688 4773 1855 4843 jura-

191 4863 394 4916 mento
425 4859 658 4915 ﬁrmata
687 4863 846 4927 sunt,
873 4863 938 4914 ut
965 4857 1233 4914 omnium
1255 4857 1520 4931 gentium
1549 4861 1853 4932 apostolis,

191 4947 254 5005 id
288 4950 378 5003 est
406 4947 652 5015 nuntiis,
675 4963 854 5019 penes
876 4963 983 5003 nos
1015 4945 1401 5019 Bulgarorum
1435 4948 1681 5019 apostoli
1714 4967 1856 5022 prae-

193 5040 513 5112 ponantur,
545 5035 923 5103 honorantur,
967 5035 1306 5108 diligantur.
1333 5037 1720 5109 Bulgarorum
1763 5039 1859 5094 ille

195 5125 525 5200 apostolus,
541 5141 930 5200 quamquam,
945 5128 1011 5180 ut
1029 5124 1175 5180 dicis
1198 5129 1255 5180 et
1273 5141 1472 5181 verum
1497 5130 1604 5194 est,
1630 5130 1858 5195 tonsus,

196 5215 425 5288 illotus,
450 5219 508 5272 et
536 5219 742 5271 catena
760 5231 920 5272 aenea
950 5213 1180 5271 cinctus
1221 5214 1317 5283 sit,
1341 5215 1625 5286 patricius
1665 5220 1861 5273 tamen

196 5305 427 5373 est,cui
457 5303 800 5376 episcopum
835 5319 1193 5378 praeponere,
1219 5303 1576 5359 Francorum
1620 5321 1862 5377 presser-

1960 3438 2126 3494 vobis
2156 3443 2528 3509 emanarunt,
2547 3455 2724 3510 penes
2754 3455 2859 3493 vos
2891 3439 3233 3511 viguerunt;
3271 3456 3305 3494 a
3334 3440 3530 3510 nobis,
3559 3440 3618 3495 id

1963 3531 2053 3582 est
2083 3525 2562 3596 occidentalibus,
2590 3527 2686 3581 hic
2717 3531 2858 3581 sunt
2898 3526 3204 3598 jugulatze,
3234 3527 3328 3582 hic
3363 3533 3501 3584 sunt
3532 3546 3623 3585 oc—

1963 3615 2116 3672 cisae.
2146 3615 2470 3670 Romanam
2506 3615 2624 3671 sive
2673 3613 3020 3687 Papiensem
3067 3616 3378 3688 synodum,
3413 3634 3621 3690 quam-

1963 3720 2140 3776 quam
2161 3708 2359 3760 essent
2375 3703 2647 3776 szepe,his
2665 3720 2778 3759 non
2797 3707 3623 3763 connumeramus.Romanus

1964 3794 2120 3849 enim
2143 3792 2411 3860 clericus,
2436 3793 2811 3864 postmodum
2834 3793 3183 3850 universalis
3213 3812 3386 3867 papa,
3411 3796 3624 3869 Grego-

1963 3882 2109 3947 rius,
2128 3882 2228 3953 qui
2254 3899 2288 3937 a
2308 3882 2474 3937 vobis
2495 3881 2826 3954 appellatus
2847 3887 2936 3939 est
2952 3881 3251 3956 Dialogus,
3273 3884 3620 3957 Eutychium

1962 3971 2674 4043 Constantinopolitanum
2720 3972 3112 4044 patriarcham
3161 3972 3496 4029 haereticum
3547 3976 3619 4029 ab

1963 4059 2254 4132 ejusmodi
2286 4059 2491 4115 haeresi
2523 4058 2806 4116 liberavit.
2838 4061 3045 4117 Aiebat
3081 4060 3236 4118 idem
3275 4062 3618 4136 Eutychius,

1965 4166 2070 4205 nec
2103 4148 2294 4204 solum
2317 4149 2528 4218 aiebat,
2547 4150 2646 4204 sed
2671 4151 2848 4205 etiam
2874 4151 3466 4216 docebat,clamabat,
3484 4151 3624 4206 scri-

1965 4239 2234 4311 ptitabat,
2264 4255 2371 4293 nos
2399 4238 2458 4293 in
2493 4239 2918 4293 resurrectione
2941 4255 3056 4292 non
3083 4255 3301 4305 veram,
3325 4255 3504 4309 quam
3525 4239 3622 4294 hic

1965 4328 2275 4395 habemus,
2297 4328 2396 4383 sed
2425 4327 2798 4383 fantasticam
2820 4328 3120 4399 quandam
3143 4343 3376 4382 carnem
3396 4343 3623 4382 assumo

1965 4421 2200 4488 pturos;
2231 4418 2401 4488 cujus
2428 4417 2643 4471 erroris
2668 4415 2816 4470 liber
2838 4433 2872 4470 a
2892 4415 3166 4487 Gregorio
3188 4413 3506 4471 orthodoxe
3536 4420 3626 4470 est

1966 4507 2332 4561 combustus.
2357 4507 2467 4561 Sed
2502 4505 2754 4560 Evodius
2796 4504 3097 4576 Papiensis
3135 4505 3467 4576 cpiscopus,
3492 4521 3623 4576 pro-

1965 4599 2094 4666 pter
2124 4594 2296 4648 aliam
2323 4595 2618 4665 quandam
2645 4593 2912 4648 haeresim
2944 4593 3079 4659 huc,
3102 4592 3160 4647 id
3193 4597 3281 4650 est
3302 4593 3630 4650 Constanti-

1967 4682 2248 4754 nopolim,
2272 4699 2306 4737 a
2337 4683 2599 4738 Romano
2639 4686 2728 4736 est
2771 4681 3105 4752 patriarcha
3135 4682 3412 4750 directus,
3447 4699 3626 4754 quam

1967 4787 2365 4843 compressam
2391 4771 2448 4825 in
2474 4770 2817 4826 catholicam
2845 4774 3022 4842 atque
3044 4769 3426 4827 orthodoxam
3455 4772 3631 4827 refor-

1967 4861 2165 4915 mavit.
2185 4860 2480 4915 Saxonum
2503 4875 2793 4930 genus,ex
2814 4875 2930 4932 quo
2951 4863 3223 4914 sanctum
3255 4858 3549 4915 lavacrum
3573 4863 3631 4916 et

1967 4949 2066 5004 Dei
2106 4949 2330 5019 accepit
2359 4949 2650 5015 notitiam,
2687 4947 2852 5003 nulla
2880 4952 2969 5003 est
3007 4947 3212 5003 haeresi
3243 4947 3627 5014 maculatum,

1970 5043 2036 5093 ut
2055 5038 2135 5093 ibi
2157 5038 2417 5110 synodus
2436 5039 2616 5104 ﬁeret,
2633 5054 2752 5109 qua
2774 5053 3050 5105 errorem,
3070 5053 3205 5092 cum
3228 5036 3428 5094 nullus
3449 5041 3626 5107 esset,

1971 5127 2543 5199 corrigeret.Rudem
2569 5127 2708 5199 quia
2736 5125 2883 5183 dicis
2912 5125 3240 5183 Saxonibus
3269 5143 3397 5184 esse
3427 5127 3628 5194 fidem,

1971 5216 2030 5271 id
2064 5216 2261 5288 ipsum
2310 5221 2367 5272 et
2411 5232 2516 5288 ego
2546 5218 2806 5285 afﬁrmo;
2839 5233 3073 5290 semper
3119 5218 3276 5274 enim
3322 5219 3480 5290 apud
3529 5233 3630 5274 eos

1974 5305 2185 5361 Christi
2214 5306 2361 5362 fides
2383 5306 2547 5362 rudis
2570 5311 2678 5375 est,
2703 5315 2759 5362 et
2789 5324 2904 5364 non
2925 5311 3112 5376 vetus,
3129 5307 3228 5363 ubi
3249 5307 3426 5364 fidem
3457 5323 3632 5380 opera

1575 5437 1813 5494 VARI/E
1854 5439 2265 5498 LECTIONES.

270 5539 340 5574 ⁸⁸⁸
370 5550 554 5593 vocem
582 5533 778 5607 adjeci.
855 5534 922 5569 ‘9'
952 5534 1191 5602 baoaria
1222 5535 1279 5590 (Ι.
1358 5536 1424 5570 ⁴⁹⁸
1457 5537 1972 5608 parakimomenos
2004 5539 2061 5595 ϐ.
2139 5541 2207 5575 ⁴⁹⁹
2237 5539 2542 5614 indignam
2574 5541 2863 5612 legendum
2898 5541 3112 5597 videtur
3141 5544 3202 5598 Ο.

1801 5662 2038 5722 NOT/E.

273 5733 422 5806 (169)
458 5730 794 5790 Patriarcha
823 5729 918 5788 hic
949 5729 1062 5788 fuit
1091 5727 1458 5802 Polyeuctus.
1497 5731 1553 5788 ϐ.
