3962 6428
279 426 400 501 919

1240 427 1724 495 LIUTPRANDI
1759 423 2310 492 CBEMONENSIS
2355 424 2733 490 EPlSCOPl.

3590 425 3723 490 920

283 566 634 640 sequuntur.
667 563 770 624 Hic
802 564 947 636 ﬁdes
989 581 1106 621 non
1153 565 1316 621 rudis
1365 565 1464 622 sed
1491 567 1664 624 vetus
1694 565 1804 629 est,
1839 559 1940 617 ubi
2055 565 2122 618 ut
2148 577 2272 630 vos,
2293 559 2349 616 .si
2383 576 2514 618 mea
2532 560 2642 628 hoc
2663 560 2914 623 stultitia
2933 562 3167 632 faceret,
3189 567 3564 622 conservatos
3579 579 3719 637 spe-

283 651 463 717 ﬁdem
485 670 671 726 ppera
710 671 825 714 non
871 654 1244 721 comitantur,
1281 655 1380 709 sed
1414 653 1582 725 quasi
1621 669 1746 722 pra:
1780 655 1940 705 vetu-

285 745 456 810 state,
491 746 555 817 ut
592 742 769 817 vestis
813 747 1167 816 contempta,
1201 742 1615 798 contemnitur.
1649 741 1760 796 Sed
1791 740 1942 794 hanc

289 831 581 906 synodum
613 831 825 904 factam
856 848 984 889 esse
1013 831 1073 888 in
1104 831 1355 890 Saxonis
1385 837 1538 888 certo
1571 829 1710 895 scio,
1736 829 1792 883 in
1828 845 1946 901 qua

290 922 609 976 tractatum
639 924 729 978 est
760 925 816 977 et
844 921 1168 988 ﬁrmatum,
1203 921 1504 978 decentius
1553 919 1794 976 ensibus
1845 936 1946 990 pu-

292 1023 471 1084 gnare
501 1026 679 1086 quam
711 1009 972 1078 calamis,
997 1014 1056 1066 et
1083 1011 1250 1085 prius
1292 1014 1538 1066 mortem
1577 1009 1737 1064 obire
1767 1024 1945 1080 quam

292 1096 560 1163 hostibus
589 1102 759 1176 terga
803 1099 961 1156 dare.
987 1100 1150 1164 Quod
1185 1098 1273 1154 vel
1306 1102 1444 1155 tuus
1472 1098 1758 1154 exercitus
1783 1111 1948 1169 expe-

292 1186 472 1256 ritur!
497 1187 570 1246 .ln
598 1189 776 1262 corde
806 1205 935 1244 meo
981 1187 1142 1244 dixi:
1165 1191 1221 1242 et
1251 1204 1429 1258 quam
1479 1187 1600 1244 sint
1629 1203 1946 1259 pugnaees,

295 1286 358 1332 re
388 1275 519 1352 ipsa
546 1275 878 1350 experiatur
904 1275 916 1331 Ι
946 1299 973 1325 ››

365 1366 455 1438 23.
487 1364 703 1438 Verum
734 1365 843 1436 hac
885 1365 1088 1422 eadem
1120 1365 1234 1432 die,
1269 1369 1402 1436 post
1448 1363 1774 1429 meridiem,
1809 1364 1951 1420 adeo

295 1452 679 1530 impotentem
710 1459 766 1510 et
787 1454 1278 1528 transﬁguratum
1303 1469 1396 1510 me
1422 1453 1728 1509 revertenti
1751 1454 1822 1508 ad
1856 1469 1954 1524 pa-

296 1540 506 1616 latium
539 1541 651 1612 sibi
690 1544 966 1616 praecepit
1005 1558 1328 1611 occurrere,
1362 1546 1428 1598 ut
1474 1542 1777 1598 obviantes
1810 1542 1953 1598 mihi

302 1648 430 1706 quae
461 1631 646 1706 prius,
679 1631 739 1688 in
781 1635 1089 1704 stuporem
1138 1632 1354 1704 mentis
1402 1630 1678 1688 mulieres
1725 1648 1902 1688 versae
1936 1649 1949 1688 :

301 1719 483 1790 lana,
515 1737 684 1794 magia
703 1721 790 1788 ⁵ου,
813 1720 1166 1790 clamabant,
1190 1721 1489 1778 miseriam
1517 1737 1708 1788 meam
1745 1721 1957 1793 pugnis

304 1813 540 1886 pectora
595 1814 782 1886 tunsae
834 1828 847 1866 :
903 1810 1216 1868 Dicebatur
1248 1829 1260 1867 :
1291 1821 1487 1868 ταπεινέ
1526 1820 1612 1879 ,καί
1646 1819 1953 1883 ταλαίπωρεέ

303 1897 406 1954 Cui
427 1899 514 1965 50‘,
543 1898 864 1970 Nicephoro
895 1899 1118 1970 scilicet
1166 1900 1440 1967 venienti,
1465 1904 1523 1956 et
1546 1900 1708 1958 vobis
1755 1900 1959 1966 absen-
1988 1929 2038 1998 Β

303 1986 486 2054 tibus,
510 1985 612 2064 qui
647 1990 789 2064 tunc
835 1986 1109 2052 manibus
1140 2007 1198 2062 in
1221 1989 1442 2055 ,cmlum
1465 1989 1683 2046 erectis
1723 1993 1954 2061 optave-

305 2073 442 2140 rim,
463 2063 766 2150 proveniat
790 2076 1045 2151 utinaml
1074 2078 1188 2136 Sed
1215 2078 1360 2134 mihi
1382 2077 1556 2134 velim
1587 2077 1860 2145 credatis,
1884 2078 1958 2134 ad

305 2151 494 2233 risum
521 2179 614 2218 me
645 2179 760 2220 non
791 2179 1000 2240 parum
1021 2163 1222 2222 illexit.
1245 2165 1577 2238 Impatienti
1598 2166 1753 2231 enim
1783 2170 1960 2238 atque

305 2250 510 2314 effreni
541 2250 805 2318 insidens
832 2267 1005 2324 equo,
1055 2253 1199 2310 satis
1252 2271 1465 2326 parvus
1521 2256 1666 2312 satis
1722 2271 1957 2327 magno,

309 2355 570 2418 puppem
621 2339 824 2418 ipsum
882 2357 1048 2416 mens
1099 2341 1217 2399 sibi
1275 2343 1536 2416 depinxit
1591 2360 1740 2411 mea,
1782 2360 1959 2416 quam

311 2427 542 2500 Schlavi
562 2427 740 2504 vestri
759 2429 974 2502 equino
995 2430 1333 2504 colligentes
1356 2432 1534 2504 pullo,
1556 2437 1798 2489 matrem
1825 2449 1964 2505 prae-

312 2518 616 2584 cedentem
647 2517 813 2590 sequi
844 2520 1117 2577 elTrenate
1139 2520 1476 2577 dimittunt.

379 2610 471 2667 2.4.
487 2606 868 2682 llisexpletis,
883 2609 957 2666 ad
980 2609 1245 2680 concives
1261 2614 1318 2664 et
1335 2609 1764 2666 cohabitatores
1781 2629 1963 2678 meos,

313 2698 577 2773 quinque
604 2697 824 2772 IsoneS,
845 2697 905 2771 in
932 2699 1414 2770 praenominatam
1443 2699 1694 2756 invisam
1726 2701 1968 2757 domum

316 2803 451 2862 sum
481 2787 789 2866 deductus,
824 2786 922 2843 ubi
977 2791 1109 2861 post
1155 2787 1659 2856 hebdomadarum
1711 2791 1970 2862 spatium

315 2876 520 2943 trium,
539 2875 763 2952 nullius
783 2875 896 2946 nisi
922 2893 1184 2949 meorum
1209 2894 1339 2933 sum
1363 2876 1654 2950 colloquio
1679 2879 1968 2936 visitatus.

317 2966 528 3042 Qnan
545 2963 1035 3036 ,re,_Niovephorum
1058 2982 1363 3036 nunquam
1388 2983 1480 3024 me
1496 2966 1638 3023 velle
1656 2968 1969 3036 dimittere,

319 3071 488 3118 mens
519 3051 633 3112 sibi
663 3051 924 3124 depinxit
954 3069 1102 3127 mea,
1137 3070 1204 3109 ac
1234 3053 1473 3122 tristitia
1503 3056 1818 3118 immodica
1847 3057 1975 3114 lan-

321 3158 563 3216 guorem
588 3139 856 3213 languori
875 3142 1030 3212 adeo
1069 3142 1552 3214 superimposuit,
1575 3150 1639 3200 ut
1668 3145 1783 3202 vita
1813 3162 1975 3201 exce-

2052 668 2266 722 rarem,
2309 651 2411 710 sed
2453 651 2638 709 voluit
2685 651 2900 714 habere
2950 671 3066 725 prae
3116 654 3391 709 manibus
3441 655 3595 726 quod
3650 654 3714 709 in

2052 741 2284 798 laudem
2315 757 2489 798 suam
2520 745 2578 797 et
2607 741 3028 799 contumeliam
3073 747 3336 799 nostram
3383 744 3720 800 ostenderet

2055 831 2273 887 futuris
2303 830 2690 903 temporibus.

2128 923 2217 977 26.
2241 921 2345 977 Cui
2388 920 2632 992 inquam
2667 936 2679 974 :
2706 944 2733 971 «
2763 923 2960 992 Nuper
2997 921 3410 989 sanctissimus
3439 922 3722 979 dominus

2059 1027 2248 1077 meus,
2281 1015 2346 1066 ut
2375 1013 2464 1066 est
2490 1010 2969 1082 sapientissimus
3009 1015 3065 1067 et
3110 1011 3318 1083 spiritu
3352 1013 3448 1068 Dei
3481 1013 3722 1085 plenus,

2059 1100 2181 1155 haec
2232 1116 2601 1170 praenoscens
2659 1116 2786 1170 quae
2843 1100 3080 1167 asseris,
3114 1117 3186 1155 ne
3229 1103 3532 1170 terminos,
3568 1119 3729 1175 quos

2061 1188 2365 1249 constituit
2390 1180 3335 1259 mihi,transcenderem,éwd).m,
3362 1189 3416 1244 id
3448 1195 3539 1246 est
3571 1209 3729 1262 prae-

2062 1281 2316 1348 ceptum,
2343 1276 2711 1347 conscripsit,
2731 1277 2886 1347 quod
2919 1282 2976 1331 et
2993 1276 3188 1350 sigillo
3211 1279 3465 1350 signavit
3491 1297 3621 1349 suo,
3652 1297 3733 1334 ne

2063 1382 2232 1422 secus
2265 1366 2534 1423 facerem.
2559 1365 2757 1433 »Seis,
2791 1366 3026 1421 domine
3075 1367 3154 1421 mi
3202 1371 3468 1438 auguste,
3511 1385 3630 1439 qua
3664 1369 3726 1424 id

2063 1455 2279 1515 ﬁducia
2307 1454 2574 1510 dixerim.
2601 1477 2628 1506 «
2665 1463 2910 1512 Ἐντόλινα
2941 1455 3098 1510 istud
3138 1455 3198 1510 in
3231 1454 3492 1512 medium
3524 1459 3733 1529 profo-

2064 1548 2246 1612 ratur,
2266 1547 2324 1599 et
2353 1543 2636 1616 quicquid
2659 1544 2928 1614 jusserit,
2953 1545 3293 1615 juramento
3320 1562 3354 1600 a
3383 1561 3475 1602 me
3500 1547 3605 1602 tibi
3633 1548 3733 1602 ﬁr-

2066 1637 2277 1696 metur.
2301 1633 2415 1691 Sed
2447 1632 2724 1704 praeteriti
2767 1633 2956 1690 nuntii
3009 1637 3216 1705 praeter
3255 1635 3584 1706 jussionem
3617 1639 3733 1693 do-

2067 1722 2213 1779 mini
2241 1722 2353 1781 moi
2382 1721 2798 1793 promiserunt,
2821 1723 3190 1792 juraverunt,
3217 1724 3728 1796 conscripsurnnt.

2069 1812 2153 1867 Ita
2184 1815 2292 1880 est,
2318 1815 2384 1866 ut
2411 1809 2572 1865 Plato
2604 1810 2686 1866 ait
2713 1828 2726 1865 :
2755 1811 2944 1866 Causa
2990 1827 3170 1883 penes
3217 1815 3535 1885 optantem.
3575 1815 3731 1871 Deus

2067 1903 2231 1954 extra
2263 1897 2516 1971 culpam.
2543 1921 2571 1949 »

2137 1990 2226 2046 27.
2250 1988 2352 2044 His
2381 1987 2646 2060 expletis,
2668 1993 2906 2044 ventum
2927 1993 3019 2045 est
3038 1990 3109 2045 ad
3129 1989 3536 2050 nobilissimos
3565 1995 3729 2065 prin-

2068 2078 2226 2149 cipes
2247 2076 2592 2148 Capuanum
2613 2081 2672 2132 et
2691 2077 3184 2147 Beneventanum,
3199 2095 3350 2151 quos
3383 2080 3508 2152 ipse
3530 2099 3734 2139 servos

2069 2166 2354 2234 nominat,
2379 2171 2436 2222 et
2467 2167 2540 2222 ob
2573 2182 2721 2237 quos
2751 2165 3069 2222 intestinus
3101 2167 3298 2239 ipsum
3329 2170 3513 2242 agitat
3543 2171 3730 2227 dolor.

2070 2278 2098 2306 ‹‹
2118 2260 2344 2326 Servos,
2367 2255 2579 2326 inquit,
2604 2271 2763 2310 meos
2787 2256 3064 2312 dominus
3079 2260 3224 2313 tuus
3243 2257 3304 2312 in
3326 2259 3571 2316 tutelam
3594 2261 3739 2317 reci-

2071 2345 2156 2417 pit
2175 2361 2520 2416 suam;quos
2542 2345 2589 2398 si
2617 2360 2732 2399 non
2757 2343 3050 2400 dimiserit
3067 2349 3127 2400 et
3153 2345 3215 2401 in
3239 2347 3547 2418 pristinam
3582 2350 3738 2406 servi

2072 2436 2258 2489 tutem
2278 2433 2584 2506 redegerit,
2604 2437 2805 2488 nostra
2833 2433 3095 2489 amicitia
3123 2435 3361 2491 carebit.
3389 2437 3502 2508 Ipsi
3537 2438 3595 2493 in
3630 2439 3742 2496 im-

2073 2523 2304 2594 perium
2331 2525 2598 2578 nostrum
2619 2525 2684 2576 ut
2710 2521 3088 2593 recipiantur,
3114 2523 3408 2595 flagitant;
3434 2529 3536 2583 sed
3567 2545 3741 2583 recu-

2076 2615 2168 2666 sat
2197 2627 2295 2666 eos
2327 2615 2593 2666 nostrum
2627 2610 2958 2682 imperium,
2989 2615 3053 2666 ut
3084 2618 3441 2684 cognoscant
3470 2619 3530 2670 et
3560 2634 3740 2689 expe-

2078 2699 2307 2756 riantur
2336 2716 2514 2771 quam
2543 2698 2937 2770 periculosum
2971 2700 3048 2754 sit
3069 2716 3266 2755 servos
3295 2717 3329 2755 a
3359 2701 3617 2758 dominis
3641 2705 3743 2760 de-

2079 2789 2694 2856 clinasse,servitutem
2711 2787 3061 2860 etfugereEt
3077 2792 3166 2844 est
3179 2789 3742 2851 decentiusdomino

2080 2882 2202 2941 tuo,
2227 2881 2293 2933 ut
2324 2876 2468 2931 mihi
2497 2893 2596 2932 eos
2623 2877 2817 2931 tradat
2848 2876 3092 2943 amicus,
3110 2893 3288 2948 quam
3314 2877 3457 2933 mihi
3481 2879 3743 2938 dimittat

2082 2966 2320 3025 invitus.
2344 2965 2727 3037 Experientur
2755 2963 3083 3037 plane,vita
3107 2966 3338 3033 comite,
3365 2968 3505 3038 quid
3536 2969 3616 3024 sit
3645 2970 3744 3025 he-

2083 3072 2216 3113 rum
2247 3055 2469 3122 fallere,
2493 3054 2636 3126 quid
2693 3053 2771 3110 sit
2825 3054 3167 3110 servitutem
3223 3056 3517 3123 deserere;
3567 3061 3643 3126 et,
3678 3063 3745 3113 ut

2085 3148 2250 3216 puto,
2273 3143 2536 3200 sentiunt
2566 3159 2722 3198 nunc
2741 3143 2896 3214 quod
2923 3142 3070 3211 dico,
3093 3145 3476 3215 operantibus
3498 3145 3608 3202 hoc
3638 3164 3740 3203 no-

323 3232 544 3298 derem,
567 3229 681 3288 nisi
707 3228 854 3288 mihi
879 3229 1026 3288 hanc
1049 3230 1148 3286 Dei
1172 3231 1422 3304 genitrix
1443 3249 1475 3287 a
1497 3238 1752 3289 creatore
1774 3237 1832 3289 et
1856 3234 1975 3290 lilio
2014 3295 2048 3304 _
2087 3233 2246 3299 stris,
2267 3232 2366 3304 qui
2399 3236 2538 3288 sunt
2567 3230 2721 3286 ultra
2752 3247 2932 3296 mare,
2967 3231 3275 3294 militibus.
3302 3253 3331 3282 »

324 3337 432 3378 suo
461 3295 735 3394 precibus
765 3318 1078 3387 obtineret;
1113 3295 1634 3393 quemadmodum,
1660 3339 1774 3378 non
1799 3323 1977 3380 fanta-
2006 3295 2050 3362 CI
2158 3295 2248 3376 28.
2270 3295 2493 3387 Quibus
2513 3319 2864 3392 respondere
2882 3295 2975 3375 me
2994 3337 3108 3375 non
3130 3321 3432 3392 permisit;
3459 3323 3560 3379 sed
3583 3324 3744 3381 abire

327 3408 473 3468 stica
499 3409 606 3478 sed
637 3423 799 3484 vera,
816 3411 904 3468 est
937 3407 1079 3464 mihi
1104 3408 1326 3465 visione
1352 3415 1764 3480 monstratum.

395 3497 486 3571 25.
518 3496 621 3568 llis
640 3513 788 3572 ergo.
834 3495 1022 3552 tribus
1046 3496 1517 3568 hebdomadibus
1560 3498 1768 3556 habuit
1815 3500 1982 3556 Niee-

327 3587 550 3662 phorus
598 3590 759 3654 extra
781 3585 1353 3658 Constantinopolim
1405 3589 1770 3656 metastasin,
1805 3589 1862 3644 id
1895 3594 1984 3646 est

329 3675 663 3742 stationem,
697 3673 754 3748 in
793 3673 920 3736 loco
966 3673 1067 3748 qui
1118 3675 1333 3732 dicitur
1363 3684 1449 3740 Ἐις
1479 3685 1655 3746 πήγας,
1688 3678 1747 3732 id
1777 3682 1867 3740 est
1895 3679 1980 3733 Ad

329 3765 544 3840 fontes,
570 3764 891 3836 eodemque
925 3779 1015 3836 me
1046 3764 1241 3820 venire
1270 3762 1560 3838 perepit.
1597 3765 1664 3821 Et
1691 3783 1827 3823 cum
1860 3771 1980 3824 tam

326 3852 646 3926 languidus
666 3867 881 3916 essem,
896 3857 960 3906 ut
977 3869 1090 3924 non
1110 3852 1300 3926 solum
1317 3854 1512 3920 statio,
1529 3855 1628 3911 sed
1650 3855 1784 3926 ipsa
1805 3855 1980 3912 etiam

326 3940 736 4014 sessiogravis,
769 3939 912 3998 mihi
948 3957 1122 4002 morae
1151 3941 1467 4009 videretur,
1489 3943 1855 4015 discooperto
1887 3961 1980 4000 ea-

322 4030 463 4105 pite,
487 4021 644 4103 quod
678 4019 844 4084 malai
878 4027 1195 4084 valetudini
1241 4047 1380 4086 mea;
1413 4031 1590 4088 nimis
1621 4035 1980 4089 contrarium

321 4107 627 4194 erat,_ante
655 4134 722 4176 se
766 4133 861 4174 me
905 4121 1062 4190 stare
1093 4118 1310 4191 coegit;
1346 4119 1438 4174 cui
1472 4123 1528 4175 et
1558 4121 1639 4177 ait
1667 4139 1718 4177 :«
1753 4123 1981 4178 Domini

317 4208 404 4274 tui
421 4209 582 4284 regis.
598 4206 825 4282 Ottonis
844 4205 1166 4279 nu.utii,qui
1181 4208 1472 4279 praeterito
1493 4213 1548 4264 te
1563 4216 1982 4281 praecesserant

317 4316 491 4371 anno,
505 4299 850 4373 juramento
882 4295 1029 4358 mihi
1058 4296 1472 4368 promiserunt,
1488 4302 1546 4354 et
1585 4297 1982 4369 jurisjurandi

315 4386 521 4464 litterae
545 4384 1079 4460 impraesentiarum
1101 4389 1581 4458 sunt,nunquam
1605 4386 1770 4442 illum
1793 4387 1851 4442 in
1880 4387 1983 4444 ali-

317 4494 433 4549 quo
453 4480 720 4550 nostrum
732 4473 1130 4544 scandalizare
1149 4474 1591 4548 imperium.Vis
1609 4477 1801 4548 majus
1819 4494 1982 4534 scan-

319 4565 744 4640 d_alum,quam
776 4563 931 4636 quod
979 4580 1042 4620 se
1080 4564 1498 4636 imperatorem
1529 4571 1714 4633 vocat,
1750 4566 1982 4638 imperii

2091 3410 2442 3483 cupientem,
2467 3409 2539 3466 ad
2581 3424 2846 3464 mensam
2879 3424 3049 3463 suam
3095 3409 3285 3464 redire
3314 3411 3606 3483 praecepit.
3641 3413 3745 3467 Cui

2091 3505 2256 3572 pater
2276 3499 2422 3571 (I70)
2445 3497 2663 3554 assedit
2703 3496 2900 3566 homo,
2923 3500 2991 3551 ut
3019 3496 3165 3552 mihi
3205 3497 3534 3567 videbatur,
3570 3505 3746 3557 natus

2092 3593 2326 3648 centum
2341 3585 3084 3658 quinquagintaannis.Cui
3103 3585 3405 3656 itidem,ut
3420 3587 3748 3658 δυσβατεοί

2092 3677 2152 3732 in
2168 3676 2466 3743 laudibus,
2480 3674 2687 3742 immo,
2701 3673 2760 3729 in
2776 3673 2964 3729 ventis
2977 3674 3129 3739 suis,
3149 3675 3296 3730 Deus
3314 3691 3500 3733 annos
3517 3681 3583 3732 ut
3599 3678 3749 3733 mul-

2090 3765 2332 3838 tiplicet,
2367 3763 2755 3820 conclamant.
2786 3763 2913 3827 Qua
2952 3763 3014 3818 in
3064 3780 3144 3829 re,
3180 3780 3360 3836 quam
3409 3764 3527 3821 sint
3568 3766 3749 3822 ϐπ·ωοί

2092 3854 2280 3922 stulti,
2306 3869 2554 3926 quamve
2577 3852 2756 3922 hujus
2779 3851 2975 3924 gloriae
2997 3856 3310 3920 amatores,
3329 3869 3580 3925 quamve
3611 3855 3752 3910 adu-

2087 3943 2322 4009 latores,
2349 3959 2526 4015 quam
2555 3941 2774 4012 cupidi,
2804 3941 2941 3996 hinc
2971 3941 3241 4014 colligere
3263 3958 3581 4013 possumus
3605 3961 3619 3999 :
3645 3961 3751 4016 op-

2090 4037 2213 4090 tant
2236 4031 2345 4088 soli
2373 4048 2487 4087 non
2519 4029 2663 4096 sola,
2678 4029 2780 4084 sed
2803 4028 3094 4085 silicernio
3119 4030 3450 4102 (l7l),quod
3476 4036 3746 4089 naturam

2089 4121 2281 4194 ipsam
2313 4137 2429 4176 non
2456 4119 2578 4191 pati
2607 4121 2762 4173 certo
2786 4117 3018 4184 sciunt;
3051 4117 3268 4189 gaudet
3296 4123 3356 4173 et
3385 4118 3748 4176 silicernium

2091 4228 2160 4267 ea
2190 4211 2302 4266 sibi
2352 4208 2561 4280 optari,
2585 4223 2714 4278 qua;
2763 4223 2869 4262 nec
2913 4206 3099 4262 Deum
3151 4207 3359 4274 facere,
3383 4223 3491 4264 nec
3527 4209 3653 4264 sibi
3680 4210 3751 4248 W'

2092 4300 2368 4372 prodesse
2397 4297 2499 4354 sed
2533 4296 2756 4358 obesse,
2785 4295 2961 4350 etiam
3010 4294 3061 4349 si
3106 4296 3340 4362 faceret,
3371 4296 3546 4353 novit.
3582 4299 3744 4363 Quod

2092 4404 2288 4460 quasso
2316 4384 2708 4456 Nicephorum
2755 4384 3012 4455 gaudere
3069 4384 3234 4454 pacis
3253 4384 3437 4441 503"...
3475 4385 3640 4441 illum
3691 4392 3750 4443 et

2091 4477 2436 4550 phosforum
2457 4473 2806 4529 clamabant.
2827 4472 3213 4543 Impotentem
3232 4472 3456 4529 virilem
3469 4473 3746 4542 ,stultum

2091 4566 2436 4639 sapientem,
2459 4563 2693 4618 brevem
2715 4576 3020 4632 magnum,
3047 4561 3282 4633 nigrum
3303 4561 3526 4628 album,
3550 4579 3751 4635 pecca-

321 4652 510 4723 nostri,
538 4652 799 4728 themata
827 4651 940 4724 sibi
970 4653 1255 4728 usurpat?
1287 4653 1538 4724 Utraque
1571 4671 1686 4710 non
1727 4661 1866 4711 sunt
1897 4657 1980 4712 fe-
2008 4661 2056 4726 D
2085 4662 2272 4714 torem
2305 4657 2574 4710 sanctum
2618 4651 2829 4716 dicere,
2865 4649 3011 4704 mihi
3055 4649 3294 4722 credite,
3319 4667 3434 4706 non
3466 4651 3595 4706 laus
3640 4653 3743 4708 sed

319 4741 530 4821 renda;
555 4744 611 4810 et
639 4740 689 4799 si
723 4744 972 4817 utraque
1001 4741 1416 4816 importabilia,
1445 4742 1602 4798 istud
1635 4748 1723 4800 est
1755 4762 1868 4800 non
1893 4746 1972 4802 fe-

320 4830 588 4910 rendum,
612 4829 795 4904 immo
827 4846 931 4904 nec
968 4829 1349 4904 audiendum,
1380 4832 1531 4904 quod
1569 4849 1632 4888 se
1662 4833 1974 4906 imperato-

317 4936 443 4994 rem
471 4919 756 4998 nominat.
779 4918 897 4978 Sed
926 4917 979 4990 si
1011 4919 1326 4990 conﬁrmas
1358 4920 1562 4976 eadem
1594 4937 1720 4993 quae
1751 4922 1863 4994 ipsi
1897 4923 1976 4979 fe-

316 5012 544 5086 cerunt,
577 5008 940 5084 fortunatum
968 5010 1022 5062 te
1045 5011 1218 5079 atque
1247 5006 1594 5082 locupletem
1619 5010 1848 5082 imperii
1884 5029 1983 5068 no.

317 5095 425 5156 stri
457 5095 741 5176 maiestas
771 5093 884 5151 cito
914 5094 1227 5166 dimittet.»
1250 5094 1311 5150 Id
1345 5101 1540 5154 autem
1574 5115 1641 5155 eo
1673 5116 1786 5155 non
1808 5100 1976 5170 dixit,

2085 4741 2442 4802 contumelia
2469 4745 2578 4797 est.
2599 4739 2789 4810 thui
2820 4738 3012 4794 aliena
3042 4739 3232 4811 magis
3261 4740 3476 4811 gaudet
3507 4739 3618 4795 sibi
3642 4757 3745 4795 ae-

2086 4832 2328 4892 clamari
2361 4846 2537 4904 quam
2577 4827 2836 4900 propria,
2861 4827 3068 4884 avibus
3093 4827 3332 4884 omnino
3372 4831 3464 4883 est
3506 4827 3744 4896 similis,

2089 4937 2342 4996 quarum
2371 4917 2654 4975 intuitum
2687 4933 2801 4972 nox
2832 4915 3146 4986 illuminat,
3176 4917 3302 4974 dies
3333 4921 3526 4971 caecat.

2158 5012 2246 5067 29.
2271 5010 2382 5066 Sed
2413 5008 2722 5064 redeamus
2753 5006 2826 5061 ad
2858 5021 3004 5062 rem.
3029 5005 3146 5062 Hac
3189 5005 3249 5060 in
3293 5021 3455 5061 caena
3470 5006 3560 5073 βοδ,
3587 5008 3740 5078 quod

2091 5099 2256 5174 prius
2287 5115 2402 5155 non
2434 5098 2666 5165 fecerat,
2687 5110 2825 5151 voce
2849 5094 3004 5150 elata
3023 5095 3090 5130 ⁵0⁵
3111 5094 3264 5150 beati
3288 5095 3535 5154 Joannis
3562 5095 3741 5170 Chry-

1679 5242 1924 5297 VARUE
1965 5241 2385 5299 LECTIONES.

385 5334 454 5369 50°
484 5332 544 5388 id
590 5336 700 5399 est,
734 5335 940 5396 mater,
976 5337 1160 5389 mater
1189 5331 1329 5387 ΒΑΗ.
1406 5335 1468 5368 ¹⁵⁰¹
1501 5335 1648 5390 Cui?
1678 5339 1743 5392 N.
1778 5357 1825 5395 s.
1859 5359 1911 5395 ν.
1945 5345 2004 5396 et
2032 5359 2086 5396 v.
2122 5337 2485 5396 absentibus.
2521 5333 2669 5400 Quid
2704 5335 2760 5390 ϐ.
2837 5334 2906 5369 ⁵⁰²
2934 5334 3040 5390 tibi
3072 5335 3127 5390 C.
3206 5335 3274 5370 ‘03
3305 5333 3407 5390 Hic
3441 5335 3606 5390 deest
3634 5333 3737 5390 ali-

319 5405 458 5478 quid
492 5404 548 5460 C.
627 5403 694 5437 ‘0‘
722 5418 882 5457 coena
909 5403 966 5456 C.
1043 5404 1109 5438 ⁵0⁸
1137 5405 1212 5459 al.
1246 5404 1590 5476 voscelatus,
1623 5425 1691 5463 ex
1719 5427 1834 5482 quo
1867 5413 2093 5485 corrigo
2122 5428 2260 5471 voce
2288 5410 2460 5468 elata.
2496 5407 2645 5463 CAN.
2681 5408 2779 5479 qui
2806 5423 2943 5463 voce
2975 5407 3181 5463 Latina
3210 5409 3272 5463 in
3301 5411 3457 5462 textu
3485 5405 3666 5463 habet.

1913 5545 2141 5602 NOT/E.

392 5631 539 5704 (170)
561 5631 701 5714 _Fuit
748 5631 828 5714 is"
859 5630 1094 5704 Bardas,
1138 5653 1312 5714 quem
1341 5637 1724 5714 _Nic_ephorus
1782 5641 1968 5714 impe-

392 5655 438 5701 ιτ
457 5655 539 5704 Ιυ)
571 5655 701 5688 run.
749 5655 800 5686 18
859 5655 1094 5704 paruas,
1179 5655 1312 5693 uem
1365 5655 1573 5711 l‘lcepn

321 5702 474 5759 rium
507 5705 755 5776 adeptus
788 5703 1070 5764 Caesarem
1103 5655 1400 5765 sibutavit.
1435 5710 1573 5766 CAN.

2151 5643 2301 5713 (171)
2324 5639 2461 5697 Seni
2492 5639 2805 5711 decrepito.
