3962 6408
214 483 334 546 925

1675 484 2015 550 LEGATIO
2058 482 2178 549 GP.

3520 488 3639 550 926

213 633 331 690 que
359 615 541 688 hujus
574 613 884 690 Nicephori
940 615 1306 690 temporibus
1357 615 1625 692 Assyrios
1655 619 1867 676 Graecis
1895 619 1952 687 Α
1981 623 2037 676 et
2065 619 2195 676 Otto
2245 617 2313 655 ⁶¹⁹
2361 616 2440 676 sit
2489 615 2740 689 catulus,
2784 616 2882 692 qui
2931 615 3109 676 simul
3149 619 3538 679 exterminant
3568 622 3639 659 ⁸²⁰

214 723 333 762 non
363 723 535 780 posse
562 707 855 773 resistere,
887 707 1164 780 huncque
1195 707 1499 780 septennio
1529 712 1762 764 tantum
1793 708 1873 763 vi-

213 813 386 865 vere;
422 800 554 868 post
585 797 755 867 cujus
787 797 1010 852 obitum
1044 797 1460 870 imperatorem
1489 797 1599 853 isto
1631 798 1874 854 deterio-

214 903 342 942 rem
375 919 443 925 —
475 886 577 940 sed
609 886 786 940 timeo
818 887 972 958 quod
1033 886 1280 941 inveniri
1335 903 1450 942 non
1500 887 1689 962 possit
1718 919 1786 926 —-
1816 890 1872 942 et

213 975 406 1048 magis
436 974 735 1031 imbellem
769 975 978 1031 debere
1009 993 1268 1048 surgere;
1303 977 1476 1046 cujus
1498 975 1865 1047 temporibus

213 1064 528 1137 praevalere
553 1065 768 1120 debent
798 1065 940 1120 adeo
970 1065 1214 1137 Assyrii,
1251 1069 1315 1119 nt
1335 1064 1393 1118 in
1421 1062 1869 1120 Chalcedoniam

214 1171 425 1226 usque,
447 1171 576 1226 quae
598 1153 779 1210 distat
799 1152 1303 1226 Constantinopoli
1322 1153 1476 1209 haud
1500 1154 1692 1225 longe,
1715 1157 1871 1225 pote-

211 1243 424 1300 stativa
454 1249 665 1300 cuncta
696 1243 947 1299 debeant
976 1243 1259 1299 obtinere.
1295 1243 1680 1299 Considerant
1709 1243 1868 1298 enim

210 1333 448 1405 utrique
479 1338 744 1406 tempora
771 1351 784 1402 ;
809 1350 929 1388 una
955 1333 1278 1403 eademque
1312 1350 1372 1388 re
1405 1332 1586 1387 Graeci
1617 1331 1867 1387 animati

209 1423 620 1495 insequentur,
635 1423 907 1478 Saraceni
926 1421 1346 1493 desperatinon
1367 1420 1652 1477 resistunt
1678 1439 1690 1489 ;
1716 1426 1870 1476 tem-

207 1527 325 1583 pus
354 1514 746 1583 expectantes,
771 1527 905 1565 cum
929 1513 984 1565 et
1007 1509 1118 1582 ipsi
1136 1508 1548 1582 insequantur,
1573 1509 1754 1565 Graeci
1782 1509 1866 1564 in-

207 1600 386 1655 terim
419 1617 535 1655 non
564 1599 845 1655 resistant
874 1600 960 1653 ⁵η.

285 1690 372 1743 40.
405 1689 517 1745 Sed
551 1687 897 1760 Hippolytus
929 1687 1170 1759 quidam
1203 1687 1525 1742 Siciliensis
1556 1687 1868 1759 episcopus

206 1777 415 1834 eadem
449 1777 688 1848 scripsit
717 1780 774 1831 et
803 1777 874 1831 de
907 1776 1153 1848 imperio
1174 1779 1366 1830 vestro
1399 1780 1456 1830 et
1474 1779 1648 1848 gente
1666 1778 1867 1830 nostra

202 1897 279 1907 -—-
309 1869 576 1921 nostram
607 1881 762 1919 nunc
793 1865 922 1920 dico
953 1881 1208 1933 omnem,
1243 1881 1369 1936 qua:
1398 1865 1508 1919 sub
1537 1867 1730 1919 vestro
1764 1863 1867 1918 im-

1983 708 2262 782 aliquem.

2041 816 2178 866 Ante
2210 817 2344 881 (177)
2370 817 2511 866 enim
2529 817 2816 881 pererratis
2845 818 3125 868 amborum
3158 818 3374 879 ﬁnibus,
3397 819 3540 881 exul,

2041 881 2176 928 Ante
2207 879 2412 928 Ararim
2437 879 2662 930 Parthus
2683 880 2943 938 bibet,aut
2971 881 3252 930 Germania
3278 882 3509 947 Tygrim,

1980 992 2156 1047 quam
2181 975 2544 1048 Nicephorus
2573 980 2630 1034 et
2651 977 2783 1033 Otto
2816 977 3076 1034 amicitia
3105 982 3310 1035 coeant
3340 984 3396 1036 et
3421 980 3638 1037 fmdera

1971 1064 2248 1137 junganh

2048 1143 2138 1213 lii.
2163 1152 2425 1209 Audistis
2458 1155 2810 1222 Graecorum,
2844 1155 3041 1212 audite
3091 1173 3247 1212 nunc
3274 1157 3636 1230 Liudpraudi

1977 1244 2384 1299 Cremonensis
2395 1243 2652 1316 episcopi
2672 1243 3233 1317 interpretationem.
3255 1246 3393 1302 Dico
3409 1252 3626 1317 autem,

1977 1335 2033 1386 et
2051 1348 2163 1386 non
2189 1331 2379 1386 solum
2405 1332 2532 1388 dico
2557 1333 2658 1389 sed
2680 1332 2988 1400 afﬁrmo,si
3014 1338 3325 1408 scruptura
3345 1335 3466 1391 hzec
3490 1354 3634 1409 pra:-

1974 1419 2239 1475 sentibus
2290 1424 2377 1476 est
2407 1420 2708 1494 implenda
2738 1422 3130 1495 temporibus,
3167 1423 3254 1479 leo
3286 1428 3344 1481 et
3379 1425 3633 1492 catulus,

1975 1513 2142 1579 pater
2185 1512 2240 1562 et
2271 1507 2448 1576 filius,
2479 1509 2610 1565 Otto
2642 1514 2699 1565 et
2728 1510 2956 1580 Otto,in
2979 1511 3140 1568 nullo
3173 1513 3458 1586 dispares,
3492 1517 3632 1570 tem-

1976 1613 2114 1668 pore
2144 1596 2432 1653 distantes
2459 1598 2899 1664 tantum,simul
2931 1600 3041 1656 hoc
3075 1602 3345 1673 praesenti
3365 1606 3634 1675 tempore

1975 1684 2450 1740 exterminabunt
2479 1701 2788 1759 onagrum,
2824 1688 2882 1742 id
2914 1692 3003 1744 est
3032 1688 3372 1761 sylvestrem
3396 1690 3632 1749 asinum

1974 1773 2395 1844 Nicephorum;
2431 1774 2529 1844 qui
2553 1791 2668 1829 non
2683 1774 3004 1848 incongrue
3021 1777 3284 1849 sylvestri
3300 1779 3465 1835 asino
3479 1796 3634 1836 com-

1974 1862 2313 1934 paratur,ob
2344 1879 2553 1917 vanam
2586 1868 2644 1918 et
2675 1862 2910 1920 inanem
2934 1863 3631 1941 gloriam,incestumque

204 1953 375 2026 perio
404 1957 512 2016 est,
546 1956 781 2024 gentem
815 1984 880 1994 -—
903 1957 1112 2025 ;atque
1133 1953 1360 2008 utinam
1386 1969 1583 2052 verum
1608 1952 1684 2007 sit
1707 1951 1861 2024 quod
1896 1986 1946 2052 B
1976 1951 2226 2052 dominae
2249 1954 2306 2006 ct
2330 1952 2672 2052 commatris
2703 1969 2821 2008 suae
2854 1954 3194 2052 conjugium
3217 1956 3453 2029 (I78).Si
3485 1973 3630 2013 ona-

204 2044 283 2099 de
315 2043 702 2115 praesentibus
729 2042 968 2114 scripsit
997 2043 1108 2098 iste
1139 2042 1521 2114 temporibus,
1545 2041 1780 2104 Cretera,
1806 2043 1870 2096 ut
1896 2039 1944 2052 “’
1978 2056 2081 2112 ger
2105 2039 2214 2096 iste
2244 2057 2401 2096 nunc
2431 2057 2465 2094 a
2495 2039 2661 2096 leone
2683 2045 2740 2096 et
2760 2041 2950 2098 catulo
2973 2048 3194 2114 nostro,
3228 2043 3435 2100 Ottone
3455 2049 3512 2102 et
3531 2049 3633 2102 Ot-

201 2131 469 2203 scripsit,
503 2135 643 2186 sunt
672 2148 858 2202 usque
889 2131 1004 2186 huc
1022 2130 1328 2202 completa,
1361 2129 1866 2202 quemadmodum

203 2237 314 2292 per
341 2219 522 2291 ipsos,
557 2218 657 2290 qui
691 2219 902 2273 horum
935 2219 1220 2273 librorum
1265 2218 1568 2274 scientiam
1626 2217 1864 2285 habent,

205 2307 426 2365 audivi.
461 2308 530 2363 Et
561 2323 630 2362 ex
651 2306 856 2362 multis
877 2308 1004 2378 ejus
1023 2307 1193 2362 dictis
1212 2323 1394 2362 unum
1416 2305 1474 2361 id
1498 2306 1866 2379 proferamus

205 2397 268 2453 in
285 2397 566 2453 medium.
582 2397 678 2451 Ait
693 2396 849 2451 enim
864 2412 1019 2451 nunc
1033 2395 1389 2467 completum
1405 2395 1474 2450 iri
1490 2395 1863 2467 scripturam,

207 2503 341 2558 quae
373 2485 514 2542 dicit
567 2493 698 2561 λέων
783 2495 866 2540 καὶ
959 2492 1157 2555 “iuva;
1230 2492 1571 2555 ὁμοδιώξουσιν
1657 2491 1866 2556 ὄναγρον

208 2576 404 2632 Graece
425 2575 525 2630 ita.
560 2573 835 2629 Latinum
867 2576 1064 2628 autem
1089 2570 1210 2629 sic:
1246 2575 1346 2628 Leo
1377 2576 1428 2628 et
1456 2573 1669 2629 catulus
1694 2573 1866 2628 simul

206 2663 660 2721 exterminabunt
688 2679 980 2733 onagrum.
1015 2662 1198 2733 Cujus
1230 2662 1631 2734 interpretatio
1663 2677 1866 2717 secun-

209 2754 355 2809 dum
387 2754 651 2809 Grzecos:
687 2752 820 2818 Leo,
845 2751 903 2807 id
935 2754 1025 2807 est
1057 2752 1456 2807 Romanorum
1491 2751 1611 2807 sive
1637 2751 1862 2806 Graeco-

206 2860 343 2898 rum
375 2843 712 2914 imperator,
747 2846 804 2896 et
835 2840 1089 2910 catulus,
1123 2841 1479 2896 Francorum
1500 2839 1721 2896 scilicet
1742 2856 1862 2905 rex,

205 2930 388 2987 simul
419 2930 513 2986 bis
544 2930 931 3003 praesentibus
971 2929 1338 3002 temporibus
1389 2928 1865 2984 exterminabunt

206 3035 518 3090 onagrum,
565 3019 740 3075 idiest
771 3020 1196 3075 Saracenorum
1258 3034 1452 3091 regem
1510 3018 1859 3073 africanum.

206 3111 347 3175 Qum
379 3106 780 3180 interpretatio
810 3123 876 3163 eo
911 3106 1055 3162 mihi
1099 3124 1237 3162 vera
1268 3124 1383 3161 non
1431 3105 1680 3175 videtur,
1717 3122 1862 3178 quo-

204 3199 370 3254 niam
392 3197 480 3256 leo
501 3203 558 3253 et
577 3196 829 3263 catulus,
854 3195 1123 3268 quamvis
1139 3196 1391 3267 disparis
1411 3194 1860 3268 magnitudinis,

1977 2131 2132 2196 tone,
2195 2133 2356 2202 patre
2388 2129 2611 2184 scilicet
2657 2134 2715 2188 et
2744 2130 2884 2198 lilio,
2929 2131 3199 2202 angustis
3234 2133 3629 2190 Romanorum

1977 2215 2454 2288 imperatoribus,
2506 2218 2928 2275 exterminatus
2961 2235 3076 2274 non
3109 2219 3306 2291 fuerit,
3340 2238 3443 2278 nec
3475 2223 3629 2296 quod

1977 2305 2328 2378 Hippolytus
2346 2306 2581 2379 scripsit
2612 2323 2810 2362 verum
2836 2306 2977 2376 erit;
3003 2309 3334 2365 Graacorum
3347 2310 3505 2367 enim
3532 2311 3634 2366 illa

1977 2394 2264 2466 superior,
2295 2393 2603 2450 abicienda
2632 2394 3038 2468 interpretatio
3087 2403 3195 2454 est.
3246 2399 3382 2466 Sed,
3425 2415 3458 2456 o
3489 2401 3631 2457 Jesu

1975 2482 2146 2551 bene,
2190 2487 2338 2538 Deus
2383 2487 2618 2550 aeterne,
2668 2484 2914 2539 verbum
2959 2485 3169 2552 Patris,
3202 2487 3303 2559 qui
3335 2489 3509 2543 nobis
3539 2489 3632 2544 in-

1977 2571 2170 2643 dignis
2190 2571 2468 2643 loqueris,
2504 2589 2620 2627 non
2653 2589 2790 2629 voce
2821 2574 2924 2629 sed
2965 2573 3368 2646 inspiratione,
3404 2576 3629 2632 nullam

1977 2659 2151 2716 aliam
2175 2659 2714 2733 interpretationem
2739 2678 2914 2733 quam
2937 2678 3130 2718 meam
3145 2663 3203 2717 in
3218 2663 3327 2720 hac
3340 2665 3630 2722 sententia

1972 2749 2294 2804 velis.Jube
2317 2753 2382 2804 ut
2411 2748 2499 2804 leo
2520 2753 2578 2803 et
2596 2747 2829 2805 catulus
2860 2749 2956 2806 isti
2979 2749 3136 2806 hunc
3158 2753 3547 2808 exterminent
3575 2758 3633 2810 et

1975 2837 2289 2892 humilient
2310 2854 2593 2910 onagrum
2610 2838 3158 2909 corpore,quatinus
3175 2839 3234 2894 in
3260 2856 3320 2895 se
3335 2857 3628 2910 reversus,

1973 2926 2351 2998 dominisque
2372 2926 2496 2981 suis
2527 2925 2743 2982 Basilio
2775 2931 2832 2982 et
2854 2927 3236 2984 Constantino
3253 2927 3621 3002 imperatori-

1974 3015 2086 3071 bus
2119 3014 2410 3082 subditus,
2447 3016 2505 3070 in
2538 3015 2631 3070 die
2653 3015 2882 3071 Domini
2917 3015 3161 3087 spiritus
3193 3017 3269 3072 sit
3299 3017 3518 3074 salvus.

2045 3105 2132 3158 42.
2163 3106 2274 3160 Sed
2307 3105 2627 3160 astronomi
2660 3104 2768 3160 hoc
2787 3104 2942 3161 idem
2957 3106 3027 3162 de
3047 3105 3211 3161 vobis
3225 3110 3281 3161 ct
3303 3106 3628 3180 Nicephoro

1974 3193 2376 3265 pronuntiant.
2402 3193 2535 3260 Res,
2562 3194 2829 3265 inquam,
2856 3195 3024 3251 mira.
3045 3195 3189 3250 Cum
3223 3197 3478 3267 quodam
3493 3213 3626 3252 sum

204 3286 386 3342 unius
405 3289 604 3342 tamen
624 3290 763 3341 sunt
784 3286 1003 3341 natura:
1021 3290 1076 3340 et
1099 3283 1313 3356 speciei
1334 3301 1436 3340 seu
1456 3284 1664 3352 moris;
1689 3287 1863 3355 atque
1907 3353 1936 3356 μ
1971 3280 2204 3337 locutus
2222 3282 2689 3353 astronomo,qui
2709 3283 3213 3351 vestram,domini
3231 3284 3342 3339 mei
3371 3284 3630 3356 augusti,

202 3380 274 3430 ut
301 3374 446 3430 mihi
470 3391 598 3430 mea
630 3374 877 3430 scientia
915 3373 1200 3446 suggerit,
1230 3373 1279 3428 si
1298 3373 1386 3428 leo
1405 3373 1736 3428 Graecorum
1760 3373 1864 3426 im-
1894 3353 1937 3420 C
1973 3371 2554 3442 aequivociquevestri
2577 3371 2834 3444 augusti,
2854 3371 3128 3440 formam,
3155 3388 3366 3440 mores,
3384 3376 3448 3426 ut
3468 3376 3627 3441 sunt,

203 3467 462 3538 perator,
493 3463 910 3519 inconveniens
938 3467 1047 3529 est,
1085 3467 1150 3518 ut
1208 3461 1440 3518 catulus
1489 3461 1565 3518 sit
1614 3462 1862 3517 Franco-

203 3569 340 3608 rum
373 3569 491 3608 rex.
525 3551 800 3617 Quamvis
822 3552 978 3606 enim
1003 3550 1237 3623 utrique
1257 3549 1526 3606 homines
1549 3551 1688 3618 sint,
1711 3551 1864 3605 sicut

197 3641 292 3697 leo
324 3645 380 3697 et
410 3640 640 3696 catulus
671 3644 918 3712 uterque
945 3639 1242 3708 animalia,
1277 3639 1501 3694 distant
1521 3643 1718 3694 tamen
1743 3655 1862 3694 mo-

195 3731 367 3786 ribus
398 3733 647 3797 tantum,
675 3747 790 3784 non
815 3729 943 3784 dico
963 3727 1154 3784 solum
1180 3732 1467 3800 quantum
1493 3728 1718 3799 species
1737 3745 1860 3799 spe-

194 3817 424 3879 ciebus,
447 3817 548 3871 sed
573 3821 860 3887 quantum
879 3815 1183 3871 sensibilia
1203 3813 1666 3871 insensibilibus.
1694 3815 1858 3870 Catu.

192 3905 293 3961 lus
327 3921 361 3960 a
391 3903 558 3960 leone
586 3903 669 3959 nil
703 3905 816 3960 nisi
862 3908 1124 3977 tempore
1155 3904 1353 3971 distat,
1402 3904 1591 3959 forma
1629 3905 1854 3972 eadem,

194 3993 396 4050 rabies
428 4010 565 4060 una,
601 3993 832 4066 rugitus
882 3992 1058 4049 idem.
1094 3993 1427 4048 Graecorum
1462 4009 1558 4066 rex
1587 3992 1854 4061 crinitus,

196 4082 522 4148 tunicatus,
546 4083 897 4150 manicatus,
922 4082 1278 4150 teristratus,
1301 4082 1569 4148 mendax,
1594 4081 1854 4138 dolosus.

193 4171 642 4238 immisericors,
675 4170 974 4243 vulpinus,
1037 4171 1348 4243 superbus,
1409 4170 1556 4227 falso
1588 4171 1853 4240 humilis,

192 4277 430 4334 parcus,
451 4260 723 4333 cupidus,
749 4259 885 4316 allio
908 4276 1046 4332 cepe
1069 4264 1126 4315 et
1146 4260 1336 4332 porris
1358 4275 1620 4327 vescens,
1645 4259 1857 4315 balnea

191 4349 438 4418 bibens;
468 4350 823 4406 Francorum
877 4367 976 4406 rex
1008 4354 1212 4404 contra
1265 4348 1509 4422 pulchre
1558 4353 1787 4417 tonsus,
1823 4367 1856 4405 a

197 4437 474 4496 muliebri
506 4439 718 4495 vestitu
749 4441 906 4495 veste
940 4437 1226 4505 diversus,
1259 4437 1530 4511 pileatus,
1554 4454 1746 4507 verax,
1772 4437 1852 4494 nil

194 4527 317 4584 doli
351 4527 597 4597 habens,
627 4527 771 4585 satis
803 4527 902 4584 ubi
934 4527 1214 4600 competit
1243 4527 1596 4595 misericors,
1618 4544 1856 4585 severus

191 4615 296 4673 ubi
325 4621 570 4688 oportet,
591 4633 822 4688 semper
841 4633 971 4672 vere
992 4615 1256 4684 humilis,
1274 4633 1598 4688 numquam
1615 4632 1850 4688 parcus,

1971 3475 2103 3515 vere
2135 3459 2299 3518 dixit.
2332 3463 2659 3529 cunctaque
2681 3476 2812 3514 mea
2842 3459 3154 3531 praeterita,
3189 3458 3357 3530 quasi
3375 3477 3630 3531 praesen-

1970 3547 2052 3602 tia
2077 3547 2240 3602 dixit.
2270 3547 2383 3602 Nec
2407 3547 2682 3618 prieteriit
2699 3546 3012 3618 quisquam
3047 3547 3374 3602 amicorum
3400 3548 3489 3604 vel
3522 3548 3631 3604 ini-

1970 3635 2282 3701 micorum,
2316 3635 2386 3690 de
2416 3635 2632 3706 quibus
2655 3651 2822 3690 mens
2853 3634 2998 3689 mihi
3031 3635 3626 3707 sugessitutinterro-

1968 3723 2376 3797 garem,cujus
2395 3723 2686 3789 habitum,
2723 3723 2972 3778 formam
3006 3727 3063 3778 et
3093 3739 3286 3779 mores
3318 3741 3434 3780 non
3469 3725 3624 3781 dice-

1967 3817 2074 3892 r‘et.
2108 3812 2396 3884 Quicquid
2420 3811 2770 3868 calamitatis
2793 3811 2937 3867 mihi
2961 3812 3070 3868 hoc
3090 3811 3150 3868 in
3167 3812 3374 3869 itinere
3391 3814 3622 3883 accidit,

1968 3902 2234 3958 futurum
2294 3918 2421 3957 esse
2451 3900 2736 3974 praedixit.
2793 3900 2882 3956 Sit
2929 3902 3302 3957 mendacium
3361 3919 3533 3958 omne
3559 3905 3623 3939 ⁶²¹

1967 3991 2123 4062 quod
2157 3989 2341 4058 dixit;
2391 4007 2599 4056 unum,
2652 4006 2848 4062 quaeso
2889 3989 3262 4046 solummodo
3293 3991 3369 4046 sit
3396 4009 3625 4060 verum,

1966 4081 2122 4154 quod
2145 4097 2246 4136 vos
2263 4097 2392 4136 esse
2414 4081 2668 4136 facturos
2681 4079 3002 4151 Nicephoro
3033 4081 3320 4152 praedixit.
3355 4082 3480 4137 Fiat
3509 4082 3623 4137 uti-

1966 4187 2126 4236 nam,
2160 4169 2386 4225 utinam
2420 4170 2542 4237 ﬁat,
2576 4173 2633 4225 et
2665 4173 2790 4224 tum
2815 4169 2895 4223 nil
2929 4185 3022 4225 me
3047 4168 3185 4224 mali
3219 4187 3464 4242 passum
3494 4187 3624 4226 esse

1963 4257 2292 4330 intelligam
2317 4257 2329 4312 l

2037 4346 2346 4403 43.Scribit
2367 4346 2544 4402 etiam
2560 4347 2836 4418 praefatus
2853 4345 3458 4420 Hijipolytus,Graecos
3499 4365 3614 4405 non

1965 4436 2174 4492 debere
2223 4436 2564 4501 Saracenos,
2621 4436 2722 4491 sed
2775 4436 3026 4492 Francos
3073 4441 3375 4493 conterere
3431 4455 3444 4507 ;
3501 4455 3619 4510 qua

1963 4523 2212 4581 lectione
2227 4524 2505 4581 Saraceni
2533 4524 2801 4592 animati,
2828 4528 2963 4580 ante
2985 4525 3308 4582 triennium
3338 4543 3472 4582 cum
3496 4527 3622 4584 Ma-

1964 4614 2133 4670 nuele
2163 4613 2428 4686 patricio,
2470 4613 2780 4686 Nicephori
2814 4619 3047 4686 nepote,
3075 4615 3247 4686 juxta
3276 4615 3533 4688 Scyllam
3565 4621 3624 4673 et

193 4722 312 4761 non
339 4703 496 4775 allio,
521 4705 700 4779 cepis,
721 4705 911 4779 porris
931 4709 1273 4772 vescens,ut
1293 4705 1478 4776 possit
1496 4705 1854 4762 animalibus
1882 4722 1930 4787 D
1961 4701 2317 4774 Charybdim
2350 4701 2409 4756 in
2462 4700 2608 4755 mari
2643 4699 2859 4767 Siculo,
2896 4698 3117 4757 bellum
3167 4707 3414 4775 parant;
3446 4704 3620 4775 cujus

192 4810 264 4850 eo
298 4810 556 4865 parcere,
574 4793 855 4867 quatinus
879 4812 993 4851 non
1018 4793 1407 4861 manducatis,
1433 4794 1534 4849 sed
1557 4795 1853 4850 venunda-

190 4881 273 4938 tis
304 4883 612 4954 pecuniam
644 4887 978 4957 congreget.
1009 4881 1267 4938 Audistit
1296 4881 1688 4938 differentiam
1716 4901 1729 4952 ;
1756 4899 1852 4939 no-

186 4969 293 5028 lite
350 4971 502 5028 hanc
556 4971 1100 5045 interpretationem
1157 4972 1492 5043 suscipere;
1549 4975 1651 5028 aut
1691 4973 1848 5029 enim

189 5060 394 5116 futura
423 5065 532 5128 est,
567 5065 667 5116 aut
696 5061 817 5116 haec
845 5077 980 5116 vera
1009 5077 1124 5115 non
1165 5063 1272 5116 est.
1338 5060 1704 5132 Impossibile
1761 5065 1851 5117 est

187 5149 372 5207 enim.
409 5154 476 5207 ut
508 5151 891 5224 Nicephorus,
918 5148 1071 5206 sicut
1087 5146 1202 5221 ipsi
1221 5148 1606 5217 mentiuntur,
1637 5147 1714 5205 sit
1732 5149 1845 5221 leo,

1960 4791 2284 4847 immensas
2315 4789 2512 4863 copias
2542 4807 2675 4845 cum
2709 4791 3182 4863 prostravissent,
3229 4791 3426 4865 ipsum
3458 4809 3620 4848 com-

1960 4879 2729 4954 prehenderunt,capiteque
2749 4884 3026 4936 truncum
3048 4881 3117 4916 ⁵³³
3143 4881 3580 4953 suspenderunt
3603 4899 3616 4950 ;

1961 4971 2132 5042 cujus
2164 4968 2390 5024 socium
2433 4973 2492 5023 et
2527 4967 2988 5025 cemmilitonem
3021 4985 3156 5026 cum
3189 4974 3482 5042 caperent,
3516 4971 3619 5042 qui

1959 5058 2226 5115 neutrius
2254 5061 2379 5112 erat
2409 5057 2638 5129 generis
2661 5057 2827 5130 (169),
2854 5059 3116 5115 occidere
3137 5058 3620 5132 suntdedignati,

1958 5149 2062 5206 sed
2083 5148 2345 5204 vinctum
2377 5164 2445 5204 ac
2462 5147 2636 5221 longa
2657 5148 2925 5206 custodia
2940 5151 3297 5204 maceratum
3312 5148 3458 5206 tanti
3483 5165 3616 5206 ven-

1578 5255 1822 5311 VARl/E
1858 5255 2272 5312 LECTIONES.
2462 5289 2481 5302 .

263 5329 332 5364 ⁸¹⁸
376 5345 430 5384 a.
453 5327 668 5383 iterum
701 5345 816 5384 non
849 5328 1152 5385 resistunt.
1189 5326 1246 5382 C.
1278 5326 1374 5399 qui
1403 5327 1465 5383 in
1492 5328 1748 5397 margine
1775 5328 1937 5386 dedit.
2016 5328 2083 5363 "9
2113 5327 2250 5383 otho
2283 5326 2340 5382 ϐ.
2371 5342 2535 5398 saepe.
2613 5326 2681 5362 ⁸²⁰
2738 5326 3085 5384 exterminet
3115 5326 3172 5383 6.
3251 5328 3316 5364 ³³⁸
3349 5343 3522 5385 omen
3555 5327 3614 5385 C.

185 5401 259 5438 ⁸³³
283 5402 330 5472 f.
361 5403 700 5454 truncatum
729 5404 868 5456 ΒΑΕ.

1815 5489 2048 5546 NOT/E.

288 5560 415 5626 177)
445 5557 653 5630 Virgil.
688 5557 808 5614 Ecl.
841 5575 882 5623 ι,
913 5559 1004 5625 62,
1035 5559 1126 5612 63.

291 5631 416 5711 128)
446 5627 868 5711 Theophanem
899 5643 1156 5711 namque
1187 5627 1487 5711 Romanus
1509 5629 1850 5711 affinitates

188 5699 484 5776 baptismo
496 5699 764 5774 junctus,
789 5718 918 5776 eam
935 5699 1189 5776 denique
1205 5699 1264 5755 in
1281 5699 1608 5776 thalamum
1631 5704 1848 5776 rapuit,

189 5771 372 5834 invito
425 5771 659 5847 quoque
690 5772 1040 5848 patriarcha.
1096 5771 1537 5844 Compatriatus
1585 5771 1759 5848 ergo:
1793 5781 1850 5832 et

1958 5565 2101 5617 tunc
2130 5557 2619 5617 impedimentum
2647 5559 3031 5615 matrimonii.
3066 5559 3205 5615 CAN.

2028 5630 2178 5703 (179)
2212 5627 2272 5686 id
2304 5634 2394 5688 est
2422 5629 2753 5703 eunuchus.
2786 5631 2919 5688 Fuit
2949 5631 3001 5689 is
3038 5631 3269 5700 Nicetes
3306 5627 3613 5686 eunuchus

1955 5701 2043 5762 τοῦ
2074 5701 2251 5760 στόλου
2284 5709 2599 5776 δρουγγάριος
2630 5701 2748 5758 CAN
