3962 6374
355 412 494 486 ’9³η

1331 408 1813 478 LlUTPRANDI
1853 403 2406 484 GBEMONENSIS
2448 401 2830 472 EPISCOPI.

3659 407 3800 473 -928

370 544 1210 626 diderunt,quanti-nec-ullum
1226 545 1574 621 hujusmodi
1598 538 2016 603 mor-talessani
2045 541 2102 622 Α
2130 538 2418 597 biberent.
2454 539 2672 597 Latinas
2701 536 2915 616 linguis
2937 557 3247 616 pauperes,
3266 541 3368 618 qui
3393 558 3495 602 me
3511 539 3798 602 elemosi-

372 644 580 717 capitis
611 643 889 699 emerent.
918 639 1033 695 Nec
1057 637 1368 694 inﬁrmiori
1397 637 1618 703 animo,
1642 635 1845 690 eadem
1877 648 2016 686 eon-

371 733 586 796 ﬁrmati
607 729 1036 796 lectione,haud
1059 727 1244 784 multo
1267 729 1399 799 post
1419 725 1699 798 magistro
1713 724 2015 777 Exaeontae

369 822 720 887 occurrunt;
755 834 928 890 quem
961 818 1104 872 dum
1126 816 1187 871 in
1210 816 1409 888 fugam
1431 815 1742 879 verterent,
1775 811 1902 880 ejus
1919 825 2016 863 co-

369 913 496 986 pias
526 909 802 967 omnibus
816 905 1008 962 modis
1027 905 1442 962 contriverunt.

439 1002 528 1060 (si.
561 1000 663 1054 Est
692 1001 748 1052 et
777 995 959 1061 aliud,
993 996 1147 1068 quod
1173 1011 1328 1050 nunc
1354 992 1744 1064 Nicephorum
1768 1004 2011 1060 compu-

361 1090 435 1146 lit
461 1087 660 1161 copias
679 1085 739 1140 in
753 1084 1024 1157 Assyrios
1037 1085 1265 1139 ducere.
1291 1085 1577 1154 Argorum
1599 1079 1756 1135 enim
1774 1092 2009 1133 omnem

365 1178 663 1253 regionem
711 1175 943 1230 instans
989 1178 1243 1246 tempus,
1278 1172 1392 1226 Deo
1418 1171 1684 1241 jubente,
1720 1184 1787 1223 eo
1820 1181 2009 1236 usque

365 1269 550 1325 fames
581 1263 822 1336 attrivit,
855 1266 920 1320 ut
957 1277 1145 1333 neque
1167 1261 1345 1317 tritici
1373 1261 1488 1316 duo
1503 1257 1812 1330 Papienses
1826 1260 2007 1311 sexta-

365 1357 435 1414 rii
494 1371 670 1414 aureo
717 1355 1149 1424 comparentur,
1178 1349 1405 1421 hocque
1437 1347 1536 1403 ubi
1567 1348 1804 1402 ubertas
1838 1342 2007 1416 quasi

363 1448 589 1516 regnat.
640 1443 800 1498 Hanc
845 1443 1090 1512 pestem,
1123 1437 1395 1493 muribus
1425 1433 1892 1506 cooperantibus,
1924 1431 2009 1486 ita

363 1529 645 1596 dilatavit,
663 1533 726 1584 ut
743 1527 1056 1584 messionis
1073 1529 1335 1597 tempore
1357 1524 1638 1596 quicquid
1652 1522 1869 1592 ubique
1892 1524 2006 1574 ter-

361 1637 560 1678 rarum
592 1634 833 1676 annonae
864 1617 1008 1685 erat,
1042 1613 1286 1670 minimo
1317 1613 1453 1668 dato
1468 1611 1672 1685 pretio,
1705 1625 2005 1682 possesso-

360 1709 524 1766 ridus
569 1704 946 1778 ejulantibus,
995 1701 1381 1776 congregarit.
1432 1700 1596 1765 Quod
1658 1715 1794 1756 cum
1835 1699 2007 1768 juxta

358 1794 838 1871 Mesopotamiam
867 1793 1098 1858 faceret,
1137 1790 1234 1847 ubi
1269 1791 1504 1864 frugum
1537 1787 1706 1860 copia
1735 1786 2004 1842 muribus

359 1885 988 1947 absentibuscreverat,
1013 1897 1209 1935 arena:
1233 1880 1415 1936 mar-is
1445 1877 2004 1933 multitudinianno-
2039 1909 2088 1976 Β

359 1994 447 2033 me
474 1972 914 2036 multitudinem
939 1964 1844 2042 comquavithiturcumvilihoc
1857 1980 2010 2020 com-

364 2062 581 2122 mercio
603 2060 852 2132 turpiter
900 2059 1084 2114 fames
1126 2057 1332 2113 ubiubi
1363 2056 1684 2120 desaeviret,
1717 2053 2010 2124 octoginta

359 2153 529 2214 milia
540 2149 1146 2214 mortalium,obtentu
1156 2145 1601 2210 militiasecum
1615 2142 2006 2217 congregavit;

359 2243 579 2316 quibus
610 2255 713 2312 per
742 2237 1088 2296 continuum
1136 2251 1421 2302 mensem,
1456 2235 1611 2307 quod
1644 2250 1759 2289 uno
1790 2235 2011 2288 emerat

361 2346 560 2402 aureo,
593 2327 824 2384 duobus
854 2324 1134 2392 vendidit.
1167 2325 1262 2380 Ha:
1294 2327 1453 2392 sunt,
1488 2324 1722 2380 domine
1754 2321 1854 2386 mi,
1890 2336 2004 2386 res,

361 2437 490 2494 qua:
527 2403 921 2490 Nicephorum
967 2413 1166 2486 copias
1195 2413 1255 2468 in
1306 2413 1574 2486 Assyrios
1612 2428 1768 2467 nunc
1799 2410 2010 2465 ducere

357 2506 788 2580 compulerunt.
824 2503 933 2561 Sed
985 2501 1213 2575 quales,
1245 2500 1665 2575 quaeso,copias
1687 2499 1886 2563 ?vere,
1917 2497 2006 2552 in-

359 2612 683 2670 quam,non
715 2593 1006 2660 homines,
1033 2592 1133 2652 sed
1153 2591 1495 2647 hominibus
1513 2589 1770 2657 similes;
1791 2587 2007 2660 quibus

357 2683 564 2757 lingua
601 2686 845 2740 tantum
877 2697 1111 2754 procax,
1146 2680 1246 2736 sed
1293 2677 1556 2752 «frigida
1587 2677 1736 2734 bello
1769 2677 2008 2732 dextera

358 2775 527 2845 (I80).
555 2794 582 2821 »
614 2772 741 2828 Non
773 2769 1012 2842 inspicit
1055 2769 1114 2826 in
1144 2767 1237 2824 his
1258 2767 1620 2840 Nicephorus
1643 2765 2005 2838 qualitalem,

363 2862 465 2917 sed
517 2859 704 2917 solam
749 2856 1179 2930 quantitatem;
1212 2855 1368 2927 quod
1399 2871 1578 2927 quam
1610 2852 2007 2926 periculosum

364 2947 449 3004 illi
494 2948 591 3015 sit,
642 2951 770 3003 tum
811 2961 938 3004 sero
986 2943 1289 3016 paenitebit
1332 2960 1497 3010 eum,
1541 2960 1682 2998 eum
1742 2940 2010 2997 imbelles

362 3033 623 3111 plurimi,
656 3032 1037 3092 multitudine
1087 3031 1352 3098 animati,
1387 3048 1421 3086 a
1452 3030 1669 3088 nostris
1700 3029 2010 3102 perpaucis

357 3123 514 3182 bella
543 3123 883 3189 scientibus,
917 3121 1097 3178 immo
1131 3119 1485 3186 sitientibus,
1517 3122 1909 3176 conterentur.

431 3215 519 3269 45.
542 3212 688 3272 Cum
712 3210 1060 3268 obsideretis
1082 3211 1310 3276 Bareas,
1335 3208 1572 3265 trecenti
1599 3207 2006 3266 tantummodo

2127 646 2338 686 narum
2350 630 2539 702 gratia
2551 631 3414 706 adierunt,comprebendentes
3424 633 3793 704 ceciderunt,

2125 719 2401 775 custodiae
2435 720 2832 789 tradiderunt;
2896 722 3276 781 Graeconolon
3337 741 3564 793 meum,
3605 724 3667 781 id
3701 729 3799 781 est

2125 807 2330 863 Graeca:
2362 807 2574 880 linguae
2610 825 2883 880 gnarum,
2919 827 3036 866 non
3090 811 3511 884 permittebant
3561 813 3793 886 egredi,

2124 895 2328 951 saltem
2356 901 2419 952 ut
2442 901 2715 969 sumptus
2739 903 2976 966 emeret,
3003 901 3103 956 sed
3128 917 3333 956 cocum
3357 901 3548 957 solum
3575 902 3790 958 Graeca

2119 984 2330 1057 linguas
2367 986 2670 1057 ignarum;
2701 987 2802 1058 qui
2835 1005 2950 1043 non
2984 989 3294 1061 signorum
3326 989 3536 1064 signis,
3563 991 3665 1047 sed
3693 991 3788 1047 di-

2118 1074 2372 1145 gitorum
2405 1091 2508 1129 seu
2539 1073 2744 1145 capitis
2777 1075 3042 1145 nutibus,
3065 1095 3202 1134 cum
3220 1080 3520 1136 venditore
3543 1084 3791 1152 emptor

2115 1161 2755 1234 loquebatur,tantique
2771 1165 3033 1221 nummis
3045 1169 3275 1222 emebat
3291 1168 3782 1240 quatuor,quanti

2118 1251 2489 1308 Graecolonus
2520 1253 2830 1310 obsonium
2865 1272 3001 1312 uno.
3037 1257 3107 1312 Et
3140 1274 3277 1312 cum
3299 1257 3621 1315 amicorum
3647 1257 3787 1329 qui-

2116 1341 2251 1396 dam
2285 1344 2569 1407 aromata,
2604 1358 2808 1413 panes,
2840 1342 3067 1412 vinum,
3102 1361 3279 1416 poma
3337 1347 3620 1418 mitteret,
3647 1345 3782 1403 solo

2115 1433 2323 1484 cuncta
2357 1429 2686 1494 fundentes,
2719 1432 2959 1488 nuntios
3005 1432 3266 1506 colaphis
3295 1434 3444 1492 satis
3489 1442 3774 1492 oneratos

2115 1517 2482 1573 dimiserunt.
2519 1518 2588 1573 Et
2618 1518 2729 1573 nisi
2762 1520 2958 1574 divina
2988 1521 3176 1592 pietas
3223 1527 3489 1594 parasset
3540 1523 3601 1579 in
3634 1541 3780 1580 con-

2115 1610 2314 1678 spectu
2344 1622 2479 1661 meo
2537 1623 2804 1662 mensam
2863 1609 3145 1666 adversus
3189 1627 3289 1668 eos
3323 1611 3425 1684 qui
3484 1612 3780 1670 tribulant

2116 1711 2209 1750 me
2235 1694 2402 1766 (18!),
2437 1711 2556 1750 una
2589 1695 2732 1750 mihi
2762 1701 2965 1768 parata
2997 1714 3157 1755 mers
3185 1699 3332 1755 foret
3362 1708 3618 1772 accepta.
3656 1701 3780 1760 Sed

2114 1793 2215 1864 qui
2245 1792 2511 1864 permisit
2567 1793 2864 1864 temptari,
2891 1794 3053 1850 dedit
3112 1800 3253 1852 tunc
3309 1797 3778 1858 misericorditer

2116 1881 2257 1952 pati.
2292 1881 2709 1952 Hujuscemodi
2739 1899 2832 1938 me
2854 1882 3178 1954 periculum
3203 1887 3460 1943 secundo
3483 1892 3776 1946 Norarum

2118 1970 2280 2026 Junii
2304 1987 2490 2043 usque
2513 1971 2583 2025 ad
2605 1974 2832 2026 sextum
2853 1971 3048 2028 Nonas
3069 1972 3336 2031 Octobris
3358 1974 3777 2034 Constantino-

2119 2057 2257 2132 poli,
2291 2058 2498 2114 diebus
2527 2059 2750 2115 scilicet
2777 2063 3013 2116 centum
3037 2060 3310 2134 vinginti,
3345 2065 3678 2122 maceravit.

2191 2149 2278 2203 47.
2309 2147 2524 2203 Verum
2559 2152 2623 2204 ut
2679 2152 3034 2222 augerentur
3085 2150 3450 2210 calamitates
3507 2171 3675 2222 mea,
3708 2153 3776 2209 in

2116 2237 2531 2307 Assumptione
2561 2238 2901 2292 sanctmtDei
2933 2237 3232 2310 genitricis
3262 2244 3320 2296 et
3371 2240 3616 2314 virginis
3643 2241 3776 2310 Ma-

2117 2325 2215 2380 riae
2271 2325 2430 2395 (Aug.
2494 2325 2603 2397 15),
2663 2342 2791 2381 meo
2847 2327 3040 2382 omine
3095 2343 3212 2384 non
3256 2328 3407 2392 bono
3482 2334 3779 2402 venerunt

2117 2413 2319 2470 domni
2348 2414 2416 2447 5”
2445 2413 2748 2486 apostolici
2778 2419 2834 2470 et
2875 2415 3216 2472 universalis
3276 2433 3438 2489 papa:
3465 2417 3775 2488 Johannis

2118 2501 2309 2558 nuntii
2353 2519 2488 2558 cum
2515 2501 2747 2570 litteris,
2781 2502 2994 2575 quibus
3024 2505 3309 2576 rogabant
3363 2503 3775 2577 Nicephorum

2117 2590 2531 2662 imperatorem
2563 2592 2918 2656 Graecorum,
2954 2595 3017 2648 ut
3065 2593 3362 2664 parentela
3407 2593 3774 2666 ﬁrmamque

2118 2678 2435 2736 amicitiam
2459 2679 2675 2736 faceret
2703 2696 2838 2735 cum
2865 2679 3096 2736 dilectio
3117 2680 3486 2754 spiritalique
3509 2681 3631 2738 ﬁlio
3659 2699 3775 2739 suo

2118 2767 2325 2824 Ottone
2359 2769 2756 2824 Romanorum
2786 2768 3137 2840 imperatore
3163 2773 3435 2841 augusto.
3467 2770 3600 2836 Quae
3631 2789 3767 2837 vox,

2119 2873 2246 2929 quae
2279 2855 2602 2928 inscriptio,
2655 2857 2978 2913 secundum
3025 2859 3250 2914 Graecos
3282 2857 3570 2931 peccatrix
3599 2864 3657 2915 et
3688 2863 3776 2916 te-

2119 2945 2389 3012 meraria,
2461 2945 2754 3016 quomodo
2811 2944 3056 3002 latorem
3107 2963 3222 3001 non
3283 2946 3580 3013 occiderit,
3639 2964 3774 3015 cur,

2118 3033 2464 3106 priusquam
2497 3032 2829 3100 laederetur,
2861 3050 2975 3090 non
3005 3034 3382 3106 oppresserit,
3415 3035 3514 3106 qui
3548 3035 3607 3091 in
3637 3036 3777 3092 aliis

2118 3122 2293 3178 rebus
2308 3137 2458 3193 saepe
2469 3121 2668 3177 videor
2683 3121 3088 3195 spermologus
3100 3127 3157 3179 et
3176 3123 3618 3192 multisonus,in
3638 3123 3775 3192 hac,

2122 3214 2188 3268 ut
2216 3208 2385 3282 picis,
2416 3209 2613 3266 videor
2635 3210 2899 3267 insonus.
2935 3212 3340 3284 Objurgabant
3370 3211 3550 3268 Graeci
3584 3229 3774 3280 mare,

359 3297 1618 3376 UngarijuxtaThessalonica-mquingentos
1632 3297 2010 3353 Grecoscom-
2039 3275 2084 3343 (ἶ
2121 3275 2613 3370 imprazcabantur
2659 3299 2900 3370 aequori,
2961 3275 3094 3371 plus
3118 3275 3284 3371 iusto
3315 3304 3635 3370 morantes,
3667 3275 3775 3360 cur

359 3390 796 3466 prehenderunt
825 3393 882 3443 et
927 3388 986 3443 in
1020 3387 1335 3460 Ungariam
1377 3386 1691 3442 duxerunt.
1726 3388 1860 3453 Quae
1891 3401 2004 3453 res,

357 3481 498 3556 quia
525 3491 801 3554 prospere
831 3477 1136 3543 successit,
1179 3474 1466 3549 compulit
1495 3476 1778 3531 ducentos
1811 3474 2008 3547 Unga-

357 3571 576 3628 riorun‘.
596 3568 754 3626 haud
777 3565 949 3641 longe
971 3563 1476 3638 Constantinopoli
1493 3564 1551 3618 in
1576 3562 1916 3634 Macedonia
1933 3561 2008 3618 si-

357 3659 574 3717 militer
586 3657 772 3716 facere
796 3675 810 3726 ;
835 3674 904 3712 ex
925 3654 1302 3728 quibus,cum
1327 3653 1558 3710 incaute
1581 3655 2006 3725 perangustam

358 3747 615 3805 redirent
643 3747 822 3812 viam,
863 3742 1254 3816 quadraginta
1283 3745 1422 3797 sunt
1449 3741 1599 3812 capti
1627 3758 1640 3808 ;
1673 3756 1819 3810 quos
1851 3756 2008 3794 nunc

358 3835 720 3907 Nicephorus
753 3833 825 3889 de
853 3832 1120 3888 custodia
1143 3831 1403 3897 eductos,
1445 3827 2007 3902 pretiosissimisqne

357 3921 618 3980 vestibus
647 3923 1189 3992 ornatos,patronos
1219 3916 1328 3974 sibi
1344 3916 1746 3972 etdefensores
1762 3914 2005 3987 paravit,

359 4027 562 4069 secum
614 4010 674 4064 in
721 4006 990 4081 Assyrios
1023 4007 1261 4063 ducens.
1293 4005 1510 4060 Verum
1549 4003 1742 4077 qualis
1776 4003 1849 4059 sit
1879 4005 2006 4074 ejus

358 4099 669 4167 exercitus,
695 4097 832 4154 hinc
860 4095 1104 4168 potestis
1134 4093 1420 4164 conicere,
1453 4093 1732 4165 quoniam
1765 4091 1866 4163 qui
1899 4109 2007 4149 cae-

359 4188 502 4246 teris
523 4191 824 4262 praestant,
851 4183 1278 4241 Veneticiisunt
1307 4186 1363 4238 et
1390 4180 1786 4253 Amalphitani
1809 4182 1895 4234 ⁵³³.

430 4279 517 4333 46.
552 4277 716 4333 Nunc
765 4274 858 4331 his
906 4272 1164 4340 omissis,
1209 4271 1351 4344 quid
1386 4269 1530 4325 mihi
1561 4268 1841 4325 acciderit
1883 4268 2006 4325 ani-

361 4365 726 4422 madvertite.
762 4365 932 4420 Sexto
960 4361 1252 4417 Kalendas
1282 4357 1532 4431 Augusti
1564 4359 1694 4428 (Jul.
1728 4359 1820 4429 27)
1848 4364 2011 4414 extra

356 4452 923 4525 ConstantinOpolim
955 4451 1014 4506 in
1042 4449 1283 4506 Umbria
1313 4465 1347 4503 a
1375 4446 2008 4519 Nicephorolicentiam

359 4543 557 4615 accepi
587 4543 660 4602 ad
691 4558 792 4596 vos
823 4539 1126 4600 redeundi.
1154 4539 1419 4608 Cumque
1441 4535 2008 4610 ConstantinOpolim

2117 3391 2421 3460 peccatum
2453 3386 2598 3441 illud
2630 3392 2862 3459 portare
2893 3387 3166 3461 potuerit,
3197 3404 3302 3444 cur
3331 3389 3543 3446 fretum
3563 3388 3772 3461 debil-

2117 3493 2254 3532 cens
2286 3475 2480 3532 navim
2514 3491 2629 3531 non
2661 3475 3050 3533 absorbuerit.
3085 3499 3113 3527 ‹‹
3175 3479 3616 3549 Imperatorem,
3679 3477 3773 3536 in-

2119 3563 2350 3637 quiunt,
2383 3563 2772 3621 universalem
2806 3564 3228 3632 Romanorum,
3263 3569 3604 3638 augustum,
3641 3583 3774 3624 ma-

2116 3669 2325 3725 gnum,
2354 3651 2549 3708 solum
2609 3652 3000 3724 Nicephorum
3051 3653 3358 3725 scripsisse
3413 3654 3771 3724 ercorum,

2115 3742 2421 3797 hominem
2451 3741 2750 3813 quendam
2779 3741 3118 3810 barbarum,
3153 3758 3472 3814 pauperem
3495 3742 3644 3816 (182)
3671 3743 3777 3798 Ro-

2117 3847 2450 3896 manorum,
2484 3847 2599 3886 non
2633 3829 2854 3902 piguit!
2889 3830 2933 3887 Ο
2956 3829 3201 3886 coelum!
3235 3848 3267 3885 o
3299 3829 3491 3888 terra!
3519 3848 3551 3887 o
3576 3831 3770 3888 mare!

2117 3920 2230 3975 Sed
2262 3919 2425 3991 quid,
2457 3918 2760 3990 inquiunt,
2794 3918 3079 3975 faciemus
3105 3918 3447 3988 hominibus
3477 3919 3611 3976 istis
3649 3935 3774 3980 sce-

2116 4007 2338 4074 leratis,
2371 4008 2706 4063 criminosis
2728 4008 2756 4062 ‘1
2785 4008 3078 4080 Pauperes
3133 4013 3292 4076 sunt,
3327 4012 3384 4064 et
3411 4008 3460 4064 si
3493 4024 3593 4064 eos
3623 4007 3773 4070 oeci-

2117 4097 2337 4163 dimus,
2353 4113 2567 4152 manus
2590 4100 2820 4152 nostras
2838 4095 3124 4168 sanguine
3140 4096 3240 4151 vili
3257 4096 3611 4172 polluimus;
3633 4114 3775 4170 pan-

2119 4185 2246 4240 nosi
2278 4189 2436 4252 sunt,
2472 4184 2621 4242 servi
2654 4189 2811 4252 sunt,
2839 4185 3044 4242 rustici
3089 4189 3266 4254 sunt;
3300 4184 3351 4243 si
3379 4203 3483 4242 eos
3514 4185 3773 4260 ﬂagella-

2118 4291 2273 4340 mus,
2309 4290 2424 4330 non
2478 4273 2660 4346 ipsos,
2717 4274 2819 4330 sed
2864 4291 2970 4330 nos
3021 4273 3462 4340 dedecoramus,
3513 4273 3611 4346 qui
3667 4291 3774 4330 nec

2120 4363 2386 4419 Romana
2415 4363 2640 4418 scutica
2655 4363 2957 4429 deaurata,
2983 4379 3086 4418 nec
3107 4363 3452 4435 hujusmodi
3471 4366 3617 4436 sunt
3641 4378 3773 4418 cru-

2118 4450 2285 4506 cibus
2302 4449 2486 4521 digni.
2508 4450 2552 4507 0
2572 4450 2799 4506 utinam
2817 4449 2965 4507 alter
2984 4451 3318 4524 episcopus,
3344 4451 3491 4508 alter
3509 4450 3774 4508 marchio

2119 4538 2300 4596 esset!
2326 4539 2508 4602 culais
2530 4539 2687 4596 enim
2711 4538 2849 4621 suti,
2867 4543 3000 4612 post
3020 4539 3262 4596 acerbos
3278 4538 3575 4612 virgarum
3597 4539 3773 4608 ictus,

359 4632 641 4699 venirem,
694 4628 1148 4701 Christophorus
1195 4625 1478 4700 patricius
1525 4625 1854 4694 eunuchus,
1909 4626 2008 4697 qui
2036 4642 2089 4711 Β
2120 4633 2252 4701 post
2281 4628 2475 4684 barbas
2506 4643 2608 4683 seu
2635 4626 2984 4699 capillorum
3019 4627 3488 4696 distractionem,
3521 4627 3578 4682 in
3611 4643 3780 4692 mare

359 4716 670 4790 Nicephori
719 4717 906 4772 vicem
952 4716 1155 4776 eodem
1188 4715 1355 4788 gerit,
1389 4713 1533 4768 mihi
1567 4713 1866 4770 mandavit
1892 4731 2009 4770 non

362 4823 535 4881 posse
567 4822 659 4863 me
689 4809 828 4862 tunc
859 4805 1146 4873 recedere,
1181 4803 1320 4875 quia
1365 4801 1639 4858 Saraceni
1671 4806 1810 4859 tunc
1843 4820 2010 4859 occu-

363 4899 650 4970 paverunt
706 4909 866 4951 mare
915 4898 971 4949 et
1018 4890 1258 4965 Ungarii
1285 4893 1504 4946 terram
1539 4915 1553 4958 ;
1585 4891 2009 4963 expectandum

363 4984 510 5041 mihi
558 5000 689 5042 esse
727 4983 910 5040 donec
962 4981 1072 5053 ipsi
1101 4979 1484 5036 discederent.
1526 4979 1638 5034 Sed
1669 4984 2010 5052 utrumque,

364 5072 512 5147 proh
564 5070 764 5130 dolor!
815 5069 929 5127 fuit
974 5068 1369 5125 mendacium.
1401 5066 1564 5122 Tunc
1595 5068 1845 5140 appositi
1875 5075 2017 5125 sunt

363 5162 659 5231 custodes,
693 5159 794 5232 qui
825 5157 972 5214 mihi
1001 5161 1060 5214 et
1091 5155 1237 5212 meis
1267 5155 1486 5210 adomo
1501 5171 1634 5210 mea
1653 5156 1872 5212 exitum
1891 5174 2017 5230 pro-

2121 4719 2617 4790 demergerentur.
2652 4717 2763 4772 Sed
2799 4720 3123 4785 serventur,
3158 4716 3455 4788 inquiunt,
3479 4719 3537 4772 et
3558 4731 3780 4789 quous-

2120 4823 2232 4878 que
2245 4805 2660 4862 sanctissimus
2675 4804 2994 4878 imperator
3007 4805 3406 4862 Romanorum
3417 4803 3785 4880 Nicephorus

2122 4896 2244 4952 haec
2277 4895 2555 4951 resciscat
2586 4891 2762 4961 mala,
2796 4893 2957 4966 gravi
2989 4894 3260 4950 custodia
3290 4896 3680 4952 macerentur.
3715 4915 3748 4943 υ

2193 4983 2280 5037 48.
2315 4982 2467 5038 Dum
2503 4981 2624 5037 haec
2653 4981 3057 5053 resciscerem,
3091 4982 3289 5040 felices
3320 4998 3440 5052 eos,
3499 4981 3784 5054 quoniam

2124 5087 2436 5145 pauperes,
2467 5087 2561 5128 me
2620 5069 2934 5142 infelicem,
2990 5071 3132 5144 quia
3187 5071 3452 5138 divitem,
3487 5069 3786 5150 judicavi.

2125 5161 2272 5226 Cum
2299 5159 2457 5218 domi
2480 5175 2694 5226 essem,
2714 5175 2846 5216 mea
2871 5176 2963 5217 me
2984 5159 3253 5218 voluntas
3277 5175 3599 5233 pauperem
3620 5175 3790 5218 excu-

1754 5306 1993 5365 VARIIE
2032 5310 2446 5369 L'ECTIONES.

437 5408 508 5448 ⁸³³
538 5403 948 5479 amalphitiani
981 5402 1038 5458 C.
1114 5403 1182 5438 ⁵³⁸
1211 5397 1439 5459 domini
1473 5399 1536 5472 σε

1979 5508 2213 5567 NOT/E.

468 5602 762 5675 πεῖν-Ἕω
798 5597 925 5675 Δῖον
959 5614 1038 5675 ξίν
1073 5599 1198 5675 338ο

468 5609 762 5675 ΙΘΟΙ-Ἦιιε.
798 5609 925 5666 ﬂsn,
959 5614 1038 5666 x1,
1073 5609 1198 5658 338.

431 5609 585 5745 $181)
617 5673 698 5731 Cf.
731 5669 1127 5742 Antapodosis
1149 5677 1310 5744 Vm.

2216 5609 2366 5680 (182)
2398 5608 2458 5666 Id
2490 5609 2580 5665 est
2601 5607 2896 5668 Ottonem.
