3962 6434
248 414 402 491 107!

1370 415 1772 477 APPENDIX
1815 414 1918 479 AD
1963 412 2558 507 LIUTPRANDUM.

3514 409 3674 499 4072

251 547 530 606 hentibus
560 564 662 605 sex
691 549 1133 609 candidissimis
1163 548 1351 620 equis,
1378 550 1563 605 serico
1586 565 1845 620 auroque
1865 552 2146 603 venustus
2168 547 2265 618 [aL
2289 545 2583 617 vestitus],
2605 565 2640 602 a
2661 544 2966 603 Saracenis
2986 542 3183 617 praelio
3221 543 3410 627 victus
3430 546 3522 601 est
3540 549 3678 618 post

252 640 382 694 octo
403 634 695 713 diesmost
706 636 899 695 varios
928 636 1327 712 ancipitesgue
1357 636 1647 696 bellorum
1669 653 1842 694 casus
1867 654 1881 705 ;
1913 639 1972 692 et
1986 651 2056 691 ex
2076 651 2143 692 eo
2170 640 2430 709 tempore
2451 635 2735 708 paulatim
2757 636 3045 693 venerunt
3062 630 3355 708 Hispaniae
3370 632 3433 693 in
3452 649 3672 693 manus

252 725 516 783 Arabum
546 722 809 784 victoriis
838 725 1249 784 insultantium
1282 730 1340 783 et
1368 726 1791 800 grassantium.

249 885 267 893 _
329 814 450 874 193.
481 820 550 873 In
580 815 840 884 Betonia,
872 816 1086 891 oppido
1115 816 1468 887 Sarandulae,
1502 816 1574 872 ad
1605 821 1865 872 montem
1898 813 2238 888 quemdam,
2270 812 2370 870 ubi
2403 830 2437 870 a
2464 812 2679 887 primis
2702 812 3047 874 Christianis
3074 810 3375 885 religionis
3403 811 3462 868 in
3491 828 3677 869 cuna-

253 902 412 960 bulis
442 907 844 961 constructum
875 904 1001 961 erat
1030 903 1321 978 templum
1351 909 1406 961 S.
1439 905 1749 961 Salvatoris
1779 903 2253 969 celeberrimum,
2286 902 2457 959 multi
2488 920 2557 960 ex
2585 902 2762 960 variis
2792 899 3059 976 partibus
3106 899 3457 973 confugiunt
3483 901 3676 975 ponti-

254 992 395 1049 ﬁces
423 1010 437 1062 ;
470 993 572 1065 qui
604 993 803 1066 plebes
833 1010 899 1052 eo
930 994 1336 1067 confugientes
1366 994 1673 1062 docebant,
1706 998 1763 1050 et
1795 996 2297 1049 sacramentorum
2347 991 2559 1048 eduliis
2590 991 2930 1049 nutriebant
2955 1009 2969 1059 ;
3000 993 3058 1046 et
3086 1007 3121 1045 a
3150 988 3373 1046 Mauris
3428 990 3680 1064 obsessi,

255 1080 399 1136 dum
430 1079 621 1137 sacris
643 1084 1050 1153 operarentur,
1082 1085 1312 1138 servata
1337 1081 1399 1138 in
1431 1086 1607 1155 puteo
1639 1081 1927 1154 profundo
1957 1079 2332 1137 sanctissima
2359 1077 2735 1148 eucharistia,
2761 1093 2967 1135 omnes
2997 1076 3198 1145 necati,
3217 1080 3376 1134 sunt.
3407 1078 3589 1136 Erant
3608 1096 3680 1136 ex

254 1168 330 1226 iis
358 1168 715 1241 Cauriensis,
746 1170 1103 1240 Elborensis,
1140 1170 1536 1242 Civitatensis,
1566 1158 2074 1237 Salmanticensis,
2108 1166 2493 1237 Lamicensis,
2522 1172 2582 1225 et
2606 1183 2721 1224 non
2765 1165 2939 1241 pauci
2986 1165 3320 1224 sacerdotes
3350 1170 3408 1223 et
3445 1165 3678 1225 diaconi

256 1259 639 1316 sanctissimi.

617 1348 897 1406 DCCLIII.

3060 1344 3312 1401 DCCXV.

331 1437 452 1494 194.
484 1440 607 1494 Hoc
635 1455 789 1494 anno
818 1438 960 1511 imp.
996 1436 1681 1510 Constantinopolitanus
1710 1435 2057 1493 Anastasius
2088 1438 2348 1502 coactus,
2379 1433 2626 1509 imperio
2656 1451 2720 1492 se
2750 1432 3040 1490 abdicavit
3066 1449 3165 1494 xxv
3197 1433 3316 1491 Kal.
3350 1434 3678 1508 Septembr.

330 1526 451 1581 195.
485 1529 593 1582 Per
623 1526 744 1583 haec
774 1532 1041 1600 tempora
1068 1528 1128 1583 S.
1165 1527 1431 1601 Babylas,
1465 1527 1775 1601 episcopus
1804 1525 2132 1582 Virinensis
2162 1528 2220 1580 et
2250 1524 2719 1598 Pampilonensis
2755 1523 3094 1596 (utrobique
3125 1523 3283 1580 enim
3323 1524 3683 1596 praedicavit)

257 1614 455 1671 animo
483 1613 714 1670 videndi
747 1598 1008 1688 captivos
1038 1618 1094 1670 et
1124 1598 1371 1671 miseros
1400 1598 1762 1682 Musarabes,
1795 1614 2062 1670 Toletum
2095 1613 2250 1668 vedit
2274 1631 2287 1681 ;
2314 1614 2378 1669 'et
2404 1613 2542 1670 inde
2573 1614 2646 1670 ad
2676 1614 2936 1670 Odonem
2964 1612 3250 1686 Oppidum
3276 1629 3289 1680 ;
3323 1618 3381 1668 et
3409 1629 3590 1687 prope
3620 1614 3681 1670 in

258 1702 646 1760 eremiteriolo
676 1719 891 1776 pueros
921 1704 1091 1760 docet
1145 1703 1367 1776 primas
1397 1702 1661 1771 litteras;
1694 1705 1751 1759 et
1779 1702 1937 1759 venit
1968 1720 2101 1760 cum
2137 1720 2269 1759 cum
2330 1703 2561 1761 duobus
2593 1702 2900 1772 fratribus,
2961 1702 3063 1775 qui
3094 1702 3245 1758 fiunt
3298 1694 3594 1772 eremitte;
3627 1708 3687 1761 et

258 1792 464 1865 postea
493 1808 699 1849 omnes
730 1791 1077 1866 martyrium
1108 1791 1435 1866 patiuntur.

684 1881 970 1939 DCCLlV.

2971 1880 3252 1939 DCCXVI.

331 1971 454 2029 196.
485 1969 604 2028 Hoc
635 1986 790 2027 anno
824 1970 1086 2028 tuccedit
1116 1972 1175 2028 in
1208 1975 1581 2029 sacrosancta
1612 1971 1763 2028 Petri
1792 1969 2075 2045 principis
2106 1971 2505 2045 apostolorum
2539 1971 2675 2028 sede
2731 1970 3116 2028 Constantino
3146 1985 3311 2044 papas
3365 1969 3685 2044 Gregorius

256 2061 440 2133 hujus
469 2058 725 2117 nominis
755 2060 1072 2117 secundus.

256 2149 385 2229 197.
417 2149 636 2207 Eodem
668 2165 820 2206 anno
851 2149 1112 2222 synodus
1144 2149 1406 2207 Romana
1436 2150 1547 2207 sub
1579 2150 1855 2223 Gregorio
1885 2166 2039 2224 papa
2068 2149 2344 2208 secundo.

592 2237 597 2241 ’
690 2237 944 2295 DCCLV.

2982 2235 3289 2293 DCCXVII.

331 2301 460 2385 198.
493 2326 612 2384 Hoc
641 2342 794 2383 anno
824 2325 1120 2403 Julianus,
1153 2333 1537 2399 cognomento
1572 2328 1862 2397 Urbanus,
1897 2342 2032 2383 cum
2065 2326 2325 2399 principe
2356 2323 2605 2396 Pelagio,
2640 2322 2892 2395 aliisque
2921 2323 3173 2379 ducibus
3230 2324 3543 2396 palatanis,
3570 2328 3688 2384 Το-

262 2417 378 2476 leto
407 2416 766 2483 inAsturias
795 2420 1107 2490 asportant
1136 2430 1332 2472 arcam
1392 2422 1733 2473 sanctarum
1767 2416 2172 2488 reliquiarum,
2205 2417 2261 2468 et
2290 2426 2532 2485 corpora
2559 2410 2661 2466 SS.
2720 2409 2962 2478 Juliani,
2994 2415 3052 2467 et
3098 2412 3407 2484 Compluto
3437 2416 3684 2485 Asturii,

265 2508 653 2579 cognomento
684 2505 942 2574 Serrani,
975 2505 1484 2561 sanctissimorum
1517 2504 1657 2561 olim
1690 2506 2097 2576 episcoporum
2152 2500 2587 2568 Toletanorum,
2621 2502 2947 2557 metuentes
2979 2515 3051 2555 ne
3109 2505 3281 2573 capta
3309 2502 3407 2573 [1d,
3439 2505 3691 2577 captivi-

266 2594 409 2666 tate]
441 2592 671 2651 civitate
704 2609 806 2666 per
832 2594 1153 2650 Saracenos
1186 2593 1319 2651 illas
1350 2594 1732 2649 irreverenter
1760 2598 1817 2650 et
1844 2591 2023 2664 impie
2053 2594 2390 2646 tractarent.
2498 2614 2509 2621 -

1285 2753 1347 2808 P.
1391 2751 1729 2808 HIGUER/E
1768 2750 1858 2806 ET
1896 2750 1965 2807 D.
2008 2747 2392 2805 LAURENTII
2431 2746 2663 2804 NOTfE.

263 2892 835 2976 fonsiVIconstabit.
855 2892 1146 2962 Secundo,
1166 2892 1324 3018 quod
1346 2890 1641 2948 subillum
1661 2891 1918 2974 primum
1947 2892 2005 2960 Α
2032 2888 2335 2970 Julianum
2452 2888 2743 2970 Chronico
2770 2903 2934 2943 num.
2966 2889 3094 2958 377,
3128 2905 3260 2971 pag.
3293 2891 3386 2958 87,
3416 2890 3517 2962 qui
3550 2907 3688 2964 gra-

264 2980 599 3018 mgressum
630 2964 864 3018 fugerit.
898 2965 1065 3018 docet
1088 2964 1170 3018 Ro
1216 2979 1444 3018 ericus:
1469 2970 1704 3018 narrato
1729 2980 1919 3018 primo
2031 2960 2203 3018 nhlce
2234 2961 2515 3016 describit
2544 2975 2762 3018 omnia.
2787 2964 2845 3014 et
2864 2964 3034 3014 antea
3055 2966 3371 3018 scripserat
3392 2979 3553 3018 num.
3576 2965 3688 3018 369

1216 2962 1444 3029 ericus;
1469 2962 1704 3019 narrato
1729 2963 1919 3029 primo

268 3034 369 3091 illo
398 3035 668 3107 ingressu
702 3034 1150 3107 Saracenorum,
1208 3034 1412 3107 subdit
1442 3050 1455 3089 :
1492 3057 1544 3107 «_
1579 3034 1680 3091 His
1711 3034 1920 3107 diebus

266 3104 656 3179 Syndefedus,
687 3104 759 3159 de
790 3120 917 3179 quo
938 3104 1215 3179 diaimus,
1241 3105 1405 3160 urbis
1429 3104 1598 3177 regis:
1629 3105 1839 3179 praesul
1864 3112 1922 3162 et

268 3176 514 3260 primas,
530 3176 861 3260 adventum
890 3176 1149 3260 Arabum
1184 3176 1919 3260 exp-avescensnét‘Witizaa

267 3245 599 3320 insolentiis
630 3248 887 3319 fugatus,
913 3245 1187 3320 Romanae
1210 3245 1408 3320 patria:
1432 3264 1558 3303 sese
1579 3248 1761 3320 dedit,
1785 3264 1919 3320 oves

269 3316 566 3391 deserens,
602 3324 667 3372 ut
695 3316 1111 3391 mercenarius,
1146 3316 1262 3373 non
1294 3322 1359 3372 ut
1387 3325 1622 3390 pastor;
1667 3318 1919 3391 ingressi

269 3388 409 3471 sunt
438 3389 673 3471 iterum,
697 3393 879 3471 .n'etc.
929 3388 1143 3471 Tertio,
1179 3395 1243 3443 ut
1290 3388 1517 3471 constat
1548 3406 1637 3471 ex.
1666 3388 1794 3471 cap.
1809 3393 1918 3471 “i9,

270 3461 373 3518 lib.
406 3477 467 3516 ιιι
499 3458 788 3516 Roderici.
824 3460 947 3523 Quo
978 3459 1071 3514 die
1103 3475 1372 3532 mensave
1400 3460 1589 3532 victus
1612 3458 1785 3516 fuerit
1808 3462 1917 3517 Ro-

269 3533 523 3598 dericus,
558 3535 824 3586 auctores
856 3546 970 3585 non
1001 3531 1240 3586 omnino
1261 3531 1653 3587 consentiunt.
1680 3533 1918 3588 Roderi-

269 3620 374 3659 cus
404 3598 499 3658 die
527 3602 846 3667 Dominica,
879 3616 915 3656 ν
958 3601 1094 3656 ldus
1153 3602 1374 3658 mensis
1403 3603 1577 3659 Xabel
1635 3605 1916 3670 Arabum,

268 3675 474 3800 begin
491 3674 562 3729 93
584 3679 709 3746 (pro
728 3674 819 3757 96)
842 3688 995 3754 anno
1023 3673 1439 3755 7At{i,.Garivay,
1465 3675 1495 3727 4
1519 3675 1882 3757 Septembris
1903 3693 1915 3741 ;

272 3763 333 3800 se
405 3761 605 3800 revera
659 3745 770 3799 fuit
799 3745 894 3800 die
954 3744 1272 3800 Dominica.
1309 3746 1365 3799 H
1432 3745 1794 3800 Novembris.
1827 3747 1915 3800 die

272 3744 374 3801 sed
405 3744 623 3803 revera'
659 3744 770 3799 fuit
799 3744 894 3800 die
954 3744 1272 3809 Dominica,
1309 3746 1365 3799 Η
1394 3744 1403 3745 ί
1432 3744 1794 3808 Novembris,
1827 3747 1920 3802 die

264 2966 599 3047 ingressum
630 2963 864 3047 fugerit,
898 2965 1065 3045 docet
1088 2964 1170 3019 Ro

270 3819 328 3889 S.
365 3816 611 3889 Martini
631 3814 1011 3889 pontiﬁciset
1039 3816 1411 3889 confessoris,
1439 3815 1640 3889 hegira
1660 3818 1919 3889 Arabum

269 3888 341 3942 96
372 3888 473 3958 qui
533 3886 651 3941 fluit
679 3902 851 3958 anno
880 3886 1006 3958 714.
1033 3957 1039 3958 γ
1067 3888 1252 3958 Cmpit
1310 3886 1600 3958 hocuanho
1655 3888 1854 3952 Xabel,
1887 3889 1922 3943 3

267 3956 577 4014 Novembr.
610 3956 719 4011 fuit
762 3972 916 4012 anno
945 3956 1051 4010 714
1108 3956 1486 4012 Deminicalis
1542 3959 1737 4014 littera
1765 3959 1830 4026 G,
1865 3964 1923 4014 et

269 4029 354 4085 sic
393 4027 518 4084 dies
546 4026 848 4083 Dominica
878 4027 938 4082 11
974 4026 1336 4083 Novembris.
1370 4028 1430 4082 P.
1459 4028 1525 4083 Η.

306 4098 469 4154 »11]5.
526 4101 637 4154 Per
664 4099 782 4170 hac
836 4101 1079 4169 tempora
1109 4098 1164 4152 S.
1242 4100 1495 4170 Babylas.
1531 4099 1688 4154 Idem
1748 4101 1924 4155 refert

267 4170 536 4243 Julianus
567 4169 626 4224 in
658 4169 1138 4243 Cbronicopum.
1174 4170 1297 4243 413,
1331 4169 1602 4243 quamvis
1632 4170 1922 4243 discrepet

268 4242 326 4296 in
346 4247 639 4334 tempore;
671 4242 871 4334 Exstat
899 4239 1093 4334 Ed‘buc
1122 4239 1609 4334 eremiteriqllum.
1624 4243 1788 4334 quo‘d
1820 4239 1917 4323 ap-
1949 4269 1997 4334 B

267 4311 519 4383 pellatur
549 4334 578 4363 «
599 4313 670 4368 de
691 4329 795 4367 san
815 4311 1079 4384 Babyles,
1107 4333 1135 4360 »
1159 4313 1349 4368 tribus
1371 4330 1405 4384 a
1426 4311 1713 4384 Madridio
1735 4311 1918 4368 leucis

268 4382 517 4452 distans,
547 4384 703 4439 etab
735 4382 953 4455 oppido
1001 4382 1199 4455 Odone
1255 4382 1500 4455 dimidio
1531 4382 1789 4449 milliari,
1823 4384 1918 4439 cui

267 4456 327 4511 S.
361 4455 612 4537 Babylas
640 4452 789 4537 forte
816 4452 1040 4537 laomen
1060 4454 1247 4537 'dedit.
1281 4452 1607 4537 "Recolitur
1635 4455 1763 4537 ejus
1794 4471 1916 4537 me-

267 4527 454 4582 moria
484 4524 543 4581 in
574 4526 773 4583 Odone
802 4525 896 4581 die
924 4526 993 4578 24
1050 4524 1315 4580 Januarii
1349 4542 1362 4590 ;
1394 4529 1452 4579 et
1481 4541 1515 4580 a
1558 4525 1915 4595 quibusdam

268 4598 552 4653 asseritur
582 4597 663 4651 ibi
695 4596 911 4652 servari
942 4601 1001 4650 et
1029 4595 1250 4666 suspici
1281 4612 1459 4666 corpu
1492 4596 1640 4665 ejus.
1675 4600 1739 4650 υ.
1771 4596 1831 4650 L.

268 4667 374 4723 498
426 4670 577 4723 Sunt
605 4668 703 4739 qui
736 4673 943 4739 putent
974 4665 1272 4739 Urbanum
1306 4665 1529 4720 dictum
1560 4681 1687 4739 esse
1731 4666 1913 4739 Julia-

265 4755 430 4806 nnm,
463 4744 521 4794 et
539 4735 839 4807 Julianum
872 4754 1006 4793 cum
1032 4736 1259 4807 Pelagio
1282 4742 1545 4807 portasse
1564 4735 1765 4791 Toleto
1790 4736 1917 4791 reli-

266 4809 436 4880 quias
467 4826 611 4865 arcae
643 4815 891 4875 sanctae;
927 4813 1126 4862 noster
1153 4811 1556 4880 auctorputat
1577 4823 1700 4880 non
1731 4808 1914 4864 fuisse

260 4876 587 4940 Iulianum.
620 4882 720 4936 sed
758 4880 1077 4945 Urbanum,
1107 4878 1245 4948 quia
1263 4876 1537 4948 Julianus
1558 4877 1760 4934 doctor
1781 4896 1913 4933 san-

265 4955 414 5024 ctus,
436 4952 909 5024 archiepiscopus
924 4947 1462 5024 Tolet_ahusp1v,luit
1483 4954 1615 5002 ante
1636 4951 1915 5024 Syndere-

264 5018 495 5093 ρωπλά
528 5018 657 5078 vere
687 5018 965 5093 quidem;
998 5018 1096 5093 sed
1130 5022 1325 5073 noster
1348 5018 1743 5093 Liutprandus
1773 5021 1915 5093 dicit

261 5091 562 5148 Urbanum
594 5087 777 5147 fuisse
812 5087 1212 5155 binominem;
1247 5094 1304 5143 et
1344 5090 1426 5144 ita
1457 5087 1571 5145 non
1611 5096 1702 5145 est
1732 5092 1909 5159 idem,

261 5162 365 5235 qui
391 5162 450 5217 S.
468 5162 742 5235 Julianus
761 5158 1236 5235 archiepiscopus
1253 5159 1567 5235 'Poletanus
1588 5179 1600 5229 ;
1619 5162 1720 5235 sed
1742 5158 1913 5235 longe

2031 2960 2203 3032 pbice
2234 2960 2515 3033 describit
2544 2959 2762 3033 omnia,
2787 2964 2845 3014 et
2864 2964 3034 3033 antea
3055 2959 3371 3033 scripserat
3392 2959 3689 3019 numf369

2029 3030 2085 3086 et
2114 3033 2239 3087 371.
2264 3032 2564 3087 Adducam
2589 3030 2814 3086 celebre
2838 3030 3241 3087 testimonium
3264 3049 3333 3088 ex
3353 3036 3687 3091 manuscri-

2030 3108 2127 3175 pto
2141 3102 2555 3174 antiquissimo
2568 3101 3520 3175 codicemembranaceo,Gothicis
3533 3105 3688 3162 litte-

2030 3172 2112 3246 ris
2141 3172 2399 3246 exarato,
2433 3190 2607 3246 quem
2641 3172 3273 3246 mibi_eommunicavit
3313 3173 3686 3246 clarissimus

2030 3243 2529 3318 doctissimnsque
2556 3245 2645 3299 vir
2673 3244 2740 3299 D.
2782 3243 2933 3318 Don_
2965 3244 3314 3318 Franciscus
3370 3246 3442 3301 de
3471 3245 3681 3318 Eraso,

2029 3332 2225 3372 comes
2256 3317 2328 3371 de
2359 3313 2674 3380 Humanes,
2707 3314 2808 3386 qui
2841 3313 3204 3386 nobilitatem
3235 3332 3370 3372 cum
3402 3313 3682 3374 scientia;

2028 3404 2161 3442 rum
2193 3387 2525 3459 cognitione
2548 3385 3511 3459 morumque_suavitateapprime
3540 3406 3680 3446 con-

2021 3461 2044 3529 j
2055 3455 2878 3530 unxitpotentissimonostro
2888 3455 3034 3530 Phili
3043 3474 3157 3529 ppo
3170 3461 3185 3510 l
3200 3458 3243 3511 V
3259 3455 3679 3530 Hispaniarum

2030 3526 2150 3601 regi
2181 3526 2464 3585 catholico
2486 3570 2510 3601 ί,
2527 3528 2705 3601 pacis
2726 3526 2982 3601 bellique
2998 3526 3061 3601 in
3080 3526 3356 3601 supremo
3370 3526 3681 3589 ludiarum

2029 3598 2234 3655 senatu
2253 3617 2288 3655 a
2304 3598 2659 3661 Consiliis,et
2675 3598 3038 3654 serenissimi
3060 3598 3407 3655 Ferdinandi
3434 3601 3681 3661 Infantis

2029 3688 2093 3745 ea
2102 3670 2344 3745 rdinaljs
2356 3669 3099 3745 cubiculariu§,equi_tiique
3112 3670 3337 3745 primus
3349 3672 3679 3745 praefectus.

2028 3741 2220 3797 Verba
2249 3742 2323 3797 M.
2344 3742 2417 3815 _S.
2442 3750 2624 3815 sunt:
2659 3764 2685 3790 ‹‹
2718 3741 2882 3795 Tunc
2904 3741 3173 3812 Pelagius
3196 3741 3407 3807 Fatilaa,
3432 3744 3534 3815 qui
3553 3749 3681 3802 erat

2031 3829 2100 3885 ex
2130 3818 2300 3885 gente
2328 3813 2676 3885 Gothorum,
2708 3815 2947 3885 accepta
2976 3829 3111 3868 arca
3154 3830 3290 3885 cum
3338 3813 3681 3872 sanctorum

2070 3883 2396 3956 ignorihus,
2420 3884 2637 3956 quibus
2676 3900 2833 3956 nunc
2849 3883 3091 3939 Ovetum
3115 3883 3433 3956 gloriatur;
3468 3892 3679 3943 etcum

2070 3901 2396 3954 ignonnus,
2420 3901 2637 3956 qullS
2676 3901 2833 3939 nunc
2849 3901 3091 3939 uvetum
3115 3901 3433 3956 gloriatur;
3468 3901 3524 3941 et
3542 3904 3679 3943 cum

2029 3901 2266 4012 Ruliano
2283 3956 2558 4011 Toletano
2581 3954 3041 4027 archiepiscopo,
3066 3962 3121 4010 et
3142 3972 3285 4010 cum
3298 3956 3502 4012 multis
3521 3957 3685 4014 Chri-

2032 4026 2239 4083 stianis
2253 4027 2616 4082 intraverunt
2629 4025 2917 4097 Asturias,
2949 4025 3078 4097 quae
3090 4032 3259 4082 erant
3278 4028 3499 4083 vallata:
3513 4045 3682 4086 mon-

2032 4097 2215 4164 tibus,
2247 4102 2304 4153 et
2334 4096 2775 4155 inhabitabiles.
2804 4119 2832 4146 »
2864 4096 3096 4153 Dixerat
3142 4099 3522 4156 Sebastianus
3552 4099 3679 4157 loco

2031 4185 2212 4244 supra
2240 4168 2415 4223 citato
2447 4168 2656 4244 iisdem
2688 4167 3057 4244 fere_verbis:
3091 4191 3120 4219 ‹‹
3153 4169 3337 4244 Cujus
3357 4171 3679 4244 taremprma

2032 4239 2229 4311 sentia
2241 4238 2703 4311 nuncgloriatur
2721 4239 2899 4293 Sedes
2920 4238 3611 4299 Ovetensis'sublimitﬁs.
3646 4265 3677 4294 ω

2031 4311 2179 4385 Lege
2209 4310 2525 4385 Barpnium
2558 4310 2631 4364 ad
2663 4326 2812 4385 ann._
2831 4310 2930 4363 791
2994 4314 3137 4385 ιοηέ
3170 4311 3318 4385 Vill,
3371 4330 3503 4385 pag.
3537 4314 3675 4385 itit;

2069 4380 2194 4452 rius
2224 4381 2686 4452 D.Ludov.eumg
2723 4380 3063 4452 episcopum
3093 4381 3257 4452 Tuci,
3290 4382 3351 4439 in
3371 4380 3387 4385 ’
3406 4380 3673 4441 Chronic.

2069 4398 2194 4435 rius
2224 4398 2285 4435 υ.
2320 4398 2674 4435 nunovcum
2723 4398 2753 4435 e
2802 4398 3063 4452 iscopum
3095 4398 3127 4437 τι
3144 4401 3257 4452 υοι,
3290 4400 3351 4439 in
3406 4398 3673 4441 unromc.

2025 4398 2189 4522 flisp.
2217 4469 2230 4527 ξ
2267 4450 2624 4527 Ildefonsum
2655 4450 2727 4506 de
2750 4398 3677 4527 CarthagenaBurgens.episco~

1996 4530 2001 4533 '
2026 4539 2190 4594 pum,
2214 4522 2273 4576 in
2295 4523 2764 4594 Anacepbalzeosi
2787 4522 3029 4594 Hispan.
3056 4542 3069 4589 ;
3094 4522 3393 4581 Vassaium
3416 4522 3677 4582 in'Cbro-

2026 4592 2172 4647 nicis
2203 4610 2341 4647 ann.
2372 4592 2520 4659 791’;
2554 4593 2797 4648 Lucium
2830 4592 3034 4651 Marin.
3068 4596 3327 4652 Siculum
3356 4596 3458 4651 lib.
3484 4615 3497 4652 ι
3521 4597 3673 4654 Hist.

2025 4663 2188 4741 Hisp.
2219 4680 2349 4741 cap.
2370 4665 2441 4741 de
2464 4665 2646 4741 sacris
2664 4665 2917 4741 aedibus;
2941 4664 3119 4741 etlib.
3144 4685 3179 4722 v
3201 4685 3328 4741 cap.
3356 4668 3676 4741 ubisaeras

2026 4735 2364 4810 ccclesiais.
2400 4735 2715 4810 salvatoris
2745 4735 3047 4792 Ovetensis
3078 4735 3339 4795 recenset
3367 4738 3673 4810 reliquias,

2023 4822 2151 4930 311m
2175 4807 2408 4877 quidem
2430 4808 2501 4887 ab
2521 4807 2630 4861 hac
2654 4808 3010 4889 deprompta:
3032 4825 3165 4891 arca
3186 4811 3376 4875 fuere;
3399 4807 3671 4868 Ambros.

2065 4894 2095 4930 Θ
2127 4876 2374 4930 Morales
2409 4878 2511 4930 lib.
2543 4895 2641 4930 xm
2674 4879 2821 4930 Hist.
2841 4879 3026 4930 HISD..
3056 4898 3111 4930 1n
3146 4880 3278 4930 Vita
3301 4881 3596 4930 Ildelfonsi
3621 4882 3671 4930 el

2065 4894 2095 4951 ς)
2127 4876 2374 4933 MOrales
2409 4878 2511 4933 lib.
2543 4895 2641 4932 xm
2674 4876 2821 4951 Hist.
2841 4876 3026 4951 Hisp.,
3056 4878 3111 4935 in
3146 4880 3279 4937 Vita
3300 4881 3599 4937 lldelfonsi
3621 4882 3674 4939 el

2022 4948 2216 5021 Casto,
2251 4950 2334 5003 sic
2365 4949 2709 5021 nuncupati,
2734 4965 2871 5021 cap.
2903 4948 3006 5016 38;
3038 4951 3416 5007 Aldefonsum
3448 4952 3673 5009 Venere

2023 5018 2096 5091 in;
2114 5023 2444 5091 temporum
2478 5018 2779 5076 Chronieis
2801 5018 2897 5076 fol.
2925 5022 2995 5075 44
3018 5022 3334 5088 ;Jacobum
3357 5022 3534 5079 Bleda
3557 5023 3673 5081 Do-

2022 5089 2386 5145 minieanum
2419 5091 2479 5146 in
2508 5091 2658 5146 libro
2690 5091 3106 5148 Miraculorum
3138 5094 3352 5158 crucis,
3386 5094 3672 5152 miraculo

2019 5162 2108 5235 (ii,
2142 5162 2243 5235 ubi
2264 5163 2344 5235 de
2375 5179 2545 5235 cruce
2577 5162 2648 5215 ab
2679 5162 2916 5235 Angelis
2942 5164 3254 5221 fabrefacta
3272 5164 3427 5221 circa
3447 5182 3672 5222 annum

260 5229 616 5304 aliumatque
643 5233 818 5304 etiam
835 5229 1179 5304 diversusa
1207 5229 1448 5304 Juliano
1476 5232 1632 5304 Luca,
1665 5229 1910 5291 diacono
2006 5233 2161 5304 «8867;
2196 5231 2505 5288 lldefonsis
2535 5250 2668 5288 vero
2699 5229 2800 5287 35.‘
2819 5234 2981 5290 Adde
3010 5235 3266 5292 dilucide
3314 5237 3669 5294 scribentem

259 5300 562 5367 Toletano,
593 5302 695 5373 qui
736 5300 970 5377 scripsit
1016 5300 1489 5377 vitam__regis_S.
1540 5303 1778 5377 Pelagii.
1829 5311 1910 5361 De

261 5379 463 5499 sanctzto
491 5372 941 5499 Serrzgoﬂplura
969 5388 1149 5443 super
1180 5373 1255 5428 M.
1283 5372 1604 5430 Maximum
1621 5372 1911 5433 Caisarau-

261 5460 370 5499 Rus
397 5461 599 5499 anum.
681 5486 694 5498 .
784 5486 795 5498 .

258 5449 599 5517 gustanum.
632 5445 694 5499 P.
729 5445 795 5499 H.

2020 5303 2081 5357 P.
2116 5303 2492 5374 Franciscum
2525 5305 2993 5360 Portoearrerum
3025 5306 3083 5361 in
3119 5307 3217 5362 lib.
3236 5308 3317 5363 De
3339 5308 3401 5362 B.
3424 5307 3672 5374 virginis

2018 5373 2525 5451 Mariaedescensu
2558 5375 2613 5429 in
2647 5374 2948 5451 ecclesiam
2979 5377 3339 5451 Toletanam,
3372 5395 3499 5451 cap.
3523 5380 3593 5435 29
3613 5385 3672 5435 et

2017 5446 2105 5531 βο..
2138 5446 2236 5500 ubi
2268 5445 2600 5527 catalogum
2625 5446 3013 5531 reliquiarum
3040 5450 3300 5531 apponit,
3327 5445 3667 5531 nontamen

329 5516 502 5593 Toleto
532 5517 591 5571 in
621 5516 863 5593 asturias
890 5521 1405 5593 asportantarcarp,
1440 5519 1550 5593 etc.
1582 5515 1663 5572 De
1692 5516 1904 5593 harum
2016 5515 2345 5593 integrum:
2381 5517 2432 5593 is
2462 5515 3145 5593 inseritur—testimonio;
3206 5515 3358 5593 quod
3412 5538 3483 5579 ex
3524 5525 3668 5593 voto

255 5586 640 5657 reliquiarum
672 5584 1693 5658 asportatione_videsis_ltoderieum
1719 5589 1906 5644 archi-

252 5655 594 5730 episcopum
623 5655 994 5721 Toletanum,
1055 5655 1193 5730 libr.
1215 5674 1277 5730 iv
1315 5656 1531 5713 Histor.
1590 5676 1717 5730 cap,
1748 5660 1815 5725 3;
1847 5665 1904 5730 et

253 5727 545 5784 Isidorum
586 5730 900 5785 Pacensem
951 5744 1103 5782 anno
1134 5727 1273 5795 7-I9;
1324 5727 1733 5785 Sebastianum
1781 5728 1904 5783 Sal-

2017 5587 2339 5660 peregrinis
2397 5587 2641 5660 Ovetum
2698 5587 3333 5660 proficiscentibus-ad
3362 5608 3462 5647 eas
3517 5592 3666 5648 invi-

2015 5658 2230 5735 sentias
2261 5659 2457 5735 datur.
2516 5658 2910 5735 verba'sunt:
2972 5660 3358 5735 Universisiet
3411 5662 3666 5735 singulis

2013 5727 2223 5806 Christi
2251 5729 2550 5806 fidelibus,
2570 5729 3012 5806 hesprzesentes
3032 5732 3258 5806 litteras
3275 5727 3661 5806 inspect‘uris,

250 5800 674 5885 manticensem
703 5816 734 5857 e
780 5800 1046 5871 iscopum
1076 5798 1139 5860 in
1171 5798 1423 5881 Historia
1451 5798 1613 5859 edita
1633 5799 1905 5884 aD.Don
2016 5804 2220 5853 notum
2245 5799 2516 5864 facimus,
2592 5798 2716 5881 ιιοᾷ
2737 5802 2892 5883 Deus
2921 5820 3030 5859 sua
3062 5804 3352 5886 .mirabilii
3377 5798 3667 5887 'potentia

251 5869 344 5926 Fr.
379 5868 692 5926 Prudentio
724 5819 794 5926 (le
811 5871 1121 5926 Sandoval.
1146 5886 1420 5926 BDISOODO
1443 5871 1901 5926 Pammlonensn.
2014 5871 2333 5926 quamdam
2347 5816 3664 5926 areamﬁelmmsimnutnbihbnsadnscinuhs

251 5869 344 5927 Fr.
379 5868 692 5946 Prudentio
723 5868 794 5946 de
811 5868 1121 5946 Sand0val,
1146 5870 1420 5946 episcopo
1443 5871 1901 5946 Pampilonensi,

2014 5871 2333 5943 quamdam
2347 5886 2543 5943 aream

2598 5870 3664 5951 elignisimputribilibusadiscipulis

250 5957 385 6020 pag.
414 5945 509 6017 αδ,
567 5943 676 6006 col.
710 5945 736 6004 1
768 5947 828 6005 et
882 5945 938 6019 2,
972 5948 1032 6001 et
1058 5940 1198 6025 pagi
1225 5942 1317 6009 50,
1348 5940 1485 6002 'col.
1515 5940 1609 6015 2,‘
1632 5947 1903 6005 nostrum
2014 5940 2408 6019 apostolorum
2449 5940 2821 6013 factameei
2876 5940 3238 6023 imaginibus
3293 5940 3548 6023 plenam,
3580 5947 3654 6007 ab
