3882 6450
323 406 492 472 αιηε

332 543 416 600 En
447 543 700 618 patriam
731 543 938 618 repetit
968 547 1051 599 tot
1075 543 1202 616 jam
1236 541 1600 598 volventibus
1632 542 1825 608 annis,

401 634 472 690 Et
499 631 844 698 Laletanum
879 634 1125 705 sospitat
1154 631 1253 688 illa
1283 630 1496 688 solum.

330 722 706 778 Transmittit
735 722 978 798 pelagus
1008 739 1219 794 supero
1253 727 1544 793 praeeunte
1578 721 1868 785 ministro,

351 813 353 816 ’
405 812 576 868 Paret
598 817 660 881 et
687 811 932 884 imperio
965 815 1174 867 ventus
1207 815 1262 866 et
1293 811 1452 866 unda
1481 828 1606 865 sno.

330 899 414 958 Ex
443 899 728 956 Celtibera
747 900 974 973 genitor
1003 899 1116 954 fuit
1147 900 1290 954 urbe
1319 899 1647 972 profectus;

403 987 620 1061 Illeque
651 1004 799 1060 quos
830 990 1063 1046 deamat
1092 987 1213 1045 filia
1241 987 1457 1045 Thecla
1487 989 1655 1045 tovet.

331 1077 473 1134 Ecce
506 1076 905 1149 Luitprandus
930 1079 1057 1148 jam
1089 1095 1204 1134 non
1237 1094 1420 1133 novus
1453 1077 1646 1133 incola
1668 1081 1838 1133 terra;

403 1167 694 1240 Hispanae,
722 1170 1022 1223 externam
1053 1166 1311 1222 carmine
1341 1167 1509 1222 lzetus
1539 1166 1679 1223 adit.

330 1255 561 1328 Accipe,
595 1273 722 1328 quze
754 1256 1000 1329 supplex
1026 1255 1152 1323 tibi,
1186 1255 1369 1328 virgo,
1398 1256 1661 1312 carmina
1691 1259 1912 1312 sacrat:

402 1345 659 1413 Pectore,
693 1362 798 1418 pro
831 1345 1069 1419 templo,
1105 1351 1160 1401 te
1192 1361 1442 1418 quoque,
1477 1345 1629 1416 diva,
1655 1346 1818 1418 tegit.

328 1433 487 1491 Felix
517 1434 803 1492 adventus
831 1439 968 1489 tuus
997 1439 1085 1491 est
1112 1438 1168 1490 et
1197 1434 1364 1490 laetus
1394 1434 1576 1491 Iberis
1600 1452 1612 1501 ;

404 1523 507 1579 Est
530 1522 675 1578 nihii
707 1522 955 1579 ulterius
989 1525 1238 1579 Tarraco
1266 1524 1421 1595 quod
1456 1523 1675 1595 cupiat.

329 1610 412 1670 Te
440 1611 708 1668 veniente
737 1611 900 1669 salus
929 1611 1105 1678 venit,
1140 1616 1197 1667 et
1229 1611 1606 1668 sanctissima
1635 1616 1829 1668 tecum

406 1700 660 1774 Imponit
688 1700 840 1756 votis
867 1700 1122 1772 amplius
1155 1700 1256 1756 illa
1287 1703 1550 1757 modum.

331 1787 396 1854 In
430 1793 691 1862 tempore
719 1793 946 1846 Muzara
957 1790 1094 1846 bum
1113 1795 1239 1845 erat
1251 1789 1507 1847 Ecclesia
1528 1792 1982 1848 Tarraconensis

332 1878 393 1938 8.
427 1877 642 1940 Thecla
671 1883 861 1936 vetus.

340 2014 344 2018 .
405 1968 709 2030 49ίὸαοῑό
755 1968 968 2028 ﬂuvius
1004 1969 1267 2026 nascitur
1296 1969 1352 2024 in
1387 1970 1668 2042 Hispania
1697 1969 1757 2029 in
1789 1976 1987 2028 monte

334 2057 492 2120 dicto
527 2057 868 2127 legumlatio
884 2074 905 2120 ;
935 2075 1110 2128 quem
1159 2059 1432 2116 Saraceni
1484 2064 1689 2117 vocant
1717 2067 1986 2134 corrupte

333 2146 664 2217 legam-uta,
698 2163 811 2206 non
845 2146 1046 2218 procul
1086 2164 1121 2202 a
1150 2147 1352 2212 Turia,
1391 2149 1546 2205 dicto
1592 2150 1771 2206 etiam
1821 2151 1985 2208 Ibero

335 2233 584 2302 minore,
635 2251 671 2292 a
713 2235 934 2297 Mauris
984 2234 1344 2296 Guadali'nar
1391 2237 1514 2308 [al.,
1571 2239 1984 2311 Guadalaviar],

335 2321 508 2396 quasi
539 2323 762 2384 diceres
793 2326 1026 2396 ﬂuvium
1055 2339 1218 2397 aquae
1246 2327 1521 2383 crudioris
1546 2327 1644 2400 [al,
1673 2329 1982 2401 can—duim]:

335 2411 551 2475 transit
578 2428 681 2486 per
709 2413 914 2470 urbem
965 2415 1396 2488 cognominem,
1438 2417 1655 2474 dictam
1687 2436 1722 2474 a
1767 2420 1987 2476 Mauris

340 2501 613 2565 Concham
655 2519 704 2562 ,α
753 2502 1019 2562 Malacha
1061 2504 1482 2561 Celtiberorum
1530 2507 1692 2572 urbe,
1737 2509 1894 2565 dicta
1951 2527 1985 2566 a

339 2591 647 2652 Saracenis
696 2591 890 2661 Malea,
919 2597 978 2647 et
1025 2610 1058 2650 a
1103 2594 1404 2652 montibus
1453 2595 1552 2668 qui
1586 2597 1846 2669 Sagunto
1877 2599 1987 2654 im-

339 2679 635 2752 pendent:
669 2696 847 2751 quam
869 2680 1159 2742 civitatem
1182 2680 1671 2754 Carthaginenses
1701 2685 1986 2753 demoliti,

341 2767 761 2824 reaediﬁcantes
789 2770 1178 2840 Carthaginem
1208 2770 1574 2827 Edetanorum
1618 2778 1988 2840 vocaverunt,

342 2856 544 2936 itaque
573 2857 785 2932 ﬂuvius
817 2857 910 2914 hic
934 2859 1114 2914 Sucro
1138 2859 1196 2914 in
1229 2859 1470 2932 pelagus
1499 2861 1987 2919 Mediterraneum

341 2949 612 3004 exaursat
639 2946 762 3016 [al.,
793 2947 1090 3014 exundat;
1125 2963 1239 3002 non
1274 2947 1475 3018 procul
1505 2954 1594 3004 est
1623 2967 1654 3005 a
1685 2950 1840 3006 dicta
1861 2951 1990 3007 Car-

339 3032 602 3109 thagine,
634 3038 693 3092 et
721 3034 896 3092 fluvio
930 3035 1091 3090 Ibero
1124 3035 1368 3091 minore.

409 3123 501 3188 50.
533 3121 755 3196 Duplex
804 3126 894 3180 est
947 3124 1249 3198 Segueda:
1303 3124 1484 3180 altera
1532 3131 1707 3199 caput
1757 3127 1988 3184 Bellita-

338 3227 550 3276 norum
582 3211 641 3268 in
675 3211 1004 3278 Celtiberia,
1037 3231 1071 3268 a
1091 3213 1312 3269 Mauris
1341 3213 1498 3270 dicta
1527 3217 1728 3286 Bergia
1749 3234 1770 3280 ,'
1802 3218 1987 3274 altera

337 3299 398 3366 in
437 3300 728 3368 Arevacis,
779 3301 936 3358 dicta
977 3303 1302 3358 Baleranica
1347 3321 1380 3358 a
1424 3304 1752 3362 Saracenis.
1802 3307 1986 3364 Titios
2018 3286 2060 3354 Ο

335 3389 587 3466 populos
623 3390 822 3462 Thous:
847 3395 1198 3448 vocaverunt
1218 3393 1512 3462 Saraceni,
1565 3394 1717 3452 sicut
1748 3396 1985 3470 Bisgor-

335 3478 566 3558 gitanos
589 3479 765 3538 .Gobia
794 3480 853 3536 in
903 3480 1030 3554 ripa
1057 3481 1228 3548 Iberi,
1267 3482 1366 3538 ubi
1407 3482 1867 3558 Cazsaraugusta.
1899 3489 1985 3543 Ad

335 3567 640 3640 Dertasam
667 3574 807 3642 sunt
835 3569 1148 3644 plusquam
1181 3571 1423 3643 triginta
1475 3573 1674 3646 populi
1717 3576 1984 3633 Romani.

406 3659 497 3716 5|.
523 3659 803 3730 Axeniam
835 3660 1131 3716 civitatem
1163 3660 1222 3715 in
1251 3661 1460 3717 Aristis
1491 3661 1613 3736 [al.,
1648 3664 1872 3739 Anstis]
1895 3683 1990 3738 po-

336 3746 514 3821 pulis,
544 3752 754 3818 vocant
777 3748 1046 3803 Saraceni
1079 3751 1363 3806 Xz'xenam.

406 3837 497 3891 52.
539 3835 856 3892 Colendam
886 3835 1200 3906 civitatem,
1232 3839 1574 3895 Maluendam
1603 3840 1788 3897 Mauri
1821 3860 1986 3899 voca-

332 3925 562 3990 verunt,
596 3921 756 3989 illius
789 3922 1015 3996 colonia
1046 3925 1351 3981 immunis.

404 4011 497 4067 53.
531 4010 698 4068 Belsa
727 4015 858 4084 post
887 4011 1074 4068 Oriola
1099 4017 1188 4068 est
1213 4013 1390 4070 dicta.

405 4101 497 4157 54.
529 4098 706 4168 Ocile,
737 4100 838 4156 ubi
872 4105 1165 4157 mercatus
1215 4102 1323 4158 fuit
1354 4103 1746 4177 Hispanorum
1777 4109 1984 4163 Areva-

333 4205 559 4260 corum,
591 4189 892 4246 decurtata
922 4189 1204 4246 vocabulo
1236 4197 1646 4266 corruptoque,
1680 4195 1861 4251 Mauri
1887 4214 1985 4252 vo-

331 4281 468 4336 cant
495 4277 756 4346 Ciria(ab
781 4278 1100 4347 Ocili,Cilia
1126 4279 1316 4352 prius)
1332 4285 1389 4336 et
1409 4282 1601 4336 adhuc
1627 4286 1983 4356 corruptius,

341 4369 532 4426 Cinar.

401 4459 494 4513 55.
529 4456 893 4526 conﬂuentis
940 4456 1074 4512 finis
1121 4458 1508 4514 Arovacorum
1540 4463 1629 4515 est
1658 4459 1982 4530 Villanova,

334 4547 394 4601 in
427 4544 742 4601 continenti
773 4544 1085 4601 ﬂuminum
1112 4543 1370 4601 Arlanzze
1392 4550 1448 4602 et
1477 4547 1838 4618 Arlanzonis,
1858 4569 1984 4625 qua:

335 4633 417 4689 ibi
442 4633 798 4706 junguntur.

404 4723 495 4794 56.
527 4721 798 4778 Civiiates
841 4721 950 4778 has
999 4722 1060 4778 in
1092 4722 1359 4778 Arevacis
1409 4725 1572 4792 sitas,
1620 4732 1677 4782 et
1723 4729 1779 4782 in
1814 4729 1982 4786 Celti-

333 4812 514 4883 beria,
565 4810 935 4879 Pallantium,
987 4813 1314 4884 Berlangam
1363 4814 1548 4870 Mauri
1597 4824 1982 4888 vocaverunt;

333 4901 686 4975 Calagurim,
745 4902 1103 4970 Calervegam
1126 4919 1146 4964 ,ο
1187 4901 1484 4974 Sigedam,
1519 4906 1690 4961 Caius
1711 4925 1732 4973 ,~
1766 4908 1983 4966 Lauro-

332 5007 493 5057 nam,
532 4993 815 5046 Varzones.

397 5080 491 5134 57.
524 5081 702 5146 Ausa,
733 5077 824 5134 vel
869 5079 1122 5142 Ausona.
1175 5080 1233 5134 in
1264 5079 1496 5152 populis
1527 5084 1835 5139 Ausetanis
1867 5091 1977 5153 est,

328 5169 594 5240 tempore
653 5170 986 5222 Maurorum
1039 5168 1196 5224 dicta
1240 5173 1517 5238 Manresa,
1571 5171 1725 5227 sicut
1772 5174 1979 5246 Egara,

329 5256 550 5323 Beseda,
580 5255 669 5310 vel
699 5257 908 5328 Resque
953 5256 1020 5312 de
1046 5257 1326 5313 Malatesta.
1356 5257 1478 5330 {al.,
1514 5260 1819 5316 Malatosca.
1861 5264 1984 5319 Vide

329 5363 388 5401 η.
420 5345 536 5417 68].

401 5434 492 5490 58.
527 5434 589 5489 In
621 5433 884 5488 conciliis
908 5434 1207 5490 Toletanis
1228 5435 1380 5491 alius
1415 5437 1525 5492 fuit
1555 5437 1866 5510 episcOpus
1883 5440 1984 5496 Ca-

329 5522 784 5590 stulonensis,e.t
802 5522 1089 5580 Castalian
1100 5541 1188 5591 us;
1213 5528 1270 5578 in
1293 5524 1503 5580 Castell
1513 5526 1640 5582 anis
1655 5527 1979 5584 Castellum

401 5701 491 5776 66.
525 5700 713 5758 Locus
746 5699 805 5770 in
838 5699 1109 5774 originali
1140 5703 1470 5773 corruptus.

1455 407 1849 471 APPENDI-X
1893 408 1996 469 AD
2038 407 2637 478 DIUT-PRANDUM.

2007 542 2063 610 Α
2091 545 2266 613 caput
2296 541 2444 597 fuit:
2497 557 2677 614 quam
2721 539 2930 595 urbem
2983 538 3174 594 Mauri
3202 543 3411 595 vocant
3451 539 3673 596 Seselu.
3717 540 3783 596 In

3593 405 3786 467 4444

2088 630 2258 686 tertio
2289 629 2565 687 Toletano
2596 628 2843 686 concilio
2873 629 3184 684 confirmat
3214 627 3514 685 Froiselus
3535 629 3783 701 episco-

2089 737 2200 792 pus
2231 719 2615 787 Gastellanus,
2642 718 2792 774 alius
2815 719 2886 774 ab
2909 718 3182 792 episcopo
3208 717 3778 792 Castulonensi,qui

2087 809 2170 864 ibi
2203 809 2534 865 confirmat.

2159 899 2248 954 59.
2283 900 2342 955 S.
2377 899 2669 970 Maginus,
2715 896 2860 953 alias
2913 897 3224 962 Maximus,
3252 913 3469 970 passus
3499 901 3589 954 est
3633 914 3774 964 vm,

2091 989 2167 1044 M.
2205 989 2314 1043 P.a
2344 989 2672 1044 Tarracone
2701 987 2760 1042 in
2783 991 2980 1042 monte
2997 985 3354 1054 Palfuriano,
3377 989 3447 1043 25
3472 988 3775 1060 Augusti,

2091 1078 2200 1134 sub
2220 1076 2845 1148 Diocletiano,pra:side
2859 1075 3276 1148 Hispaniarum
3291 1075 3570 1146 Daciano,
3593 1094 3775 1133 anno

2091 1168 2215 1222 302.
2253 1167 2383 1223 Fuit
2413 1166 2553 1221 civis
2591 1165 3083 1237 Tarraconensis;
3128 1165 3246 1238 egit
3275 1165 3458 1222 vitam
3489 1166 3774 1222 eremiti-

2091 1271 2245 1312 cam.

2160 1346 2250 1399 60.
2301 1343 2601 1400 Palfurius
2647 1347 2815 1413 Sura,
2863 1343 2954 1399 vir
3001 1343 3354 1405 senatorius.
3406 1344 3769 1417 amicusque

2093 1433 2399 1503 Martialis,
2435 1434 2493 1489 in
2526 1438 2824 1490 senectute
2855 1433 3116 1489 creditur
3143 1433 3253 1489 sub
3281 1431 3525 1489 Claudia
3563 1434 3769 1490 fuisse

2091 1521 2547 1579 Tarraconensis
2591 1527 2825 1595 praetor,
2855 1527 2913 1578 et
2946 1538 3121 1596 prope
3153 1523 3542 1579 Tarraconem
3574 1524 3760 1597 oppi-

2089 1612 2232 1667 dum
2265 1629 2298 1668 a
2329 1629 2435 1668 suo
2467 1612 2702 1668 nomine
2734 1612 3067 1668 condidisse
3102 1611 3438 1678 Palfuriam,
3464 1629 3498 1668 a
3527 1613 3766 1668 Mauris

2092 1705 2223 1772 post
2252 1705 2526 1773 corrupta
2552 1718 2689 1756 voce
2721 1703 3066 1772 Bufagraﬁa.

2161 1791 2222 1845 6i
2240 1833 2251 1844 .
2272 1793 2493 1862 Corpus
2507 1789 2690 1845 sancti
2705 1785 3069 1861 Sigismundi
3096 1789 3249 1862 regis
3271 1788 3760 1863 Burgundiorum

2013 1913 2062 1980 Β
2092 1882 2149 1934 et
2181 1877 2454 1951 martyris
2487 1877 2747 1933 ablatum
2795 1879 2866 1933 ab
2913 1879 3057 1934 urbe
3088 1879 3349 1947 Seduno,
3392 1877 3464 1935 ad
3495 1883 3760 1938 tractum

2096 1968 2586 2023 Barcinonensem
2620 1967 2880 2024 eraditur
2911 1967 3193 2034 delatum,
3225 1973 3282 2024 et
3315 1968 3372 2024 in
3396 1975 3592 2025 monte
3616 1972 3762 2041 Tes-

2095 2057 2264 2112 biade
2287 2057 2618 2128 depositum
2645 2075 2657 2113 :
2681 2073 2854 2128 quem
2888 2060 3145 2113 montem
3171 2057 3358 2113 Mauri
3382 2075 3517 2115 voce
3548 2058 3759 2116 decur-

2095 2148 2216 2201 tata
2242 2150 2451 2201 vocant
2482 2150 2754 2202 Monseve.

2165 2235 2254 2290 62.
2288 2239 2344 2290 S.
2378 2234 2606 2291 Salvius
2638 2235 2946 2308 episcopus
2967 2235 3398 2304 Ambianensis,
3423 2241 3480 2292 et
3505 2242 3758 2311 martyr,

2095 2325 2354 2380 creditur
2387 2324 2600 2380 allatus
2623 2341 2801 2396 prope
2826 2325 3206 2380 Barcinonem
3232 2330 3295 2380 ut
3321 2326 3377 2382 S.
3403 2325 3761 2384 Valentinus

2096 2413 2404 2485 episcopus
2436 2418 2493 2468 et
2522 2419 2743 2487 martyr
2790 2415 2988 2486 (quem
3019 2411 3113 2470 alii
3149 2413 3366 2469 faciunt
3406 2414 3760 2472 Interamnii

2100 2501 2274 2558 Flavii
2307 2503 2365 2557 in
2400 2503 2681 2576 Hispania
2728 2504 3090 2576 episcopum,
3127 2502 3221 2558 alii
3268 2507 3462 2558 autem
3510 2503 3758 2577 Italum,

2101 2592 2293 2647 Romae
2320 2610 2562 2665 passum
2587 2593 2698 2648 sub
2711 2593 2964 2664 Trajano
2985 2593 3355 2665 imperatore)
3369 2592 3439 2647 ad
3459 2599 3762 2650 monaste-

2099 2680 2252 2735 rium
2306 2682 2599 2753 quoddam
2645 2699 2820 2754 prope
2869 2681 3246 2737 Hubricatam
3295 2681 3539 2749 urbem;
3591 2698 3759 2738 nunc

2099 2769 2402 2824 Manrcsam
2451 2769 2675 2824 dicunt.
2703 2769 2839 2824 Allii
2871 2773 3078 2841 putant
3123 2769 3304 2842 hujus
3335 2767 3498 2824 urbis
3530 2768 3759 2826 Intera-

2101 2858 2247 2912 mnii
2282 2859 2462 2914 luisse
2492 2859 2884 2914 confessorem
2918 2859 3282 2930 episcopum.

2171 2949 2257 3003 63.
2296 2948 2572 3020 Reliquize
2603 2949 2660 3003 S.
2695 2947 2956 3003 Baudelli
2989 2947 3216 3003 diaconi
3249 2952 3306 3003 et
3335 2947 3610 3020 martyris
3643 2948 3757 3004 Ne-

2101 3038 2432 3092 mausensis
2457 3035 3062 3111 [al.,Mamausensis],
3084 3035 3438 3092 subJuliano
3461 3037 3621 3108 passi
3649 3055 3757 3110 pro

2101 3124 2236 3193 fide,
2285 3125 2489 3181 delatae
2548 3130 2686 3181 sunt
2743 3126 2965 3181 Rodam
3021 3125 3334 3197 (civitatem
3388 3125 3757 3182 maritimam

2101 3231 2280 3286 prope
2313 3215 2623 3287 Ind‘getes)
2647 3220 2703 3270 et
2720 3215 2986 3271 Toletum
3013 3231 3026 3271 :
3061 3231 3190 3288 qua
3223 3219 3355 3288 post
3384 3213 3589 3270 delatae
3613 3219 3760 3272 sunt

2099 3301 2158 3357 in
2191 3320 2324 3358 arca
2353 3321 2520 3360 sacra
2551 3305 2816 3360 Ovetum.

2165 3393 2254 3446 64.
2288 3391 2543 3464 Septimo
2573 3393 2933 3464 Septembris
2955 3407 3130 3464 passa
3159 3395 3248 3447 est
3272 3395 3477 3447 sancta
3504 3391 3675 3464 virgo
3699 3397 3760 3448 et

2098 3484 2319 3553 martyr
2351 3481 2574 3553 Regina
2604 3481 2757 3554 apud
2789 3482 2994 3537 urbem
3025 3479 3291 3549 Alisiam,
3328 3481 3384 3535 in
3417 3481 3757 3536 confinibus

2097 3570 2410 3625 Lusitaniae
2469 3575 2526 3626 et
2582 3571 2958 3642 Carpetaniae,
3023 3571 3133 3626 sub
3201 3570 3420 3626 Olibrio
3480 3570 3759 3642 praal‘ecto

2098 3659 2534 3731 Hispaniarum,
2580 3661 2691 3714 sub
2755 3659 3142 3715 Diocletiano:
3175 3660 3346 3730 cujus
3371 3657 3610 3730 reliquae
3660 3658 3759 3714 de-

2097 3747 2226 3803 latze
2257 3753 2396 3804 sunt
2444 3749 2552 3804 sub
2602 3749 2907 3804 Saracenis
2951 3749 3022 3804 ad
3055 3747 3411 3804 territorium
3457 3750 3756 3820 Augusto-

2096 3837 2378 3894 dunense.
2405 3837 2592 3893 Mauri
2616 3838 2820 3893 urbem
2851 3837 3092 3894 Alisiam
3116 3841 3469 3893 vocaverunt
3498 3837 3754 3892 Alixam.

2165 3927 2256 3980 65.
2291 3927 2477 3982 Mauri
2529 3929 2848 3983 creduntur
2896 3944 3025 3983 esse
3069 3925 3406 4000 depOpulati
3457 3924 3755 3982 civitatem

2095 4014 2365 4086 Egaram,
2387 4015 2528 4071 olim
2546 4017 2744 4072 sedem
2765 4015 3178 4088 episcopalem,
3203 4033 3329 4088 quae
3343 4019 3608 4087 tempore
3619 4014 3759 4071 Got-

2095 4103 2332 4158 thorum
2365 4105 2567 4160 civitas
2587 4104 2696 4159 fuit
2725 4103 3131 4177 amplissima;
3156 4105 3328 4175 cujus
3351 4103 3537 4158 ruina:
3559 4104 3621 4158 in
3646 4103 3753 4158 La-

2095 4189 2321 4247 letanize
2380 4194 2495 4249 line
2540 4193 2814 4248 visuntur
2869 4210 3048 4266 prope
3097 4192 3389 4250 civitatem
3442 4193 3666 4260 Basim,
3697 4197 3757 4248 et

2094 4285 2361 4336 exortum
2399 4283 2704 4354 fontesque
2754 4281 3018 4338 ﬂuminis
3065 4281 3352 4346 Clodiani,
3387 4281 3473 4335 sic
3502 4297 3538 4336 a
3569 4280 3754 4336 nobili

2096 4369 2356 4426 Romano
2388 4371 2586 4426 Clodio
2616 4372 2824 4426 vocati.
2858 4371 3043 4426 Habet
3089 4369 3372 4426 terminos
3416 4368 3626 4424 Bordel
3665 4369 3755 4423 di-

2095 4463 2255 4514 ctum
2307 4460 2543 4526 Burdus,
2599 4459 2833 4530 Palada,
2884 4475 3042 4514 nunc
3088 4459 3380 4525 Paladera,
3431 4458 3751 4525 Montesam,

2095 4553 2353 4604 montem
2381 4565 2684 4622 magnum,
2710 4549 3082 4620 Tespiadem,
3104 4551 3161 4604 et
3183 4547 3479 4615 Povellam,
3505 4549 3572 4602 ut
3595 4563 3754 4602 nunc

2017 4659 2064 4724 Β
2095 4655 2307 4694 nomen
2336 4639 2529 4696 habet.

2166 4729 2255 4782 66.
2291 4728 2502 4784 Bentas
2533 4728 2721 4783 sualdi
2755 4745 2858 4801 pro
2891 4725 3188 4789 Emilianaa
3221 4726 3566 4781 Montesano
3599 4725 3758 4780 facta

2093 4823 2182 4872 est
2212 4821 2344 4873 ante
2376 4817 2427 4886 l,
2462 4817 2776 4891 Toletum._

2164 4908 2254 4962 67.
2289 4906 2575 4978 Lugodini
2609 4907 2668 4960 in
2695 4905 3018 4971 Lusitania,
3062 4919 3239 4979 quam
3270 4903 3480 4959 urbem
3508 4919 3756 4960 vocave-

2093 5001 2232 5050 runt
2261 4995 2449 5052 Mauri
2478 4997 2874 5064 Vitigodz'num,
2896 4995 3206 5059 S.Justus,
3234 4998 3299 5049 ut
3330 4992 3759 5064 creditur,epi-

2093 5102 2306 5157 scapus
2336 5085 2668 5156 Egarensis,
2719 5085 2816 5156 qui
2851 5082 3094 5140 concilio
3144 5083 3338 5155 Egarae
3392 5086 3757 5154 congregato

2093 5173 2462 5246 subscripsit,
2494 5177 2550 5228 et
2575 5174 2812 5228 Amicus
2840 5172 3174 5245 episc0pus.

2159 5263 2250 5317 68.
2279 5263 2461 5327 Quam
2490 5263 2692 5318 urbem
2717 5267 3067 5317 vocaverunt
3086 5259 3285 5318 Gotthi
3316 5261 3594 5330 corrupte
3617 5259 3761 5329 Ερα-

2091 5370 2234 5422 ram,
2283 5359 2641 5407 vocauerunt
2689 5350 2870 5408 Latini
2917 5351 3185 5408 Bascdam
3227 5350 3286 5406 in
3351 5347 3756 5416 Castellanis;

2093 5444 2263 5510 cujus
2295 5441 2563 5497 meminit
2591 5440 2934 5499 Ptolemazus
2965 5442 3108 5512 (vide
3134 5459 3193 5496 η.
3224 5442 3338 5508 57).

2157 5533 2250 5586 69.
2283 5531 2418 5586 [Era
2461 5530 2603 5585 Caes.
2651 5532 2756 5586 759
2788 5531 3044 5588 Joannes
3075 5529 3404 5605 Egnrensis,
3448 5529 3767 5586 destructa
