3882 6526
133 535 280 596 115⁸7

1133 530 1961 595 PSEUDO-LIUTPRANDI
2007 535 2109 595 AD
2122 533 2541 597 VERSARIA.

3392 540 3552 602 1158

123 668 321 740 jussit,
353 671 412 724 et
452 665 746 722 Victorem
791 665 1197 739 presbyterum
1248 667 1315 720 16
1357 665 1452 722 die
1509 664 1780 738 Augusti,
1811 665 1867 734 Α
1971 667 2090 722 162.
2125 666 2382 724 Concilio
2411 666 2735 726 Arelatensi
2775 669 2966 742 primo
2997 670 3311 742 praesident
3339 671 3553 730 Hosius

132 752 280 813 anno
312 754 546 812 Domini
574 755 702 825 950,
737 771 872 810 cum
904 771 1010 827 ego
1042 771 1200 810 eram
1231 755 1438 810 Toleti.

201 847 323 903 151.
357 844 580 902 Natalis
609 843 920 917 episcopus
972 843 1288 900 Toletanus
1341 843 1608 899 interfuit
1651 861 1787 899 con-

131 935 260 992 cilio
291 933 641 1002 Romano,in
673 950 788 1006 quo
819 933 1018 1006 gratiae
1037 937 1178 988 sunt
1208 937 1346 989 actae
1380 937 1615 1006 propter
1643 937 1790 988 Con-

134 1024 379 1083 stantini
409 1023 792 1096 baptismum,
826 1039 979 1078 anno
1011 1023 1115 1077 324
1150 1022 1418 1078 interfuit
1446 1028 1502 1078 et
1532 1022 1789 1078 subscrio

136 1115 253 1188 psit
283 1113 529 1170 concilio
558 1111 787 1168 Nicaeno
823 1129 836 1167 :
869 1111 1216 1168 muneribus
1264 1112 1517 1168 donatus
1558 1129 1592 1167 a
1621 1116 1791 1167 Cons-

135 1203 363 1260 tantino
395 1219 530 1258 cum
560 1201 736 1258 Hosio
786 1199 961 1256 rediit
1010 1201 1276 1268 Romam,
1321 1199 1459 1256 inde
1498 1200 1789 1267 Toletum,

138 1290 237 1349 ubi
269 1295 488 1349 statuta
517 1289 745 1346 concilii
775 1289 1065 1362 generalis
1097 1290 1314 1346 servari
1352 1289 1504 1345 fecit.

208 1382 332 1438 152.
368 1380 567 1436 Eidem
614 1378 1058 1450 Constantinus,
1097 1395 1165 1434 ex
1216 1379 1559 1435 auctoritate
1606 1378 1794 1435 sancti

135 1469 397 1527 Silvestri
456 1468 678 1524 summi
737 1462 1058 1540 pontiﬁcis,
1116 1467 1391 1539 injunxit,
1447 1471 1513 1523 ut
1559 1467 1795 1540 primati

136 1560 332 1632 (cujus
364 1557 682 1631 primatum
717 1555 776 1612 in
810 1556 1054 1612 concilio
1101 1557 1331 1612 Nicaeno
1384 1557 1797 1613 conﬁrmatum

134 1648 248 1718 est)
287 1652 356 1702 ut
410 1647 624 1703 comite
672 1645 848 1702 Hosio
895 1645 1257 1702 Cordubensi
1290 1647 1527 1718 juberet
1579 1645 1799 1718 inquiri

132 1740 358 1794 veteres
379 1734 776 1808 Hispanorum
807 1734 1255 1807 episcopatuum
1285 1734 1590 1800 terminos,
1621 1739 1801 1812 et'eos

133 1824 426 1883 renovari.
461 1824 623 1888 Quod
656 1823 881 1878 factum
911 1825 1000 1878 est
1029 1839 1132 1895 per
1159 1826 1311 1878 totos
1338 1827 1560 1894 septem
1593 1838 1800 1892 annos,

129 1913 224 1970 vel
258 1929 490 1982 novem,
525 1911 808 1982 delegatis
831 1909 1202 1983 singularum
1233 1910 1648 1982 metropolium
1681 1909 1801 1981 epi-

1902 759 1957 810 et
1987 757 2104 811 duo
2136 757 2480 830 presbyteri,
2517 757 2684 814 missi
2713 776 2748 814 a
2775 759 3066 815 Silvestro.
3095 760 3311 816 Habuit
3345 761 3554 816 oratio-

1901 861 2034 900 nem
2065 845 2286 900 Natalis
2317 845 2654 916 Toletanus,
2689 850 2746 904 et
2775 847 3013 919 scripsit
3041 848 3349 920 epistolam
3381 866 3554 923 syno-

1902 932 2125 1001 dicam;
2149 934 2259 989 fuit
2288 951 2322 989 a
2351 935 2592 992 secretis
2623 935 2852 992 concilii
2883 953 3017 992 cum
3050 935 3186 992 alio.

1975 1021 2098 1078 163.
2137 1023 2485 1080 Toletanum
2517 1025 2862 1096 primatum,
2922 1025 3237 1096 adjuvante
3266 1026 3461 1095 Hosio,
3495 1026 3555 1082 in

1905 1110 2148 1166 concilio
2179 1112 2412 1168 Niczeno
2443 1112 2801 1169 declaratum
2833 1118 2940 1169 est.

1955 1201 2100 1271 164.
2137 1201 2230 1257 Bis
2251 1201 2410 1256 venit
2440 1202 2771 1258 Cordubam
2803 1202 3182 1272 Athanasius,
3208 1203 3426 1260 habitis
3449 1204 3558 1260 ibi-

1905 1289 2040 1344 dem
2099 1289 2331 1347 duobus
2388 1291 2673 1359 conciliis,
2708 1292 2887 1348 semel
2948 1310 3103 1349 anno
3158 1294 3283 1361 350,
3344 1292 3560 1350 iterum

1907 1394 2060 1434 anno
2087 1379 2213 1434 356.

1977 1467 2102 1522 165.
2135 1467 2300 1523 Prior
2329 1468 2716 1536 Sardicensis,
2751 1486 2819 1524 ex
2849 1469 3226 1543 Theophane,
3252 1471 3564 1528 conﬁrmat

1908 1555 2221 1612 concilium
2255 1557 2618 1626 Sardicense,
2641 1558 2734 1612 cui
2762 1557 3080 1614 Toletanus
3099 1558 3364 1616 interfuit
3391 1560 3565 1617 Nata-

1910 1642 2004 1710 lis,
2037 1649 2094 1698 et
2123 1643 2507 1701 Athanasium
2535 1650 2593 1700 et
2621 1645 2867 1702 Paulum
2898 1645 3170 1704 absolvit.

1984 1733 2106 1786 166.
2138 1734 2187 1786 A
2215 1733 2580 1805 temporibus
2612 1734 3011 1806 apostolorum
3036 1734 3294 1792 maxima
3319 1752 3566 1794 consue-

1910 1821 2078 1886 tudo,
2111 1824 2168 1874 et
2197 1821 2463 1892 quaedam
2493 1822 2748 1878 fraterna
2767 1823 3036 1892 societas,
3068 1821 3219 1880 inter
3245 1823 3564 1883 Ecclesiam

1911 1907 2253 1964 Toletanum
2285 1914 2341 1965 et
2371 1910 2883 1967 Mediolanenscm.

130 2003 362 2075 scopis,
395 2001 496 2101 qui
528 2015 632 2072 per
671 1999 939 2055 homines
981 1998 1240 2055 locorum
1293 1998 1510 2071 peritos
1561 1999 1618 2053 id
1667 1997 1803 2054 sciri
1835 2035 1885 2101 Β
1985 1999 2110 2101 .
2133 1997 2540 2099 Athenodorus
2569 1999 2883 2101 episcopus
2908 2001 3113 2101 Plateaa
3145 2002 3205 2058 in
3235 2002 3566 2101 Celtiberia,

127 2095 444 2148 curarent.

214 2181 346 2235 153.
375 2177 600 2234 Natalis
651 2175 965 2234 Toletanus
1008 2178 1081 2234 ab
1125 2176 1330 2234 exsilio
1355 2178 1629 2244 “rediens,
1662 2177 1804 2232 dum

130 2265 463 2324 Mediolani
495 2259 922 2332 commoratur;
945 2265 1115 2337 pulso
1148 2267 1207 2321 in
1253 2266 1522 2323 exsilium
1557 2266 1805 2322 sanctis-

132 2357 298 2413 simo
326 2353 667 2427 Dionysio,a
687 2354 992 2410 catholicis
1015 2354 1472 2412 Mediolanensis
1493 2355 1806 2428 episcopus

131 2443 386 2517 eligitur
419 2461 432 2500 :
465 2441 567 2515 qui
597 2441 734 2499 licet
761 2459 824 2499 se
853 2443 1100 2515 gesserit
1129 2448 1194 2499 ut
1221 2444 1476 2500 vicarius
1503 2443 1687 2511 illius,
1717 2460 1806 2498 re-

133 2535 260 2592 bus
290 2538 413 2590 tam
443 2531 720 2604 praeclare
762 2531 945 2605 gestis
1004 2531 1218 2599 floruit,
1252 2538 1318 2587 ut
1373 2532 1432 2588 in
1492 2549 1806 2588 numerum

139 2627 493 2681 sanctorum
527 2620 743 2677 relatus
776 2621 958 2676 fuisse
989 2621 1405 2678 dicatur.0biit
1428 2621 1649 2676 mensis
1671 2620 1809 2678 Maii

141 2729 309 2769 anno
339 2711 466 2778 354,
493 2711 582 2766 vir
611 2715 853 2766 sanctus
883 2715 940 2765 et
969 2711 1197 2766 doctus.

221 2800 354 2858 154.
387 2803 636 2856 Sanctus
682 2799 992 2872 episcopus
1022 2799 1244 2856 Natalis
1291 2799 1628 2870 Toletanus,
1679 2805 1813 2873 post

147 2888 634 2957 Mediolanensis,
668 2887 878 2944 Vitalis
925 2889 1168 2961 Hispani
1195 2888 1353 2944 filius
1385 2889 1519 2957 fuit,
1552 2906 1732 2961 nepos
1752 2895 1811 2946 S.

146 2978 382 3036 Natalis
412 2977 764 3035 confessoris
807 2977 1093 3046 Romani;
1128 2978 1414 3034 successit
1440 2982 1496 3034 S.
1537 2978 1814 3036 Melantio

149 3067 480 3125 confessori
514 3083 527 3122 :
563 3065 830 3123 interfuit
860 3067 1105 3123 concilio
1136 3067 1456 3124 Arelatensi
1479 3085 1517 3136 ι,
1552 3068 1814 3124 Romano

150 3159 274 3214 sub
300 3157 598 3227 Silvestre,
627 3159 684 3212 et
712 3155 979 3224 Nicaeno;
1014 3160 1147 3228 post
1193 3155 1330 3212 fidei
1377 3173 1557 3213 causa
1593 3158 1816 3214 missus

148 3246 214 3302 in
251 3245 551 3313 exsilium,
604 3261 894 3313 reversus,
938 3244 1250 3300 Mediolani
1301 3245 1613 3317 cpiscopus
1659 3245 1819 3318 eligi-

147 3341 286 3403 tur;
321 3339 561 3390 sanctus
591 3332 858 3388 moritur.

1915 2085 2004 2143 vel
2030 2086 2547 2153 Thuriasonensis,
2593 2089 2908 2145 comitatus
2964 2095 3056 2146 est
3113 2096 3386 2148 sanctum
3416 2093 3570 2148 Vita-

1915 2177 2052 2242 lcm,
2088 2180 2147 2232 et
2177 2180 2310 2248 post
2338 2180 2586 2232 mortem
2618 2177 2769 2232 redit
2815 2179 2887 2233 ad
2933 2179 3132 2235 sedem
3164 2197 3356 2250 suam,
3389 2181 3568 2238 inter-

1917 2265 2147 2337 fuitque
2180 2265 2427 2320 concilio
2455 2266 2784 2321 Sardicensi
2813 2285 2826 2331 ;
2857 2266 2942 2322 vir
2969 2268 3104 2338 pius
3137 2272 3194 2325 et
3223 2269 3568 2330 catholicus.

1989 2351 2112 2406 168.
2146 2351 2478 2419 Severinus,
2533 2359 2921 2424 cognomento
2963 2355 3296 2426 Euphrada,
3331 2363 3570 2416 sanctus

1917 2444 1974 2496 et
2005 2438 2351 2507 catholicus,
2385 2444 2563 2512 atque
2613 2443 2756 2497 adeo
2801 2460 2956 2498 unus
2988 2459 3056 2499 ex
3105 2444 3311 2519 legatis
3340 2448 3571 2503 concilii

1919 2529 2302 2596 Sardicensis,
2338 2529 2720 2585 substituitur
2758 2531 3100 2602 Euphradae,
3153 2534 3342 2604 primo
3391 2536 3572 2606 hujus

1919 2616 2195 2685 nominis,
2227 2617 2662 2690 Agrippinensi,
2695 2618 2967 2675 haeretico
2998 2622 3284 2694 deposito.

1993 2706 2115 2761 169.
2147 2707 2206 2761 S.
2240 2706 2573 2775 Gerontius,
2607 2725 2642 2762 x
2671 2707 2996 2780 Episcopus
3035 2711 3446 2782 Trajectensis,
3481 2715 3574 2770 di-

1921 2795 2073 2850 citur
2103 2795 2406 2867 privilegio
2456 2796 2736 2868 peculiari
2780 2797 2994 2854 vixisse
3041 2799 3160 2856 fere
3201 2817 3337 2857 cccc
3365 2820 3572 2862 annos.

1923 2884 2017 2941 Sic
2047 2883 2215 2940 multi
2249 2889 2540 2941 auctores.

1993 2973 2117 3028 170.
2147 2972 2206 3029 S.
2242 2972 2454 3028 Hosius
2484 2973 2794 3046 episcopus
2823 2974 3216 3034 Cordubensis
3248 2985 3446 3039 sancte
3477 2999 3579 3040 ca-

1925 3061 2253 3133 tholiceque
2284 3061 2565 3118 Corduba:
2600 3062 2851 3120 moritur
2892 3065 2985 3121 die
3017 3066 3050 3120 3
3081 3067 3240 3138 Maii,
3274 3086 3390 3142 quo
3435 3071 3580 3129 cele-

1924 3152 2130 3206 bratur
2163 3155 2377 3207 sanctze
2409 3152 2604 3208 crucis
2645 3152 2902 3210 inventio
2932 3157 3134 3227 (quam
3179 3157 3576 3217 celebritatem

1926 3241 2052 3312 ipse
2085 3239 2332 3311 petierat
2363 3257 2397 3295 a
2430 3239 2708 3296 Silvestre
2738 3241 3238 3317 Constantinoque
3278 3247 3582 3320 celebrari)

1928 3344 2079 3382 anno
2125 3329 2251 3398 360,
2284 3345 2417 3383 cum
2451 3333 2608 3385 esset
2663 3347 2954 3387 annorum
3015 3333 3137 3403 110,
3191 3338 3580 3405 praesentibus

228 3425 357 3479 155.
388 3421 601 3478 Vitalis
630 3425 794 3495 pater
822 3421 1001 3494 hujus
1053 3422 1108 3477 in
1158 3423 1438 3495 Hispania
1485 3427 1658 3479 natus
1707 3426 1814 3478 est.
1849 3403 1893 3471 C
1932 3414 2134 3472 multis
2191 3415 2481 3489 episcopis
2534 3421 2592 3473 et
2618 3418 2759 3474 viris
2806 3417 3117 3492 religiosis,
3149 3403 3284 3477 dato
3333 3441 3580 3493 veneno,

147 3513 290 3581 Qui,
324 3511 566 3569 veniens
596 3511 655 3566 in
690 3510 939 3579 Italiam,
974 3513 1176 3585 genuit
1235 3513 1293 3567 S.
1352 3511 1638 3577 Natalem,
1687 3515 1822 3585 post

144 3602 500 3658 Thermedze
532 3601 592 3656 in
625 3599 970 3672 Carpetania
999 3601 1191 3673 priore
1238 3601 1485 3672 conjuge
1524 3601 1818 3669 defuncta,

146 3691 329 3748 duxit
364 3689 685 3762 Hispanam
732 3705 746 3744 :
788 3707 854 3744 ex
884 3707 1019 3767 qua
1059 3689 1264 3762 genuit
1306 3695 1540 3745 sanctos
1589 3691 1818 3759 fratres,

145 3781 400 3837 Justum
434 3783 490 3835 et
521 3778 1133 3850 Pastorem,martyres
1149 3776 1822 3850 Complutenses.ltaque

147 3873 328 3927 erant
357 3868 569 3925 fratres
600 3865 698 3923 isti
729 3869 1036 3939 martyres,
1069 3870 1126 3923 et
1154 3865 1377 3924 Natalis
1405 3865 1824 3935 Toletanus,ex

146 3965 347 4032 patre.
547 3951 558 3960 ’

233 4049 360 4104 156.
396 4047 457 4102 S.
490 4046 752 4102 Isidorus
782 4043 1146 4117 Hispalensis
1177 4043 1416 4116 scripsit
1443 4043 1660 4099 librum
1692 4044 1826 4100 Pro-

147 4138 478 4211 phetarum
513 4154 526 4191 :
555 4151 731 4207 quem
764 4151 870 4207 ego
901 4133 1020 4214 vidi
1052 4133 1338 4206 scriptum
1371 4133 1573 4206 lingua
1595 4132 1822 4203 Latina,

147 4225 429 4290 Gothica,
462 4222 688 4298 vulgari
718 4223 977 4295 Hispana
1006 4226 1062 4278 et
1090 4222 1356 4279 Arabica.

232 4317 361 4371 157.
396 4313 680 4379 Marinus,
712 4311 800 4369 vel
829 4311 1194 4381 Camerinus,
1218 4312 1528 4384 episcopus
1557 4310 1822 4367 Tuccita-

147 4422 297 4473 nus,
361 4403 462 4476 qui
515 4402 782 4457 interfuit
835 4400 1079 4457 concilio
1125 4399 1500 4467 Illiberitano,
1534 4417 1688 4456 anno
1720 4401 1825 4456 300

145 4499 434 4566 tempore
464 4489 1184 4564 persecutionis,Melantii
1220 4487 1592 4557 confessoris,
1629 4493 1684 4545 et
1715 4489 1824 4546 Na-

142 4581 297 4638 talis
330 4578 692 4636 successoris
721 4578 1101 4650 coepiscopus
1124 4577 1481 4644 fuit,Dicitur
1511 4594 1545 4633 a
1578 4577 1822 4650 quibus-

144 4672 301 4727 dam
329 4668 669 4724 interfuisse
699 4665 1046 4728 conciliis.et
1077 4666 1148 4722 ad
1180 4665 1339 4721 hunc
1371 4665 1679 4738 scripsisse
1695 4683 1826 4722 san-

1929 3505 2086 3577 quod
2117 3503 2200 3560 illi
2225 3505 3112 3578 jussitpropinariConstantius
3136 3509 3194 3563 in
3220 3511 3422 3567 odium
3444 3513 3581 3568 ﬁdei

1930 3593 2227 3649 catholicae
2253 3594 2412 3665 ;quia
2432 3593 2701 3650 noluerat
2718 3595 3068 3651 Arianorum
3091 3602 3308 3652 sectam
3337 3599 3581 3672 impiam

1931 3681 2162 3752 sectari,
2195 3685 2260 3736 ut
2289 3680 2457 3737 multi
2508 3685 2800 3738 testantur
2847 3684 3183 3756 scriptores.
3235 3687 3363 3758 Ipse
3410 3692 3586 3746 testa-

1931 3774 2130 3827 mento
2160 3773 2413 3825 testatus
2445 3773 2535 3826 est
2565 3786 2627 3826 se
2659 3771 2806 3825 mori
2841 3771 2897 3826 in
2929 3771 3044 3828 ﬁde
3073 3773 3300 3830 concilii
3344 3776 3582 3846 Nicaeni,

1932 3863 1990 3915 et
2018 3857 2292 3914 detestari
2319 3858 2536 3931 dogma
2565 3859 2816 3931 impium
2845 3859 3218 3929 Arianorum,
3249 3867 3307 3920 et
3353 3865 3455 3938 qui
3486 3884 3586 3924 eos

1932 3952 2343 4020 sequerentur,
2376 3963 2802 4018 nunquamque
2847 3948 3003 4020 (licet
3044 3951 3132 4006 vis
3180 3951 3267 4008 illi
3318 3953 3394 4009 sit
3424 3954 3589 4013 illata

1932 4053 2037 4111 per
2063 4039 2379 4103 tormenta,
2410 4040 2477 4091 ut
2505 4037 2967 4093 communicaret
2984 4038 3178 4096 Sirmii
3203 4058 3339 4099 cum
3359 4043 3587 4103 valente

1932 4130 1990 4183 et
2018 4124 2275 4198 Ursacio)
2308 4123 2480 4181 aliter
2507 4124 2765 4182 sensisse
2795 4132 2898 4183 aut
2927 4129 3299 4200 pradicasse.

2008 4217 2129 4270 171.
2163 4214 2300 4270 Post
2330 4213 2584 4270 reditum
2614 4229 2685 4270 ex
2723 4215 2867 4271 urbe
2915 4216 3150 4288 Sirmio,
3197 4220 3437 4292 scripsit
3483 4220 3592 4279 Ho-

1933 4303 2058 4360 sius
2087 4302 2398 4376 epistolam
2428 4302 2930 4376 Constantio,qu:n
2961 4305 3167 4378 incipit
3193 4325 3207 4363 :
3238 4309 3347 4378 Ego
3375 4311 3593 4381 confes-

1931 4395 2103 4450 sionis
2132 4409 2332 4447 munus
2359 4392 2584 4464 erplevi.

2006 4481 2132 4539 172.
2167 4485 2396 4548 Petrus,
2429 4483 2814 4552 cognomento
2855 4478 3124 4549 Pulcher,
3156 4485 3215 4538 et
3243 4483 3317 4538 ob
3347 4483 3587 4557 elegan-

1933 4571 2080 4628 tiam
2111 4570 2230 4626 oris
2261 4572 2318 4624 et
2350 4567 2534 4624 multo
2575 4568 2764 4642 magis
2791 4568 2865 4625 ob
2914 4586 3144 4626 morum
3193 4572 3587 4643 sanctitatem,

1935 4662 2077 4716 dum
2091 4663 2363 4732 peragrat
2375 4657 2502 4713 loca
2517 4657 3226 4732 sancta,archiepiscopus
3245 4654 3585 4732 Toletanus,

142 4765 323 4816 ctum
357 4757 694 4830 pontificem
717 4754 1100 4812 Melchiadem
1126 4755 1256 4823 ;sed
1277 4754 1486 4838 Dexter
1503 4754 1682 4826 hujus
1709 4772 1824 4812 non
1854 4775 1903 4840 Β
1935 4749 2203 4840 Damasci
2234 4746 2699 4840 comprehensus
2728 4763 2763 4802 a
2791 4747 3179 4816 Saracenis,et
3208 4749 3591 4840 horribilibus

142 4846 460 4905 meminit.

230 4938 365 4993 158.
399 4937 548 4990 Sunt
598 4933 702 5007 qui
752 4933 952 4989 dicant
979 4931 1245 4988 Natalem
1298 4932 1476 4988 etiam
1507 4931 1622 4988 dici
1654 4931 1829 4988 Mari-

141 5043 334 5090 num,
367 5023 457 5081 vel
489 5023 890 5092 Camerinum,
921 5023 1025 5079 sed
1056 5038 1386 5095 perperam.

227 5116 366 5172 459.
404 5111 742 5180 Patruinus,
775 5113 1083 5177 Paternus,
1111 5111 1198 5166 vel
1243 5110 1649 5182 Paternianus,
1695 5128 1825 5167 suc-

141 5204 320 5264 cedit
348 5202 410 5258 in
442 5203 580 5259 sede
607 5201 904 5257 Toletana.
939 5200 1074 5256 Post
1102 5216 1307 5255 novem
1329 5203 1385 5256 et
1414 5199 1619 5273 viginti
1642 5217 1827 5256 annos

139 5295 545 5368 episcopatus
575 5290 821 5348 secessit
849 5290 909 5346 in
939 5287 1309 5345 Palaestinam
1335 5305 1348 5357 ;
1381 5287 1462 5344 ibi
1512 5289 1576 5344 ﬁt
1623 5306 1827 5344 mona-

139 5384 336 5448 chus,
369 5386 428 5438 et
479 5385 647 5454 pater
694 5378 1316 5446 monachorum;mox
1361 5377 1676 5450 episcopus
1725 5378 1826 5446 ﬁt;

139 5471 420 5529 moritur
449 5470 641 5541 major
670 5467 1027 5524 centenario.

224 5561 363 5616 160.
399 5558 768 5614 Maurentius
798 5558 930 5629 ejus
959 5555 1048 5613 vel
1078 5557 1280 5623 frater,
1327 5553 1413 5611 vel
1465 5554 1830 5612 archidiaco-

137 5668 304 5719 nus,
334 5651 580 5705 secutus
613 5651 722 5704 est.

224 5737 363 5795 161.
397 5735 689 5804 Marinus,
714 5735 804 5793 vel
832 5734 1197 5800 Camerinus,
1229 5733 1420 5792 factus
1468 5736 1560 5792 est
1605 5732 1828 5809 episco-

135 5845 274 5909 pus
310 5825 702 5886 Arelatensis.

1937 4838 2233 4895 cruciatus
2262 4835 2656 4909 suppliciis,et
2685 4836 2742 4891 in
2776 4852 3009 4892 crucem
3042 4838 3430 4906 actus,nobile
3447 4857 3591 4898 con-

1939 4926 2256 4984 summavit
2287 4924 2634 4998 martyrium
2665 4941 2818 4981 anno
2849 4925 3081 4981 Domini
3110 4928 3235 4982 752.

2011 5018 2133 5072 173.
2168 5016 2292 5072 Duo
2345 5015 2582 5070 fuerunt
2621 5013 3042 5087 archiepiscopi
3092 5015 3356 5074 Toletani
3404 5019 3592 5076 vocati

1939 5104 2188 5178 Olympii
2223 5121 2236 5159 :
2271 5103 2420 5158 alter
2448 5119 2517 5157 ex
2546 5102 2818 5174 episcopo
2864 5103 3148 5170 Thraciae,
3197 5105 3287 5160 vir
3328 5111 3591 5179 sanctus,

1939 5195 2038 5268 qui
2073 5192 2355 5250 successit
2384 5190 2784 5263 Natali,cujus
2817 5191 3086 5248 meminit
3105 5193 3172 5250 D.
3204 5195 3592 5269 Augustinus;

1937 5284 2084 5341 alter
2113 5283 2213 5356 qui
2251 5279 2520 5336 interfuit
2563 5280 2839 5337 Toletano
2889 5281 3158 5350 concilio,
3207 5300 3278 5340 ex
3323 5284 3596 5361 episcopo

1939 5369 2284 5440 Oxomensi;
2313 5376 2560 5442 uterque
2588 5374 2784 5426 tamen
2817 5369 3033 5427 nobilis
3062 5373 3331 5446 scriptor.

2012 5463 2134 5518 174.
2170 5461 2373 5516 Petrus
2403 5459 2651 5515 Pulcher
2695 5460 2933 5532 scripsit
2978 5461 3051 5517 ad
3095 5461 3452 5521 Clementem
3484 5464 3598 5538 pri-

1940 5569 2106 5609 mum
2136 5551 2476 5624 episcopum
2509 5548 2938 5622 Hispalensem,
2971 5549 3333 5626 clerumque,
3367 5559 3433 5611 ut
3477 5553 3600 5625 pri-

1941 5659 2090 5709 mas,
2123 5639 2280 5713 quod
2311 5655 2464 5695 anno
2497 5640 2608 5694 747
2637 5638 3071 5697 celebraverunt
3121 5646 3391 5698 sanctum
3439 5641 3598 5698 diem

1941 5731 2174 5788 Paschaa
2200 5729 2269 5784 29
2301 5726 2515 5795 Martii,
2549 5743 2683 5784 cum
2715 5728 3268 5787 essetcelebrandus
3295 5733 3331 5784 2
3357 5727 3596 5802 Aprilis.

1941 5818 2262 5896 Rescripsit
2289 5832 2424 5876 vero
2449 5814 2744 5888 Clemens,
2776 5821 2835 5876 et
2862 5816 3075 5888 clerus,
3107 5817 3330 5894 gratias
3360 5829 3562 5895 agens,
