3882 6438
351 453 508 520 H83

1434 447 1808 526 FOLOUINI
1852 449 1916 515 S.
1961 447 2278 514 BERTINI
2323 448 2681 517 MONACHI

3610 456 3769 520 “84

347 594 394 649 ll
425 599 514 650 est
544 591 725 649 divisé
752 607 820 646 en
853 589 1004 664 deus
1031 585 1223 664 livres,
1253 588 1527 664 precedes
1551 587 1724 664 d’une
1754 586 1887 640 liste
1919 587 2021 664 des
2053 587 2232 664 abbes
2261 588 2331 642 de
2362 587 2767 664 Saint-Bertin.
2804 589 2879 645 Le
2913 589 3180 664 premier‘
3211 588 3354 647 livre
3388 607 3450 647 se
3486 607 3765 664 compose

349 665 419 722 de
449 666 710 721 soixante
739 667 796 719 et
829 679 907 717 un
940 659 1229 736 chapit_res
1258 657 1314 736 et
1342 657 1638 736 le__second
1671 659 1742 712 dc
1795 658 2303 736 quatre-viugt-un
2333 663 2416 736 ;_a
2457 659 2514 714 la
2543 660 2695 736 snite
2744 657 3299 736 sontp'transcritesr
3328 680 3402 719 ou
3459 657 3765 736 analy'sées

343 753 483 793 onze
512 737 740 792 chartes
767 728 1099 788 constatant
1131 730 1216 786 les
1247 728 1555 784 donations
1583 747 1656 801 ou
1707 729 2090 801 acquisitions
2121 728 2469 785 immeubles
2501 732 2768 788 affectees
2798 737 2830 788 ὲ
2863 732 3241 789 l’aumOnerie
3273 735 3350 790 du
3398 728 3753 801 monastere,

345 824 410 879 ce
439 808 538 879 qui
571 808 761 879 donne
793 821 871 858 un
903 802 1046 879 total
1075 799 2123 879 de_q_uatre-v_ingt-douze'c‘hapitres
2162 818 2308 870 pour
2337 801 2388 856 le
2421 803 2724 879 deuxjeme
2755 803 2919 879 livre.
2953 805 3039 860 On
3072 806 3194 879 _voit
3229 810 3419 879 meme
3452 824 3556 879 par
3582 807 3638 861 la
3672 799 3760 862 ta-

341 878 434 933 ble
457 871 566 934 'des
595 876 886 948 chapitres
917 873 1121 948 écrites
1154 871 1268 928 ala
1288 874 1400 926 tete
1431 871 1866 948 du’manuscrit
1887 872 1957 925 de
1991 871 2299 948 Doulogne,
2333 890 2447 948 que
2469 875 2529 948 le
2551 875 2851 948 deuxieme
2884 875 3023 948 livre
3054 877 3125 931 de
3150 877 3396 948 Folquin
3433 871 3494 934 se
3525 895 3762 948 compo—

340 949 451 1004 sait
481 943 962 1020 primitivement,
987 945 1135 1020 dans
1167 960 1228 997 cc
1259 943 1602 1020 manuscrit,
1634 943 2331 1020 d_e_qua_tre:vingt-trcize
2359 943 2657 1020 ’chapitres
2685 965 2696 1014 ;
2723 947 2870 1020 mnis
2898 947 2950 1002 le
2983 948 3216 1003 dcrnier
3248 943 3567 1005 feuilletdu
3597 943 3762 1004 volu-

341 1036 434 1094 me
463 1013 636 1094 ayant
665 1015 1042 1094 été_arraché,
1076 1015 1114 1070 il
1148 1031 1402 1094 manq-ue
1433 1013 1806 1094 aujourd'hui
1838 1013 1890 1068 le
1917 1013 2175 1094 chapitre
2205 1017 2274 1070 93
2308 1021 2454 1094 t_out_
2478 1013 2672 1094 :entier
2699 1023 2755 1094 et
2785 1018 2838 1073 la
2871 1019 2948 1073 (in
2983 1020 3061 1074 du
3121 1020 3386 1092 chapitre
3415 1022 3506 1085 92,
3540 1020 3760 1094 lequel,

338 1084 691 1163 ainsi'qu’on
724 1089 844 1144 s’en
877 1103 1184 1160 apercevra
1201 1085 1552 1149 facilement,
1587 1090 1676 1139 est
1706 1084 2022 1155 incomplet
2055 1085 2201 1141 dans
2238 1091 2400 1142 notre
2431 1088 2650 1143 edition
2680 1090 2757 1162 (9)

405 1242 478 1312 (9)
507 1241 648 1312 Voy.

460 1242 478 1368 ἰ
507 1241 648 1312 Voy.
775 1241 877 1295 168
908 1238 978 1324 de
1008 1235 1185 1291 l’édit.
1215 1236 1492 1317 Guérard:
1529 1235 1601 1290 Ce
1631 1235 1890 1316 cbapitre
1919 1236 1988 1290 93
2020 1240 2200 1307 porte,
2238 1209 2475 1320 dansola
2512 1240 2665 1296 table
2697 1241 2797 1296 des
2831 1241 3122 1344 chapitres
3155 1245 3234 1299 du
3293 1244 3620 1302 manuscrit
3680 1245 3753 1301 de

483 1329 653 1368 ogne.
705 1327 735 1367 e
767 1325 1009 1366 numero
1042 1309 1128 1368 95,
1162 1310 1219 1364 et
1247 1307 1299 1363 le
1320 1306 1581 1368 chapitre
1603 1324 1702 1368 qui
1732 1323 1987 1368 manuue
2015 1325 2089 1363 au
2123 1314 2446 1365 manuscrit
2476 1315 2638 1368 porte
2669 1311 2729 1367 lu
2762 1318 3006 1368 numero
3031 1316 3121 1368 94.

334 1306 653 1386 Bo'ulogne,
682 1306 735 1367 le
767 1311 1009 1366 numero
1042 1309 1128 1376 95,
1162 1310 1219 1364 et
1247 1307 1299 1363 le
1320 1306 1581 1379 cbapitre
1603 1306 1702 1379 qui
1732 1323 1987 1380 manque
2015 1306 2089 1363 au
2123 1310 2446 1365 manuscrit
2475 1315 2638 1383 porte
2669 1311 2729 1367 lu
2762 1306 3006 1370 numero
3031 1316 3121 1370 94.

335 1488 3758 1525 W

956 1633 1726 1760 FOLQUINI
1836 1628 2666 1754 CHARTULA
2718 1643 3109 1760 lllUM

1323 1869 1511 1945 (Apud
1543 1873 1609 1924 D.
1644 1869 1925 1939 Guérard,
1957 1870 2269 1930 Cartulaire
2298 1873 2364 1931 de
2385 1875 2540 1931 Saint
2570 1878 2813 1947 Bertz'n.)

1827 2034 2225 2046 —-———————_—

1341 2166 1746 2254 INCIPIT
1802 2168 2136 2255 LIBER
2195 2170 2660 2258 PRIMUS.

395 2471 458 2528 In
492 2467 730 2526 nomine
759 2468 971 2522 sancta:
1001 2467 1059 2519 et
1091 2461 1406 2518 individua
1429 2461 1759 2518 Trinitatis.
1787 2466 1850 2517 In
1873 2463 1976 2518 hoc
2006 2464 2062 2530 Α
2089 2462 2356 2518 vocabuli
2388 2464 2624 2536 ponitur
2653 2463 2866 2534 littera,
2900 2481 2966 2519 eo
3017 2466 3172 2536 quod
3207 2465 3279 2520 ab
3331 2467 3457 2538 ipsa
3510 2475 3758 2542 semper

327 2560 525 2619 codice
554 2561 718 2634 gesta
748 2555 1024 2612 abbatum
1055 2551 1368 2608 Sithiensis
1389 2549 1636 2607 coenobii
1659 2553 1731 2607 de
1750 2568 1975 2624 prome-

325 2668 387 2708 re
417 2649 741 2723 cupientes,
763 2644 852 2702 vel
885 2643 1326 2718 possessionum
1357 2641 1725 2708 traditiones,
1779 2658 1906 2713 qua:
1939 2658 1972 2696 a

325 2739 599 2796 ﬁdelibus
629 2737 740 2792 sub
770 2733 948 2790 unius
978 2732 1385 2802 cujuscunque
1417 2729 1652 2785 illorum
1685 2733 1973 2802 tempore,

325 2845 492 2886 sacro
521 2825 657 2882 huic
689 2824 835 2891 loco,
871 2838 1005 2878 cum
1037 2826 1332 2876 certarum
1383 2819 1782 2890 inscriptione,
1835 2822 1975 2873 sunt

324 2931 633 2982 concessae,
667 2912 1000 2968 describere
1027 2909 1307 2972 volentes,
1342 2925 1376 2962 a
1403 2907 1590 2979 primo
1624 2907 1814 2978 ipsius
1861 2905 1970 2962 loci

324 3007 636 3070 structore,
682 3002 898 3056 domno
948 2999 1201 3063 Bertino,
1254 2997 1496 3063 abbate;
1550 2995 1744 3068 operis
1793 2995 1971 3066 hujus

323 3092 626 3150 exordium
659 3103 967 3145 sumamus
989 3085 1238 3142 Christo.

539 3181 580 3235 l.
606 3178 869 3248 Prologus
893 3174 1154 3245 Folqm'm'
1197 3172 1374 3228 levius
1402 3175 1454 3228 et
1479 3169 1753 3227 monachi.

394 3270 558 3337 Quod
595 3265 966 3339 omnipotens
999 3267 1152 3318 Deus
1183 3277 1335 3334 sepe
1367 3259 1490 3316 suis
1545 3259 1815 3315 fidelibus
1855 3260 1970 3316 duo

323 3356 722 3418 retributionis
753 3353 992 3429 przsmia
1021 3350 1287 3420 dederit,,
1322 3367 1508 3405 unum
1541 3349 1599 3404 in
1632 3349 1811 3421 hujus
1841 3349 1969 3405 vita:

323 3445 810 3523 peregrinatione,
874 3441 1124 3498 alterum
1155 3439 1215 3494 in
1248 3442 1528 3512 perpetua
1579 3454 1969 3509 supernorum

321 3536 771 3610 tranquillitate,
805 3531 949 3588 satis
977 3533 1180 3587 sancta
1210 3528 1508 3602 paginula,
1542 3527 1838 3600 sapienter
1867 3544 1970 3581 an-

323 3627 500 3685 serini
531 3623 784 3682 vomeris
806 3621 991 3679 cultro
1015 3619 1256 3686 sulcata,
1281 3617 1785 3690 perscrutantibus
1810 3620 1970 3687 pate-

325 3717 480 3773 fecit.
499 3731 635 3770 nam
649 3714 744 3768 hic
757 3709 1227 3784 quamplurimos
1241 3707 1393 3779 apud
1410 3705 1969 3777 homines,quandiu

321 3805 526 3862 vivunt
539 3800 818 3857 almifluis
841 3799 1120 3854 virtutum
1145 3795 1444 3852 miraculis
1465 3794 1826 3850 coruscando
1848 3811 1970 3849 ma-

324 3893 540 3949 nifesta
570 3905 718 3960 quos
748 3893 951 3960 postea
981 3888 1039 3941 in
1069 3889 1286 3941 aeterna
1325 3883 1686 3955 quietudine,
1722 3899 1825 3955 pro
1880 3883 1970 3938 sui

324 3978 544 4037 laboris
571 3978 803 4043 sudore,
829 3975 1126 4047 quiescere
1149 3971 1562 4046 perpetualiter
1583 3977 1837 4043 praestat.
1863 3972 1974 4027 Un-

325 4071 397 4126 dc
431 4084 662 4140 quoque
686 4066 773 4131 ﬁt,
789 4070 874 4135 ut,
893 4079 1094 4120 eorum
1112 4060 1722 4127 memorialaudando,
1742 4078 1974 4134 semper

327 4158 662 4232 magniﬁcet
685 4157 742 4211 in
768 4154 958 4221 terris,
974 4167 1222 4225 quorum
1242 4149 1647 4222 perpetuitatis
1665 4150 1972 4206 nominain

327 4246 663 4305 coelestibus
675 4241 1123 4300 conscribantur
1145 4238 1315 4295 albis.
1342 4239 1495 4293 Inter
1515 4255 1662 4310 quos
1674 4239 1842 4295 nobis
1857 4257 1972 4311 prae

327 4337 552 4394 cateris
573 4353 729 4392 unus
749 4347 944 4390 coram
968 4331 1083 4386 Deo
1108 4328 1496 4400 praesentique
1520 4326 1753 4395 saeculo,
1788 4328 1976 4384 carior

327 4424 599 4482 consistit
628 4426 941 4496 patrouus;
976 4417 1076 4490 qui
1107 4415 1259 4472 visui
1317 4420 1526 4471 nostra}
1569 4416 1805 4482 mentis,
1839 4434 1973 4472 cum

328 4515 448 4572 alta
477 4525 745 4584 superna:
779 4505 1174 4565 meditationis
1220 4504 1504 4571 ascendit,
1547 4504 1840 4577 gloriosus
1872 4523 1974 4578 ap-

327 4606 493 4676 paret
518 4599 698 4655 veluti
731 4613 944 4653 aureus
974 4595 1168 4662 Titan,
1201 4610 1334 4649 cum
1367 4609 1512 4648 novo
1546 4610 1736 4661 mane,
1773 4611 1978 4650 crocea

327 4690 669 4761 relinquens
701 4686 918 4742 cubilia
941 4682 1364 4756 septemplicia,
1417 4681 1678 4754 praeclari
1709 4682 1974 4749 luminis,

329 4797 432 4854 per
461 4783 652 4834 totum
685 4774 925 4850 proclivi
957 4772 1152 4829 sweuli
1185 4770 1492 4828 rotabilem
1515 4771 1734 4839 orbem,
1763 4771 1979 4843 fugatis

2086 2552 2274 2608 bonus
2305 2553 2572 2608 extiterat
2590 2553 2854 2608 infantia.
2878 2555 2923 2608 E
2942 2555 2982 2608 li
3003 2553 3276 2609 similiter
3295 2553 3520 2626 syllaba
3543 2557 3743 2631 sequi-

2083 2645 2197 2710 tur,
2236 2659 2361 2713 quze
2385 2642 2559 2696 datur
2581 2641 2830 2714 intelligi
2849 2643 3190 2698 hwreditarii
3207 2644 3558 2715 significatio
3581 2649 3706 2702 tota
3731 2667 3745 2712 ;

2084 2734 2424 2802 mutataque
2451 2732 2496 2784 li
2525 2730 2584 2784 in
2614 2747 2707 2797 na,
2739 2729 2967 2803 syllaba
2998 2731 3191 2786 adhuc
3214 2749 3350 2800 una,
3384 2733 3455 2787 ab
3481 2749 3549 2789 eo
3581 2737 3742 2807 quod

2081 2823 2264 2889 natus,
2300 2825 2364 2874 ut
2395 2819 2476 2874 ita
2508 2819 2925 2892 conglomerati
2959 2821 3357 2876 subinferatur
3386 2821 3512 2894 ipse
3565 2823 3744 2880 bonus

2082 2908 2252 2963 ha’res
2283 2908 2452 2964 nobis
2482 2913 2664 2976 natus,
2699 2914 2756 2964 et
2786 2927 2820 2964 a
2849 2909 3096 2964 Domino
3146 2910 3282 2977 Deo,
3317 2909 3442 2968 suis
3489 2910 3741 2968 feliciter

2081 2997 2448 3070 exigentibus
2471 2998 2717 3062 meritis,
2751 2997 2810 3052 in
2843 2998 3057 3053 szecula
3087 2999 3283 3060 datus.
3312 2999 3466 3054 unde
3494 3017 3601 3071 pre
3634 3017 3738 3056 no-

2081 3085 2217 3142 stris
2245 3086 2600 3142 facinoribus
2622 3087 2973 3142 intercessor
2997 3087 3258 3159 quotidie
3285 3086 3553 3144 consistit
3581 3105 3734 3160 pra:-

2080 3174 2309 3247 cipuus.
2339 3176 2504 3230 Nunc
2533 3175 2714 3249 igitur
2738 3192 2851 3231 non
2879 3179 2968 3230 est
2997 3192 3254 3244 necesse,
3278 3191 3384 3232 nec
3413 3176 3521 3233 hoc
3548 3177 3733 3234 etiam

2081 3268 2292 3320 nostra)
2325 3264 2454 3337 opis
2483 3269 2592 3333 est,
2627 3269 2692 3320 ut
2721 3265 2864 3320 tanti
2889 3265 3116 3337 patroni
3148 3263 3450 3336 miracula,
3475 3283 3604 3339 qua:
3627 3283 3737 3338 per

2080 3351 2248 3408 illum
2277 3353 2581 3422 Dominus,
2617 3353 2744 3425 ipso
2777 3353 3044 3408 adbucin
3077 3370 3315 3425 corpore
3337 3353 3737 3428 vivente,ope-

2081 3457 2208 3496 rare
2239 3441 2514 3513 dignatus
2541 3445 2631 3497 est
2662 3459 2840 3514 quam
2873 3441 3147 3514 plurima,
3172 3442 3265 3497 hic
3295 3446 3506 3498 nostra:
3525 3437 3735 3498 solidi-

2080 3531 2220 3586 tatis
2252 3547 2444 3586 sermo
2475 3531 2532 3585 in
2566 3531 2746 3602 hujus
2775 3531 3076 3587 brevitatis
3104 3531 3462 3587 succintione
3478 3529 3563 3588 vel
3588 3531 3735 3606 quid

2081 3635 2290 3691 parum
2334 3625 2651 3691 praesumat
2697 3623 2936 3692 tangere
3002 3620 3286 3688 audacia;
3347 3637 3482 3676 nam
3533 3621 3740 3676 omnia

2083 3724 2208 3780 quae
2239 3708 2501 3780 quandiu
2533 3709 2591 3763 in
2627 3708 2734 3764 hoc
2777 3709 2998 3765 mundo
3032 3708 3256 3764 felicem
3315 3710 3524 3782 agebat
3551 3708 3735 3764 vitam

2079 3796 2168 3852 vel
2201 3796 2259 3851 in
2307 3796 2400 3852 sui
2431 3797 2716 3854 transitus
2747 3797 2998 3853 novitate
3059 3798 3291 3854 fuerant
3332 3797 3503 3865 facta,
3563 3796 3736 3853 valde

2084 3886 2270 3958 perita
2302 3903 2513 3942 manus
2543 3887 2847 3958 scriptoris
2879 3887 2936 3941 in
2962 3904 3070 3942 sua
3100 3885 3432 3961 legentibus
3465 3889 3736 3959 patenter

2081 3975 2262 4030 edidit
2277 3975 2548 4045 vita(10);
2567 3993 2671 4032 vos
2689 3975 2925 4031 interim
2947 3976 3019 4031 ad
3044 3974 3394 4048 multiplicia
3413 3976 3543 4047 ejus
3561 3975 3737 4030 desu-

2081 4064 2376 4132 damenta,
2411 4081 2539 4135 quze
2599 4082 2702 4137 pro
2733 4064 2842 4120 loci
2900 4065 2990 4120 sui
3023 4065 3312 4121 ereetione
3367 4063 3735 4120 laboratione

2084 4154 2872 4227 sudavitassidua,0ptamus
2892 4153 3048 4209 dicta
3065 4152 3435 4221 reﬂectere,si
3450 4151 3575 4224 ipse
3590 4169 3738 4224 quo-

2085 4259 2198 4315 que
2227 4243 2502 4314 dignetur
2533 4243 2757 4299 adesse.
2777 4242 2946 4308 Nam,
2972 4259 3130 4308 cum,
3156 4241 3380 4309 relicta,
3404 4241 3734 4298 secundum

2083 4331 2316 4387 Domini
2344 4335 2719 4404 praeceptum,
2746 4331 2932 4403 patria
2953 4331 3147 4386 Sithiu
3170 4347 3305 4387 cum
3329 4331 3560 4387 duobus
3583 4331 3738 4386 adis-

2085 4424 2173 4476 set
2202 4419 2349 4486 loca,
2383 4425 2522 4476 tunc
2557 4420 2856 4492 temporis,
2891 4420 2963 4476 ob
2996 4419 3240 4476 nimiam
3278 4419 3602 4476 multorum
3633 4436 3735 4492 pa-

2084 4509 2290 4564 ludum
2324 4509 2692 4582 putredinem
2723 4509 2810 4565 vel
2841 4523 3149 4565 nemorum
3210 4509 3581 4576 densitatem,
3635 4525 3738 4580 per

2085 4598 2284 4654 omnia
2315 4598 2533 4653 invenit
2563 4599 2815 4666 deserta,
2843 4615 2947 4654 nec
2979 4599 3051 4654 ad
3084 4614 3229 4653 usus
3261 4597 3591 4673 hominum,
3623 4596 3734 4654 nisi

2087 4687 2243 4759 quod
2276 4691 2331 4742 et
2362 4687 2554 4742 adhuc
2603 4687 2810 4742 incolis
2843 4704 2960 4742 non
3010 4687 3172 4742 deest
3199 4704 3302 4758 pro
3361 4685 3738 4758 capescendis

2087 4775 2597 4848 squamigerorum
2616 4775 2952 4847 generibus,
2967 4776 3122 4847 quod
3138 4791 3401 4847 unquam
3420 4773 3737 4839 utilia.0uo

329 4852 610 4932 tenebris,
643 4882 751 4922 sua
773 4863 989 4921 emittit
1010 4860 1261 4935 spicula;
1283 4860 1421 4932 quia
1441 4860 1499 4915 in
1525 4859 1683 4916 illius
1707 4865 1864 4932 typo,
1879 4877 1982 4932 per
2091 4866 2149 4920 in
2181 4863 2306 4920 loco
2338 4869 2578 4920 sanctus
2607 4864 2696 4919 vir
2725 4867 2956 4920 tantum
2988 4865 3046 4919 in
3073 4863 3174 4920 Dei
3205 4864 3442 4920 nomine
3481 4852 3739 4932 sudavit,

331 4957 517 5016 sancti
538 4953 871 5029 pneumatis
889 4969 1155 5018 munera,
1175 4951 1246 5007 ad
1265 4965 1523 5006 amorem
1543 4949 1642 5005 Dei
1664 4949 1980 5004 electorum
2090 4958 2156 5009 ut
2170 4953 2444 5026 primitus
2463 4952 2656 5009 nobile
2678 4953 2987 5025 templum,
3008 4952 3304 5026 lapidibus
3321 4952 3636 5024 rubrisque
3655 4951 3740 5008 la-

330 5062 483 5119 sape
514 5043 874 5100 sufficienter
895 5041 1295 5098 accenduntur
1310 5039 1506 5095 corda.
1535 5039 1896 5111 Quapropter
1920 5037 1980 5092 in
2090 5042 2314 5098 teribus
2345 5041 2852 5108 intermixtum,in
2884 5041 3068 5097 altum
3092 5043 3366 5115 erigeret;
3391 5041 3561 5116 cujus
3583 5057 3652 5096 ex
3666 5041 3744 5095 vi-

331 5135 538 5209 primis
556 5133 799 5188 Latinus
821 5147 1012 5188 sermo
1035 5129 1486 5201 aethimologiam
1512 5128 1603 5182 sui
1629 5127 1888 5183 nominis
1911 5127 1980 5182 li-
2021 5198 2054 5209 _
2093 5132 2223 5186 cino
2255 5130 2561 5200 columnae,
2587 5145 2837 5202 quarum
2873 5131 3164 5203 capitibus
3196 5128 3446 5203 singulis
3467 5128 3744 5201 imposita

332 5198 460 5281 cere
491 5223 603 5277 sibi
636 5222 978 5294 depromere
1033 5198 1535 5291 diligenter‘petit,
1569 5232 1745 5288 quem
1790 5215 1984 5272 omnis
2014 5198 2057 5265 C
2094 5219 2408 5288 testudine,
2441 5198 2755 5290 utramque
2785 5198 3066 5290 parietem
3096 5198 3342 5275 ﬁrmiter
3371 5198 3740 5284 sustentant;

331 5312 499 5386 plebs
528 5310 755 5382 vulgari
787 5307 1036 5381 simplici
1069 5306 1348 5364 vocabulo
1397 5305 1666 5361 Bertinus
1707 5309 1984 5360 consuete
2093 5324 2198 5363 nec
2223 5307 2422 5364 minus
2453 5308 2698 5362 interius
2729 5307 2964 5364 oratorii
2994 5308 3329 5379 pavimenta
3357 5305 3743 5362 multicoloris

331 5400 715 5475 promit,quia
731 5400 858 5470 ejus
882 5397 1538 5470 signiﬁcationem,cum
1565 5393 1642 5449 sit
1668 5394 1980 5466 profunda,
2093 5401 2390 5468 petrarum
2415 5398 2716 5467 junctura,
2749 5413 2875 5468 quas
2898 5395 3168 5468 pluribus
3191 5397 3251 5451 in
3282 5395 3425 5451 locis
3449 5411 3629 5450 aurea
3652 5394 3744 5449 in-

331 5491 544 5547 melius
577 5504 916 5562 nuncupare
948 5503 1061 5544 non
1093 5485 1272 5542 novit.
1310 5489 1353 5539 B
1382 5485 1538 5539 enim
1571 5483 1763 5555 prima
1795 5483 1982 5554 ipsius
2093 5488 2282 5558 ﬁgunt
2316 5485 2617 5554 lammina,
2649 5485 2918 5541 decenter
2949 5485 3272 5542 adornavit.
3305 5485 3487 5556 Cujus
3539 5482 3745 5558 templi

401 5670 512 5743 (l0)
540 5671 597 5726 S.
632 5667 846 5725 Bertini
867 5665 1176 5743 Vitaedita
1197 5667 1284 5719 est
1314 5680 1348 5718 a
1382 5661 1601 5718 Mabill.
1635 5679 1754 5718 δίκε.
1789 5664 1986 5720 Bened.
2021 5663 2090 5720 II.
2121 5671 2272 5738 part.
2308 5683 2346 5738 ι,
2367 5683 2500 5739 pag.
2534 5666 2632 5721 108
2655 5667 2712 5721 et
2739 5664 3382 5736 seqq.etaBollandist.
3416 5664 3578 5736 Sept.
3608 5665 3649 5718 t.
3675 5662 3742 5729 ll,

331 5760 466 5818 pag.
496 5740 622 5812 586,
655 5745 713 5798 et
745 5758 898 5815 sqq..
926 5740 1033 5796 590
1061 5740 1117 5794 et
1147 5752 1310 5809 seqq.
