1941 3248
84 287 163 318 1197

782 289 1108 322 CHARTULABIUM.

1721 289 1800 320 M98

83 353 225 391 genitrice
240 355 340 382 nostra
350 353 563 383 Chrotechildis
579 356 680 392 regina
691 363 798 384 monns
809 357 915 385 nostra:
929 357 956 391 Α
972 356 1063 389 misit,
1082 358 1114 384 ut
1129 356 1228 384 relicto
1253 357 1408 384 mundana:
1438 356 1647 393 implicationis
1673 356 1799 392 negotio,

85 397 248 435 signaculis
263 398 365 426 subter
380 407 444 427 eam
468 399 650 427 decrevimus
673 399 856 427 conﬁrmare.
874 399 916 427 Si-

83 450 177 479 gnum
193 442 312 479 gloriosi
320 443 475 471 Chlodovei
489 444 704 481 regis.Signum
716 444 859 480 praecelsa;
870 452 917 480 ge-

85 487 200 515 nitricis
216 489 322 516 nostrae
339 487 560 516 Chrodecbildis
575 489 680 525 reginas
697 489 764 525 (37).

119 533 226 560 Actum
248 532 303 560 sub
329 532 376 560 die
390 541 399 560 1
415 532 477 561 Kal.
494 532 609 567 Junias,
636 541 713 561 anno
729 541 738 560 ι
755 532 838 570 regni
864 541 916 561 no-

84 576 136 604 stri
142 598 149 604 .

100 629 160 657 XV.
176 631 213 658 De
228 633 313 658 morte
329 630 454 658 Clodevei
471 633 498 659 et
514 632 684 659 successione
698 630 857 664 Hildeberti,
873 632 900 658 et

348 666 498 702 privilegio
518 667 647 703 ejusdem.

118 719 195 755 (698)
211 721 295 747 Anno
323 719 412 747 etiam
442 720 599 748 Dominicae
626 719 838 748 incarnationis
852 719 915 753 684,

82 770 152 792 cum
175 764 332 792 decedente
354 764 473 800 prmfato
495 773 562 801 rege
577 765 729 798 CIodoveo,
742 772 818 792 anno
834 764 916 800 regni

82 809 149 845 ejus
159 808 213 845 (38)
230 818 260 844 ir,
274 809 365 836 frater
379 809 443 844 ejus
461 809 648 837 Hildebertus
665 810 844 837 Francorum
857 808 917 844 glo-

82 854 160 881 riose
171 853 348 890 sumpsisset
358 853 527 889 imperium,
538 862 615 881 anno
627 862 657 881 ιιι
671 853 753 889 regni
764 854 838 889 ejus,
850 852 918 880 fecit

79 897 161 926 idem
177 906 227 926 rex
242 898 350 926 domno
365 897 483 925 Bertino
494 897 682 934 privilegium
694 898 779 934 regiae
792 897 918 924 auctori-

80 942 332 976 tatis,secundum
342 942 546 977 suprascripta:
553 941 777 978 conscriptionis
785 943 917 968 tenorem

78 995 175 1023 quam
190 987 227 1014 ab
249 989 433 1014 antecessore
457 995 511 1014 suo
537 986 679 1014 Clodoveo
706 994 773 1023 rege
797 987 916 1019 factam,

972 401 1094 429 liberius
1104 404 1220 429 vacaret
1231 401 1298 429 Deo.
1311 401 1363 428 Hic
1374 402 1429 429 sub
1439 403 1570 437 tempore
1581 400 1732 438 regiminis
1744 400 1800 433 sui,

971 447 1079 474 domno
1093 446 1211 474 Bertino
1222 446 1375 473 ordinante
1387 446 1557 481 etjubente,
1569 445 1731 474 construxit
1743 453 1803 472 mo-

972 493 1133 518 nasterium
1150 491 1179 518 in
1196 491 1305 518 honoro
1328 491 1421 518 sancti
1437 490 1566 524 Martini,
1580 490 1630 526 qui
1653 498 1731 518 nunc
1746 489 1802 517 loci

972 538 1060 571 caput
1076 538 1104 563 et
1119 535 1207 562 totius
1223 535 1346 562 abbatis:
1362 534 1546 570 principatus
1562 534 1670 568 existit,
1686 541 1802 561 annOVI

972 580 1053 615 regni
1071 579 1239 612 iliIdeberti,
1257 580 1307 615 qui
1333 581 1394 607 erat
1415 587 1510 606 annus
1534 578 1691 606 Dominicze
1706 578 1800 605 incar-

971 624 1100 651 nationis
1114 625 1167 650 689
1180 624 1246 658 (41),
1261 626 1315 651 sub
1331 623 1470 659 pontiﬁce
1484 623 1694 651 Tarwanensis
1706 622 1802 650 Eccle—

971 668 1020 695 δῖε
1038 669 1216 704 Ravangero.
1234 668 1284 695 lIic
1301 668 1389 696 etiam
1413 668 1467 695 sub
1491 676 1567 695 anno
1584 667 1741 695 Dominicis
1758 667 1802 694 in-

971 713 1149 740 carnationis
1165 713 1227 746 693Υ
1244 714 1385 748 regnante
1405 711 1531 748 glorioso
1553 720 1620 748 rege
1635 711 1802 738 Hildeberto

972 766 1047 784 anno
1063 766 1091 790 x,
1108 758 1179 784 emit
1202 766 1218 784 a
1242 757 1302 784 viro
1333 757 1472 792 quodam,
1501 756 1645 784 Eodberto
1672 755 1802 790 nomine,

971 801 1070 828 villain
1087 801 1245 836 quamdam
1261 801 1403 828 vocabulo
1425 800 1588 834 Rumliaco,
1603 799 1706 828 solidis
1722 799 1803 827 mille

972 846 1160 881 quingentis;
1178 846 1262 880 cujus
1279 845 1435 881 emptionis
1449 847 1529 873 certa
1544 844 1642 872 taliter
1657 846 1701 871 est
1716 844 1801 871 facta.

1001 903 1097 930 XVIII.
1110 904 1217 938 Emptio
1233 903 1371 937 Rigobcrti
1384 902 1491 929 abbatis
1506 902 1537 929 de
1552 903 1689 930 Nuntiaco
1705 901 1773 937 (42).

1008 960 1131 988 Domino
1143 963 1244 987 sancto
1260 962 1288 987 et
1302 960 1331 987 in
1344 960 1460 987 Christo
1472 959 1629 987 venerabili
1639 958 1700 986 viro
1716 959 1802 995 Rigo-

972 1004 1065 1037 berto,
1076 1005 1174 1032 abbati
1192 1006 1227 1032 de
1241 1005 1419 1032 monasterio
1431 1004 1537 1038 Sithiu,
1549 1004 1726 1032 Eodebertus
1736 1012 1804 1031 ven-

77 1030 582 1084 surzrsamconservares-quod
595 1030 779 1084 ρνίγίξεείυω
791 1030 839 1084 ego
851 1030 914 1079 ίιξεο
929 1042 954 1074 Β
969 1030 1185 1077 sufetes.
1195 1030 1803 1084 esse;:e.gi'e;;aa;,.g,’;ssem.

78 1075 263 1109 omittimus,
276 1083 312 1103 ne
327 1075 493 1111 conscripta
508 1075 613 1103 iterare
627 1075 787 1103 videamur.
797 1075 856 1103 Nos
869 1074 914 1102 in-

77 1119 171 1148 terim
187 1120 223 1147 ad
240 1119 452 1155 subsequentia
466 1119 651 1147 festinemus.

75 1172 150 1200 XVI.
162 1172 238 1206 Quod
253 1172 419 1208 multaratia,
430 1180 458 1199 se
468 1174 582 1207 vivente,
594 1173 760 1208 acquisz'erit,
769 1174 794 1200 et
804 1172 837 1200 de
846 1171 916 1200 cella

171 1207 347 1236 Waromhold
361 1208 443 1242 dicta,
460 1210 488 1235 et
502 1211 597 1236 sancto
616 1207 745 1237 Winnoco
757 1208 824 1244 (39).

114 1264 183 1289 Haec
199 1263 227 1289 et
243 1260 300 1289 alia
316 1269 405 1297 quam
421 1261 560 1297 plurima,
571 1270 602 1290 se
616 1261 712 1289 adhuc
722 1261 846 1294 vivente,
857 1269 918 1289 mo.

76 1306 209 1334 nasterio
221 1314 275 1334 suo
287 1306 407 1334 adauxit
416 1314 484 1334 cum
502 1306 616 1342 ingenti
636 1306 917 1334 desudatione.Mul-

82 1353 114 1378 ta
124 1351 214 1379 etiam
225 1352 373 1387 preterea,
381 1350 487 1386 partim
499 1351 715 1386 praecedentum
727 1350 919 1386 incuria,par-

81 1396 138 1423 tim
155 1403 272 1431 quoque
288 1394 429 1422 diuturna
441 1397 586 1423 vetustate
602 1395 751 1429 demolita,
761 1394 848 1422 nobis
863 1395 918 1423 ha-

82 1442 189 1468 ctenus
205 1441 325 1468 manent
348 1439 509 1476 incognita.
522 1440 640 1468 Certum
661 1441 705 1468 est
724 1441 823 1467 autem
839 1439 918 1476 quod

83 1485 167 1512 omni
181 1484 246 1512 vitae
262 1493 322 1513 suas
338 1486 469 1520 tempore
486 1484 516 1512 in
532 1484 744 1521 praeparatione
758 1483 813 1511 loci
830 1483 886 1512 sibi
902 1492 919 1511 a

82 1529 210 1557 Domino
224 1528 325 1557 traditi
350 1528 504 1563 sudasset;
521 1529 598 1556 unde
615 1537 666 1556 nec
682 1528 805 1562 abstitit,
827 1528 919 1556 donec

83 1574 193 1611 priscis
204 1573 391 1601 monasteriis
402 1573 492 1610 regali
505 1573 676 1601 auctoritate
692 1572 868 1601 constructis
877 1581 919 1600 re<

83 1618 205 1655 galibus
215 1617 376 1654 privilegiis
386 1619 415 1645 et
423 1620 567 1646 terrarum
580 1617 729 1653 opulentia
744 1619 917 1653 corequaret.

83 1663 163 1697 Quin
180 1663 269 1691 etiam
285 1665 313 1690 et
326 1662 384 1690 alia
397 1662 607 1690 monachorum
624 1662 765 1696 ccenobia,
776 1670 807 1690 se
823 1661 919 1693 adhuc

81 1709 211 1741 vivente,
225 1707 398 1741 construxit,
410 1715 445 1734 ex
460 1706 567 1743 quibus
582 1715 675 1734 unum
688 1709 734 1734 est
745 1706 822 1743 quod
836 1714 919 1734 voca-

84 1755 135 1781 tur
146 1751 432 1788 Woromhold,quod
446 1751 565 1787 quidam
581 1751 626 1778 vir
640 1751 731 1785 dives,
742 1751 919 1779 Heremarus

84 1797 220 1830 nomine,
239 1796 333 1824 eidem
349 1796 410 1823 viro
431 1795 482 1823 Dei
498 1795 684 1823 contradidit.
703 1795 829 1823 Sanctus
852 1803 920 1823 vero

85 1841 226 1870 Bertinus
243 1848 391 1868 servorum
409 1840 460 1867 Dei
482 1839 677 1875 multiplicare
688 1839 788 1867 volens
803 1839 920 1866 habita-

84 1886 164 1919 cula,
182 1886 239 1913 hoc
254 1885 352 1922 ipsum
376 1884 542 1912 coenobium
559 1886 686 1920 quatuor
708 1884 789 1917 viris,
806 1884 841 1910 ad
857 1892 888 1911 se
904 1891 920 1910 a

84 1930 245 1959 Britanniae
258 1929 391 1966 partibus
403 1929 637 1961 advenientibus,
649 1936 680 1956 se
691 1928 921 1955 construendum

85 1975 311 2012 regendumque
328 1972 666 2006 commisit,0uadonoco
682 1972 816 1999 videlicet
830 1974 858 1999 et
874 1974 921 1998 In-

86 2028 211 2057 genoco,
227 2018 346 2046 Madoco
367 2020 528 2053 sanctoque
544 2016 698 2049 Winnoco,
711 2018 743 2044 ut
757 2015 828 2044 inibi
846 2024 922 2043 rece-

85 2065 221 2102 ptionem
238 2071 402 2099 pauperum
414 2062 624 2094 construendo,
636 2061 785 2097 hospitum
799 2060 924 2097 peregri-

86 2116 258 2145 norumque
274 2115 376 2135 curam
393 2108 528 2143 gererent
544 2115 602 2134 non
618 2106 764 2133 modicam
779 2105 808 2132 in
825 2113 924 2133 neces-

86 2154 176 2182 sariis
194 2151 439 2181 administrando.
452 2151 521 2179 Post
535 2151 690 2178 decessum
704 2158 771 2178 vero
788 2149 925 2185 supradi-

88 2201 207 2227 ctorum
221 2197 313 2224 trium
329 2195 472 2229 virorum,
483 2195 643 2228 Quadonici
659 2194 793 2222 videlicet
807 2196 835 2222 et
845 2194 927 2230 lnge.

89 2244 156 2273 noci
172 2245 204 2270 et
219 2241 347 2275 Madoci,
360 2242 481 2268 sanctus
494 2239 641 2272 Bertinus,
653 2239 852 2267 conventiculo
869 2239 926 2267 fra-

88 2290 170 2316 trum
189 2286 263 2314 inibi
288 2285 468 2322 degentium,
490 2285 607 2313 beatum
632 2284 777 2312 concessit
802 2292 927 2320 prmesse

88 2333 285 2365 Winnocum,
297 2330 368 2366 quia
384 2330 419 2357 de
435 2330 499 2365 ejus
512 2329 572 2357 vita
586 2331 615 2356 et
627 2328 759 2356 moribus
772 2337 830 2356 non
845 2327 929 2356 dubi-

89 2378 185 2411 tabat,
198 2384 287 2412 quem
311 2383 410 2403 secum
427 2374 463 2402 ad
489 2373 614 2401 infantia
628 2372 683 2400 sub
699 2372 851 2400 Dominica
865 2381 927 2400 mo-

90 2410 216 2450 nasterii
232 2419 312 2448 scola
334 2418 501 2447 nutriebat:
516 2418 603 2452 cujus
628 2417 718 2445 vitam
741 2418 771 2444 et
792 2416 927 2451 virtutes,
943 2410 966 2442 Β

91 2466 142 2503 qui
154 2465 312 2502 diligenter
321 2463 497 2500 investigare
507 2462 642 2495 voluerit,
651 2470 668 2489 a
679 2462 807 2497 quodam
820 2461 928 2498 eligen-

91 2511 209 2539 tissime
220 2508 429 2544 conscriptam,
440 2506 569 2535 invenire
581 2506 657 2543 apud
671 2514 727 2533 non
743 2506 859 2542 poterit.
871 2506 928 2533 Nos

92 2556 214 2584 interim
231 2555 327 2590 ccepta
341 2560 560 2589 percurramus.

110 2608 199 2638 XVII.
216 2606 302 2642 Quod,
313 2614 341 2634 se
355 2606 472 2640 vivente,
488 2605 580 2642 beatus
594 2604 723 2642 Bertieus
739 2604 912 2639 Rigobertum

321 2642 448 2670 abbatem
462 2641 633 2669 ordinauerit
649 2640 715 2676 (40).

131 2699 223 2727 Beato
239 2697 330 2734 igitur
344 2695 461 2723 Bertino
474 2694 537 2730 jam
552 2694 583 2721 in
599 2693 715 2721 senium
728 2695 874 2729 vergente,
886 2702 930 2721 re-

98 2744 198 2781 gimen
214 2740 341 2770 caenobii
365 2740 411 2768 sui
434 2738 588 2775 Rigoberto
603 2736 761 2765 venerabili
775 2737 837 2765 viro
852 2746 931 2765 com-

145 2815 192 2850 37)
208 2813 261 2842 Hic
278 2812 408 2841 omissus
423 2811 486 2850 dati
496 2809 766 2850 privilegiilocusAa
781 2808 931 2850 Folquino.

147 2845 346 2887 38')77Begnare
358 2848 448 2887 coepit
459 2845 618 2887 Clodoveus
631 2846 665 2874 Ill
678 2855 707 2887 ξιἶ
713 2845 766 2887 _t_391
782 2848 848 2881 post
859 2854 935 2887 mpr-

135 2857 195 2888 (38)
213 2857 346 2886 negnare
361 2857 448 2912 (ΚΒΓιὶ
459 2857 618 2887 Uloaoveus
631 2857 665 2874 ιιι
678 2857 766 2886 ειη-ωτι
782 2857 848 2881 post
859 2857 933 2874 uior-

98 2889 159 2916 tem
191 2884 366 2925 Tbeoderici
390 2884 439 2918 II,
458 2884 548 2924 patris
566 2891 630 2923 sui;
661 2881 791 2925 obiitque
818 2889 845 2925 ιι.
870 2882 933 2917 695,

100 2930 206 2955 mense
221 2920 338 2954 Martio,
353 2920 372 2949 i.
388 2928 413 2948 e.
429 2916 517 2956 regni
527 2918 574 2946 sui
584 2926 616 2956 pa.
634 2916 857 2956 Iv_vel_i_ncunte
871 2926 898 2948 ν,

135 2958 195 3003 (39)
211 2957 255 2989 Cf.
272 2952 379 2992 Joann.
394 2952 478 2998 Iper.‘
487 2954 612 2988 ChrOnic.
629 2952 685 2985 col.
701 2952 765 2985 473.

971 1094 1047 1121 sima
1061 1094 1210 1121 voluntate
1225 1093 1306 1121 vobis
1317 1094 1495 1127 vendidisse,
1508 1095 1536 1120 et
1551 1093 1592 1120 ita
1607 1093 1736 1126 vendidi,
1748 1095 1804 1120 tra-

972 1138 1093 1170 didisse,
1111 1140 1140 1165 et
1154 1138 1195 1165 ita
1210 1138 1315 1164 tradidi
1332 1138 1366 1165 de
1386 1139 1530 1173 presente,
1546 1137 1602 1164 hoc
1619 1139 1663 1165 est
1685 1145 1802 1164 omnem

972 1191 1031 1210 rem
1050 1182 1190 1217 portionis
1207 1190 1280 1215 mee,
1298 1182 1326 1208 in
1350 1181 1412 1209 loco
1432 1183 1622 1217 nuncupante
1638 1180 1800 1215 Rumliaco,

970 1226 999 1253 in
1016 1235 1089 1262 pago
1104 1226 1415 1261 Taruanninse,quam
1430 1226 1465 1253 dc
1481 1227 1562 1261 parte
1579 1225 1632 1252 lilii
1648 1225 1704 1253 mei
1716 1225 1805 1261 Char.‘

971 1271 1082 1298 deborti
1098 1271 1260 1307 quondam,
1277 1279 1311 1298 ex
1330 1270 1463 1298 luctuosa
1487 1270 1647 1298 hereditate
1663 1270 1736 1297 mihi
1751 1269 1801 1297 ob-

970 1315 1059 1349 venit,
1076 1315 1105 1342 id
1123 1317 1177 1348 est,
1190 1323 1257 1342 cum
1273 1315 1370 1348 terris,
1383 1315 1530 1348 domibus,
1543 1314 1676 1348 ediﬁciis,
1689 1314 1802 1341 manci-

973 1360 1039 1395 piis,
1050 1359 1140 1393 silvis,
1154 1359 1255 1395 pratis,
1268 1359 1397 1395 pascuis,
1412 1359 1497 1394 aquis
1509 1365 1687 1394 aquarumve
1702 1358 1803 1385 decur-

973 1404 1064 1437 sibus,
1078 1403 1237 1431 mobilibus
1253 1405 1281 1431 et
1296 1403 1509 1435 immobilibus,
1527 1401 1687 1436 farinariis,
1701 1409 1803 1437 greges

974 1457 1041 1476 cum
1067 1447 1247 1483 pastoribus,
1265 1456 1326 1475 rem
1352 1447 1571 1483 inexquisitam,
1583 1447 1619 1474 ad
1643 1446 1802 1482 integrum,

974 1495 1246 1529 quantumcumque
1255 1493 1361 1527 conjnx
1370 1500 1434 1519 mea
1443 1491 1551 1519 ibidem
1560 1490 1656 1518 tenuit
1663 1490 1805 1518 moriens-

973 1546 1030 1573 que
1046 1536 1211 1572 dereliquit,
1227 1537 1272 1564 vel
1289 1537 1324 1563 ad
1340 1536 1434 1563 ﬁlium
1451 1538 1585 1563 nostrum
1602 1534 1739 1571 superius
1754 1542 1804 1561 no-

974 1582 1119 1609 minatum
1136 1582 1170 1608 de
1193 1583 1274 1617 parte
1290 1589 1343 1608 sua
1368 1581 1404 1608 ad
1429 1581 1527 1616 ipsum
1551 1579 1692 1616 pervenit,
1706 1578 1760 1606 hoc
1776 1579 1805 1605 et

974 1627 1116 1663 integrate
1140 1626 1234 1653 ordini
1265 1625 1327 1661 ipse
1357 1626 1448 1653 abbas
1463 1625 1506 1652 vel
1534 1633 1602 1660 pars
1632 1622 1804 1652 monasterii

974 1672 1031 1704 sui,
1047 1671 1076 1698 in
1096 1672 1163 1706 jure
1179 1673 1207 1698 et
1222 1670 1421 1697 dominatione
1446 1678 1557 1702 eorum,
1575 1678 1592 1696 a
1606 1669 1653 1697 die
1676 1666 1804 1704 presenti

975 1715 1082 1742 faciant
1097 1714 1224 1750 recipere
1244 1713 1288 1741 vel
1312 1713 1478 1746 dominare;
1503 1712 1581 1739 unde
1606 1711 1770 1747 accepimus
1787 1719 1804 1738 a

974 1759 1056 1786 vobis
1072 1759 1101 1785 in
1118 1758 1213 1794 precio
1229 1758 1430 1793 taxato,juxta
1445 1756 1523 1792 quod
1539 1756 1624 1783 nobis
1639 1756 1713 1783 bene
1727 1763 1805 1782 com-

975 1803 1085 1839 placuit
1101 1805 1188 1837 atque
1210 1802 1443 1835 convenit,inter
1467 1809 1572 1827 aurum
1588 1802 1616 1827 et
1637 1801 1803 1835 argentum,

975 1847 1084 1875 solidos
1100 1846 1179 1874 mille
1193 1846 1369 1881 quingentos
1381 1847 1508 1876 tantum.
1520 1845 1560 1871 ita
1570 1846 1603 1871 ut
1614 1844 1651 1871 ab
1663 1842 1805 1870 hodierna

976 1892 1022 1918 dio
1039 1891 1100 1926 ipse
1123 1891 1208 1923 abba,
1224 1890 1268 1917 vel
1294 1898 1361 1925 pars
1389 1888 1558 1916 monasterii
1583 1888 1639 1921 sui,
1664 1887 1804 1922 habendi,

977 1934 1375 1968 tenendi,dandi,vendendi,
1389 1932 1651 1965 commutandi,vel
1664 1932 1804 1968 quicquid

977 1980 1080 2007 eximie
1108 1980 1200 2006 facere
1226 1978 1350 2006 voluerit
1379 1979 1500 2005 liberam
1530 1980 1558 2005 et
1587 1977 1746 2005 ﬁrmissam
1775 1976 1804 2003 in

978 2024 1115 2051 omnibus
1139 2023 1266 2050 habeant
1291 2025 1473 2058 potestatem.
1490 2023 1519 2049 Si
1543 2022 1609 2058 quis
1633 2030 1710 2055 vero,
1728 2021 1806 2057 quod

979 2069 1111 2095 futurum
1129 2076 1192 2095 esse
1208 2076 1265 2094 non
1282 2067 1440 2100 credimus,
1456 2067 1480 2095 si
1503 2075 1557 2094 nos
1578 2066 1645 2103 ipsi,
1661 2068 1711 2094 aut
1726 2065 1806 2093 ullus

980 2114 1014 2141 de
1028 2113 1183 2140 heredibus
1195 2114 1245 2139 aut
1260 2112 1472 2147 proheredibus
1483 2112 1602 2145 nostris,
1613 2110 1657 2139 vel
1669 2110 1809 2146 quislibet

981 2157 1114 2193 opposita
1143 2165 1276 2193 persona,
1299 2156 1349 2192 qui
1377 2158 1478 2184 contra
1505 2156 1581 2183 hanc
1605 2154 1806 2182 vendicionem

981 2210 1070 2238 quam
1089 2210 1141 2236 ego
1165 2201 1338 2237 plenissima
1352 2200 1501 2228 voluntate
1518 2200 1580 2227 fieri
1601 2199 1646 2227 vel
1662 2197 1808 2226 conscribi

983 2247 1090 2283 rogavi,
1104 2246 1201 2274 venire
1215 2248 1265 2272 aut
1279 2245 1432 2281 effringere
1444 2243 1676 2280 praesumpserit,
1687 2244 1716 2272 et
1729 2250 1747 2270 θ.
1760 2250 1809 2270 me

981 2291 1025 2319 vel
1043 2300 1059 2318 a
1075 2291 1148 2318 meis
1165 2290 1322 2318 heredibus
1338 2290 1521 2318 defensatum
1546 2297 1601 2317 non
1624 2287 1721 2320 fuerit,
1737 2289 1808 2315 tunc

981 2337 1143 2364 inferamus
1159 2344 1212 2363 nos
1225 2335 1267 2362 vel
1283 2335 1403 2362 heredes
1414 2333 1504 2362 nostri
1516 2335 1631 2361 tantum
1643 2334 1671 2360 et
1681 2331 1737 2359 alia
1747 2333 1809 2359 tan-

982 2384 1057 2415 tum,
1070 2382 1212 2416 quantum
1228 2389 1244 2407 a
1254 2379 1335 2407 vobis
1349 2377 1577 2414 accepimus,veI
1588 2378 1731 2413 quantum
1745 2376 1811 2411 ipsa

982 2434 1029 2453 res
1041 2434 1073 2452 eo
1084 2427 1213 2460 tempore
1226 2423 1376 2451 mcliorata
1384 2421 1644 2457 valuerit,duplam
1655 2420 1810 2457 pecuniam

984 2472 1095 2498 statuta
1111 2471 1242 2497 servante
1258 2469 1423 2503 componat,
1436 2468 1464 2494 ct
1487 2466 1566 2502 quod
1582 2465 1685 2501 repetit
1699 2464 1811 2492 evindi-

985 2524 1050 2542 care
1062 2523 1118 2541 non
1130 2513 1233 2546 valeat,
1242 2513 1291 2540 sed
1305 2510 1564 2547 prcsensvendicio
1578 2510 1638 2536 hmo
1651 2508 1733 2536 omni
1742 2510 1813 2535 tem-

985 2568 1053 2596 pore
1069 2560 1154 2586 ﬁrma
1165 2560 1192 2585 et
1208 2557 1345 2584 inviolata
1356 2557 1535 2592 permaneat,
1548 2562 1614 2582 cum
1626 2553 1812 2589 stipulatione

985 2604 1119 2634 subnixa.

1019 2650 1124 2677 Actum
1135 2646 1229 2675 Sitdiu
1241 2645 1510 2681 monasterio,quod
1518 2644 1585 2672 fecit
1595 2642 1706 2672 mensis
1716 2641 1814 2670 Maius

986 2694 1049 2722 dies
1063 2701 1120 2726 xvr,
1138 2700 1215 2719 anno
1236 2699 1254 2718 x
1278 2690 1360 2727 regni
1389 2689 1489 2718 domni
1518 2689 1609 2717 nostri
1637 2685 1815 2715 Childeberti

986 2737 1104 2775 gloriosi
1120 2736 1207 2772 regis.
1222 2735 1346 2772 Signum
1357 2734 1503 2768 Eodberti,
1513 2733 1564 2770 qui
1576 2733 1652 2761 hanc
1666 2730 1814 2760 vendicio-

1036 2808 1080 2843 40)
1096 2807 1169 2835 Vide
1183 2806 1268 2835 Joan.
1285 2806 1359 2843 Iper.
1376 2805 1514 2843 ﬁlii-enim,
1527 2804 1586 2843 col.
1602 2803 1664 2831 474.

1036 2833 1083 2885 έλζρ
1098 2833 1315 2885 ᾼὶιῌπῇῥὶὲεὶιῖ
1324 2833 1513 2870 ⁷(ιιιίιειεδεπιί
1524 2840 1555 2867 in
1574 2846 1665 2868 annos
1680 2835 1747 2865 Chr.
1761 2833 1817 2863 700

990 2884 1021 2910 et
1029 2879 1084 2907 ’701
1102 2879 1216 2907 incidit.

1026 2915 1083 2957 (42)
1096 2914 1233 2955 Vulgavit
1247 2913 1332 2954 Bréq.
1347 2912 1478 2952 Diploma
1493 2919 1523 2950 p.
1538 2909 1603 2940 267.
