3882 6476
268 416 426 484 1199
1328 410 1670 482 FOLQUIN
1677 409 1702 472 Ι
1748 410 1814 471 S.
1858 407 1937 474 ΒΕ

2125 408 2177 472 il
2221 405 2630 470 MONACHII.
3539 401 3730 466 1200.

271 565 408 605 nem
437 547 562 624 fieri
592 546 839 626 rogavit.
865 546 1116 622 Signum
1151 544 1500 606 Fladeherti.
1529 544 1777 618 Signum
1809 543 1931 600 Ma-
1959 544 2016 612 Α
2044 541 2262 615 rogavi.
2295 541 2695 614 Ravanger-us,
2723 557 2790 598 ac
2808 539 2871 597 si
2899 539 3182 613 indignus
3200 537 3524 626 episcopus
3553 536 3728 594 sub-

271 635 555 694 dalchari.
596 625 844 711 Signum
884 634 1189 692 Erleberti.
1238 633 1489 708 Signum
1533 632 1821 690 Childolﬁ.
1853 631 1936 688 Si-
2045 631 2300 704 scripsit.
2335 636 2364 698 t
2402 630 2731 698 Fulbertiq‘
2766 628 3135 688 Madalharii.
3159 625 3524 695 ill-umberti
3545 626 3728 683 Vicae-

273 739 458 801 gnum
481 727 800 786 Mauriane.
833 725 1077 798 Signum
1109 722 1417 796 Sigeberti.
2045 720 2192 777 rius.
2216 720 2612 778 Chrodbertus
2637 720 2787 776 hanc
2805 718 3210 778 vendicionem
3233 715 3471 776 scribsit
3489 719 3550 774 et
3569 715 3731 773 sub-

276 807 288 872 Ϊ
343 815 793 884 Erchembcdus
826 813 1008 871 lector
1035 813 1187 870 hanc
1205 811 1598 870 vindicionem
1620 808 1855 868 scribsit
1881 812 1938 866 et
2047 809 2304 866 scribsit.

278 904 655 978 subscribsit.

362 1010 506 1070 XIX.
542 1010 695 1084 Quod
719 1009 995 1081 Erlefrz‘do
1020 1013 1144 1084 post
1169 1009 1518 1084 Rigobertum
1545 1007 1851 1066 caanobium

837 1099 1000 1148 suum
1027 1083 1383 1138 commiserit.

346 1171 652 1228 Crescente
677 1171 900 1227 interea
929 1169 1306 1227 multitudine
1339 1168 1784 1235 monachorum,
1811 1167 1940 1223 bea-

278 1265 377 1317 tus
398 1265 564 1334 pater
579 1259 874 1328 Bertinus,
894 1259 1132 1332 prafato
1157 1259 1469 1332 Rigoherto
1491 1257 1754 1330 requiem
1773 1257 1942 1311 desu-

283 1349 538 1406 dationis
557 1349 873 1422 indulgens
891 1347 1346 1421 (43),venerabi1i
1363 1347 1482 1404 viro
1504 1346 1787 1403 Erlefrido
1805 1346 1940 1418 (44),

287 1455 320 1494 a
350 1456 412 1495 se
444 1439 686 1512 nutrito,
719 1437 968 1494 coenobii
999 1437 1092 1494 sui
1140 1437 1400 1510 regimen
1441 1433 1766 1504 commisit;
1796 1434 1941 1506 ipse,

288 1528 555 1585 arctioris
583 1528 714 1583 vita:
759 1527 885 1584 vias
931 1527 1227 1593 incedens,
1261 1530 1523 1582 semotus
1568 1542 1602 1582 a
1647 1523 1946 1579 mundana

287 1614 747 1694 perturbatione,
766 1619 888 1672 tota
908 1619 1102 1672 mente
1129 1615 1427 1671 insisteret
1456 1613 1662 1669 divinae
1696 1610 1948 1685 philoso-

287 1706 762 1779 phia/Praefatae
780 1708 953 1762 auter
965 1704 1054 1759 vir
1073 1703 1583 1760 reverentissimus
1603 1700 1944 1765 Erlefridus,

289 1797 440 1852 inter
468 1799 677 1853 caetera
705 1811 833 1867 qum
883 1793 1086 1868 gessit,
1119 1792 1262 1850 emit
1290 1811 1324 1848 a
1355 1793 1614 1865 quodam
1663 1790 1806 1857 viro,
1840 1805 1945 1844 no-

289 1884 448 1945 mine
475 1883 836 1954 Darnumdo,
868 1897 960 1939 res
996 1881 1282 1955 partionis
1313 1898 1454 1948 suae,
1482 1880 1542 1936 in
1572 1880 1699 1936 loco
1725 1875 1950 1934 nuncii;

291 1977 466 2045 pante
510 1970 976 2040 Saroaldsclusa,
1000 1987 1178 2043 super
1221 1971 1393 2026 ﬂuvio
1425 1971 1670 2038 Simma,
1703 1968 1764 2023 in
1791 1982 1946 2040 pago

289 2062 752 2128 Vermandense,
776 2064 834 2117 et
873 2060 934 2116 in
978 2059 1296 2132 Appiliaco,
1329 2075 1508 2131 super
1536 2057 1710 2113 ﬂuvio
1738 2056 1944 2123 Ysara,

293 2151 356 2208 in
388 2165 536 2223 pago
564 2148 1098 2217 Noviomense,seu
1129 2149 1190 2202 in
1211 2147 1362 2203 'Diva
1384 2152 1442 2202 et
1461 2147 1831 2202 Corbunaceo
1861 2159 1952 2199 so-

292 2238 432 2296 lidis
459 2237 624 2296 mille
653 2237 1011 2312 quingentis,
1027 2253 1154 2309 quas
1183 2235 1523 2293 vinditionis
1552 2239 1710 2292 carta
1737 2233 1832 2290 hic
1862 2235 1954 2289 est

296 2327 539 2396 inserta.
1441 2379 1450 2386 .

440 2434 553 2490 XX.
585 2435 799 2506 Emptio
827 2433 1094 2506 Erlefrz'dz’
1133 2433 1344 2506 abbatis
1374 2432 1441 2489 de
1469 2434 1629 2488 rebus
1660 2433 1811 2504 infra

941 2507 1158 2577 scriptis
1177 2505 1312 2578 (45).

372 2595 621 2653 Domino
642 2599 700 2652 et
725 2595 1044 2652 venerabili
1063 2594 1186 2650 viro
1209 2593 1501 2662 Erlifrido,
1525 2591 1724 2648 abbati
1745 2591 1817 2647 de
1840 2607 1960 2646 mo-

304 2685 560 2744 nasterio
599 2685 818 2751 Sitdiu,
856 2684 1229 2740 Darmundus
1273 2683 1557 2738 venditor.
1581 2681 1820 2737 Constat
1867 2694 1961 2734 me

307 2791 424 2836 non
453 2774 806 2848 imaginario
828 2774 984 2845 jure,
1010 2773 1113 2840 sed
1153 2772 1504 2844 plenissima
1532 2770 1828 2826 voluntate
1855 2768 1965 2824 tibi

305 2862 668 2930 vendidisse,
697 2866 757 2918 et
781 2863 867 2918 ita
894 2861 1131 2918 vendidi
1165 2878 1178 2917 :
1213 2860 1322 2916 hoc
1351 2863 1460 2928 est,
1490 2860 1638 2918 duas
1665 2860 1864 2930 partes
1893 2857 1967 2913 de

310 2969 372 3007 re
392 2950 680 3024 partionis
699 2967 849 3020 mea,
873 2950 932 3006 in
955 2949 1079 3006 loco
1097 2952 1478 3020 nuncupante
1501 2946 1965 3017 Saroaldsclusa,

309 3055 496 3112 super
513 3039 692 3095 ﬂuvio
709 3040 952 3107 Sumne,
972 3038 1031 3094 in
1047 3054 1202 3111 pago
1221 3036 1672 3104 Vermandinse;
1697 3034 1970 3091 similiter

314 3133 374 3185 et
401 3131 463 3184 in
487 3127 793 3200 =Appiliaco
823 3144 1002 3200 super
1028 3126 1202 3182 ﬂuvio
1236 3128 1396 3182 Isara
1429 3126 1576 3181 duas
1606 3129 1801 3198 partes
1823 3125 1970 3181 sitas

313 3217 377 3274 in
407 3233 560 3291 pago
588 3216 982 3285 Noviomensi,
1000 3231 1106 3272 seu
1137 3215 1198 3270 in
1225 3214 1367 3270 Diva
1383 3220 1438 3271 et
1460 3215 1797 3270 Corbunaco
1820 3214 1970 3269 duas

311 3287 513 3380 partes
539 3307 617 3362 ad
646 3305 962 3379 integrum,
996 3304 1107 3360 hoc
1143 3308 1253 3374 est,
1285 3307 1407 3359 tam
1455 3303 1515 3358 in
1561 3303 1752 3372 terris,
1785 3302 1972 3358 domi-
1999 3287 2044 3355 C

310 3397 452 3464 bus,
510 3394 794 3464 adificiis,
855 3392 1188 3466 mancipiis,
1233 3392 1439 3460 vineis,
1482 3392 1725 3464 campis,
1784 3391 1969 3458 silvis,

317 3484 524 3557 pratis,
553 3483 814 3556 pascuis,
845 3483 1408 3555 aquisaquarumve
1436 3481 1802 3550 decursibus,
1835 3481 1972 3536 fari-

311 3573 526 3643 .nariis,
544 3572 814 3646 peculiis,
837 3572 1011 3629 cultis
1031 3575 1089 3627 et
1105 3570 1363 3640 incultis,
1389 3574 1821 3643 suprascrtptas
1846 3586 1976 3643 por-

317 3663 518 3720 oiones
545 3681 581 3718 a
608 3662 702 3718 die
730 3661 990 3735 presenti
1029 3660 1139 3716 tibi
1179 3661 1346 3716 trado
1377 3663 1553 3732 atque
1582 3660 1973 3716 transcribere

316 3768 456 3825 rogo
488 3751 906 3823 perpetualiter
925 3750 999 3806 ad
1030 3747 1481 3822 possidendum;
1511 3749 1667 3804 unde
1686 3749 1880 3821 accepi
1912 3749 1973 3804 in

315 3841 508 3912 precio
527 3839 682 3911 quod
697 3840 858 3895 inter
875 3855 986 3894 nos
1008 3837 1543 3910 benecomplacuit,
1564 3837 1673 3894 hoc
1694 3841 1801 3906 est,
1822 3841 1976 3892 inter

316 3945 530 3986 aurum
559 3931 620 3984 et
641 3931 978 4000 argentum,
1005 3925 1226 3982 solidos
1264 3925 1425 3982 mille
1455 3925 1808 3999 quingentos
1837 3929 1973 3980 tan-

314 4021 468 4086 tum,
499 4016 584 4071 ita
600 4015 844 4072 :utadie
875 4014 1154 4088 presenti,
1178 4014 1339 4087 ipsas
1368 4015 1664 4087 portiones
1695 4013 1970 4082 habendi,

314 4104 798 4176 tenendi,=dandi,
817 4104 1129 4171 vendendi,
1144 4102 1669 4172 commutandi,vel
1693 4103 1971 4175 quicquid

317 4194 525 4250 exinde
545 4193 795 4251 volueris
811 4195 1009 4250 facere
1029 4191 1273 4250 liberam
1295 4198 1351 4250 et
1373 4193 1801 4260 ﬁrmissimam,
1817 4191 1976 4248 Chri-

317 4288 409 4340 sto
440 4281 711 4356 propitio,
738 4283 798 4338 in
821 4283 1096 4340 omnibus
1117 4283 1334 4340 habeas
1359 4285 1731 4354 potestatem.
1758 4281 1818 4336 Si
1840 4280 1976 4352 quis

318 4389 473 4442 vero,
491 4373 648 4445 quod
679 4373 943 4431 futurum
975 4389 1104 4432 esse
1134 4388 1250 4429 non
1282 4372 1474 4438 credo,
1502 4369 1551 4425 si
1583 4385 1689 4442 ego
1719 4368 1845 4440 ipse
1873 4373 1978 4426 aut

320 4459 478 4518 ullus
508 4463 580 4518 de
609 4462 923 4518 heredibus
955 4462 1122 4530 meis,
1145 4460 1235 4517 vel
1267 4459 1549 4534 quislibet
1577 4458 1847 4530 opposita
1876 4463 1978 4534 aut

317 4555 596 4606 extranea
613 4567 881 4622 persona,
901 4556 1105 4607 contra
1135 4549 1286 4605 hanc
1304 4548 1710 4605 vendicionem
1729 4548 1972 4616 venerit,

2371 899 2510 956 XXI.
2541 899 2617 958 De
2645 899 2886 956 transitu
2917 899 3113 960 Domni
3142 897 3378 953 Bertim'.

2119 989 2241 1044 Sub
2272 989 2452 1060 hujus
2501 989 2722 1061 prmfati
2752 987 3019 1044 Erlei‘ridi
3065 985 3370 1059 regiminis
3417 988 3727 1056 tempore,

2048 1078 2254 1146 beatus
2283 1083 2450 1150 pater
2480 1079 2750 1136 Bertinus
2790 1077 3000 1150 plenus
3030 1075 3259 1132 dierum
3286 1079 3345 1132 et
3373 1073 3724 1140 sanctitate,

2049 1171 2181 1239 post
2202 1167 2548 1222 diuturnum
2571 1167 2629 1222 in
2651 1166 2887 1222 Domini
2905 1165 3181 1222 servitute
3203 1163 3726 1227 famulatum,car—

2050 1273 2160 1312 nea
2189 1255 2588 1328 relinquentes
2632 1254 2949 1328 ergastula,
2979 1253 3251 1328 migravit
3280 1253 3352 1308 ad
3381 1252 3722 1317 Christum,

2051 1349 2432 1419 percepturus
2463 1345 2536 1400 ab
2585 1345 2714 1418 ipso
2761 1349 2986 1400 aeterna
3035 1341 3528 1399 remunerationis
3580 1341 3726 1410 bra-

2051 1436 2233 1502 vium,
2249 1434 2348 1506 qui
2371 1438 2492 1490 erat
2515 1451 2703 1489 annus
2727 1433 3039 1488 Dominicaa
3058 1431 3482 1488 incarnationis
3503 1429 3640 1497 698,
3665 1433 3730 1486 et

2056 1522 2276 1596 praefati
2310 1523 2463 1595 regis
2486 1521 2803 1578 Hildeberti
2825 1539 2896 1577 xv
2919 1522 3052 1594 (46),
3071 1521 3390 1578 indictione
3408 1537 3489 1576 x1.
3511 1517 3729 1591 Sepul-

2055 1613 2266 1684 tusque
2289 1615 2379 1667 est
2398 1611 2456 1666 in
2482 1609 2726 1672 basilica
2755 1611 2944 1667 sancti
2976 1609 3238 1678 Martini,
3261 1608 3360 1666 ubi
3392 1607 3730 1682 plurimae-ta

2057 1700 2303 1757 Domino
2324 1701 2570 1756 virtutes
2593 1717 2696 1772 per
2716 1700 2844 1771 ejus
2871 1699 3083 1756 merita
3102 1703 3242 1756 sunt
3271 1701 3512 1772 patratae
3529 1714 3543 1753 :
3559 1696 3727 1769 quod

2057 1793 2251 1846 textus
2283 1790 2412 1861 ejus
2440 1788 2583 1845 Vitae
2629 1789 2900 1862 patefecit
2941 1787 3398 1861 elegantissime.
3426 1787 3508 1844 Eo
3539 1785 3731 1844 etiam

2056 1883 2318 1951 tempore
2350 1879 2478 1952 (47),
2505 1877 2850 1936 venerabilis
2894 1895 2993 1934 rex
3039 1876 3413 1934 Hildebertus
3445 1873 3730 1949 migravit

2023 1965 2026 1986 ’
2057 1968 2129 2024 ad
2173 1968 2510 2037 Dominum,
2545 1984 2680 2024 cum
2725 1971 3028 2040 regnasset
3057 1965 3228 2023 annis
3257 1983 3372 2022 xw.
3408 1965 3727 2038 Regnavit-

2057 2075 2172 2130 que
2215 2057 2575 2130 Dagobertus
2622 2073 2787 2129 puer,
2821 2056 2980 2112 ﬁlius
3028 2057 3178 2129 ejus,
3211 2072 3315 2128 pro
3360 2071 3449 2120 eo,
3483 2054 3662 2110 annis
3692 2068 3730 2109 ν

2059 2148 2194 2220 (48>;
2219 2147 2328 2202 sub
2365 2147 2536 2218 cujus
2565 2151 2830 2219 tempore
2862 2145 3176 2218 praedictus
3197 2144 3378 2200 abbas
3397 2143 3734 2208 Erlefridus

2063 2235 2367 2292 basilicam
2398 2235 2584 2292 sancti
2613 2234 2846 2290 Martini
2869 2251 3050 2307 supra
3077 2234 3266 2291 sancti
3293 2233 3481 2290 Patris
3502 2229 3732 2288 Bertini

2066 2324 2364 2379 tumulum
2395 2323 2664 2396 ampliori
2693 2340 2865 2397 opere
2895 2322 3247 2380 reaediﬁcare
3276 2322 3469 2394 coepit.

2099 2413 2264 2469 XXII.
2292 2415 2365 2469 De
2396 2413 2782 2470 Erkenbodone
2819 2413 3034 2481 ahbate,
3066 2427 3359 2468 successore
3395 2410 3694 2482 Erlefridi.

2139 2503 2274 2559 Post
2303 2502 2652 2576 multiplicia
2689 2502 2870 2576 igitur
2911 2499 3136 2575 praefati
3175 2498 3440 2556 Erlefridi
3486 2498 3732 2555 abbatis

2069 2593 2514 2660 desudamenta,
2531 2609 2657 2664 quae
2685 2597 2998 2664 postquam
3023 2590 3284 2663 magistri
3308 2592 3616 2660 superstes
3641 2606 3734 2644 ex:

2072 2682 2319 2751 stiterat,
2343 2681 2649 2736 desudavit
2671 2684 2862 2738 mente
2885 2678 3344 2752 promptissima,
3370 2678 3636 2750 migrans
3658 2675 3730 2746 ad

2073 2770 2411 2838 Dominum,
2428 2785 2826 2826 successorem
2845 2768 2957 2824 sibi
2976 2767 3214 2841 reliquit
3236 2766 3730 2836 Erchembodum,

2075 2859 2364 2932 sapientia
2392 2863 2448 2916 et
2475 2859 2735 2914 bonitate
2759 2856 3132 2931 coaequalem.
3154 2857 3264 2922 Qui
3283 2861 3546 2930 tempore
3575 2843 3733 2929 regis

2075 2947 2346 3020 Hilperici
2379 2947 2733 3004 successoris
2755 2945 3014 3020 praedicti
3044 2946 3200 3019 regis
3219 2945 3530 3018 Dagoberti
3555 2943 3736 3017 quod-

2078 3037 2213 3092 dam
2246 3035 2619 3111 privilegium
2650 3036 2809 3110 regia
2839 3036 3187 3091 auctoritate
3208 3035 3280 3091 ab
3312 3034 3438 3106 ipso
3467 3031 3736 3107 poposcit

2078 3143 2211 3199 rege
2242 3131 2668 3194 constructum,
2696 3125 2853 3198 quod
2882 3125 3076 3182 taliter
3104 3128 3194 3181 est
3223 3123 3462 3180 factum.

2115 3233 2308 3290 XXIII.
2335 3234 2701 3302 Privilegium
2723 3231 3190 3376 Οέιέίιέξνίῖξῼςερίδ
3215 3235 3453 3304 tempore
3474 3231 3704 3303 praefati

2721 3321 2755 3358 a
2825 3321 2858 3358 a
2884 3320 2932 3359 ιδ
3077 3345 3090 3358 .

2721 3312 2932 3359 abbatis
2960 3312 3090 3359 (49).

2153 3393 2516 3468 Chilpericus
2548 3411 2646 3449 rex
2673 3395 3026 3451 Francorum
3049 3392 3159 3465 [vir
3185 3391 3476 3457 inluster].
3498 3392 3559 3448 Si
3590 3393 3739 3456 facta

2082 3488 2461 3557 parentorum
2505 3488 2862 3552 nostrorum,
2904 3483 3060 3556 quod
3108 3482 3179 3537 ad
3223 3481 3352 3537 loca
3399 3486 3733 3538 sanctorum

2083 3573 2482 3648 praestiterunt
2510 3571 2600 3628 vel
2632 3573 3068 3638 concesserunt,
3099 3588 3203 3644 per
3231 3571 3450 3627 nostris
3484 3569 3733 3628 oraculis

2083 3663 2526 3730 conﬁrmamus,
2547 3661 2706 3734 regia
2727 3660 3151 3717 consuetudine
3171 3660 3281 3716 hoc
3301 3677 3660 3728 exercemus,
3679 3662 3734 3716 et

2085 3750 2254 3807 nobis
2287 3751 2358 3806 ad
2391 3750 2624 3806 laudem
2645 3749 2732 3805 vel
2760 3749 3138 3806 stabilitatem
3161 3749 3322 3822 regni
3347 3749 3534 3805 nostri
3556 3749 3613 3804 in
3635 3748 3731 3805 Dei

2085 3841 2322 3896 nomine
2353 3839 2643 3912 pertinere
2665 3839 3038 3894 confidimus.
3068 3838 3252 3912 Igitur
3272 3836 3622 3893 venerabilis
3650 3837 3735 3892 vir

2081 3928 2524 3985 Erchembodus
2554 3928 2705 3983 abba
2726 3927 2798 3983 de
2819 3925 3173 3983 monasterio
3196 3926 3408 3995 Sitdiu,
3433 3925 3534 3998 qui
3559 3929 3646 3981 est
3674 3925 3733 3980 in

2085 4034 2232 4092 pago
2254 4018 2660 4074 Tervannense
2681 4016 2739 4071 in
2758 4015 2978 4072 honore
2999 4019 3210 4072 sanctae
3231 4004 3424 4071 Mariae
3441 4015 3732 4088 genitricis

2084 4107 2314 4162 Domini
2347 4106 2531 4162 nostri
2559 4107 2698 4162 Jcsu
2730 4104 2966 4174 Christi,
2990 4122 3216 4161 necnon
3266 4109 3326 4160 et
3367 4105 3556 4160 sancti
3586 4104 3730 4160 Petri

2085 4200 2143 4251 et
2183 4193 2346 4251 Pauli
2393 4193 2929 4268 apostolorum,ch
2987 4199 3328 4250 caeterorum
3384 4193 3730 4249 domnorum

2083 4288 2423 4340 sanctorum
2468 4287 2860 4351 constructus,
2882 4283 2952 4338 ad
2983 4287 3245 4338 nostram
3277 4281 3559 4338 accedens
3591 4298 3728 4354 pra-

2087 4371 2360 4439 sentiam,
2411 4369 2732 4428 elementize
2782 4371 2947 4444 regni
2994 4371 3178 4427 nostri
3226 4369 3543 4444 suggessit,
3582 4367 3728 4442 quod

2086 4478 2230 4520 avus
2257 4464 2453 4517 noster
2482 4460 2841 4516 Chlodoveus
2872 4462 3170 4534 quondam
3202 4476 3300 4515 rex
3344 4461 3415 4515 de
3463 4458 3729 4515 omnibus

2085 4550 2266 4606 curtis
2297 4549 2385 4606 vel
2415 4548 2569 4605 villis
2607 4549 2796 4622 ipsius
2835 4549 3199 4616 monasterii,
3223 4547 3502 4621 quicquid
3537 4547 3728 4604 eodem

315 4639 644 4695 inferamus
675 4639 840 4704 vobis
885 4643 1139 4709 tantum,
1159 4643 1218 4694 et
1247 4637 1361 4693 alia
1399 4639 1658 4703 tantum,
1683 4639 1973 4706 quantum
2005 4659 2052 4725 Β
2084 4644 2345 4712 tempore
2376 4637 2774 4710 possidebant,
2800 4642 2901 4693 aut
2927 4637 3119 4694 adhuc
3145 4637 3378 4692 inantea
3399 4652 3468 4691 ex
3499 4651 3730 4692 munere

318 4745 353 4782 a
380 4727 546 4782 vobis
574 4727 928 4799 accepimus,
954 4726 1318 4801 duplamque
1345 4725 1678 4798 pecuniam,
1702 4725 1972 4781 consocio

315 4817 455 4872 ﬁsco
481 4816 887 4890 distringente,
909 4823 1144 4873 coactus
1185 4814 1466 4882 exsolvat,
1488 4817 1545 4869 et
1575 4814 1732 4886 quod
1767 4815 1974 4886 repetit

315 4903 644 4962 evincﬁcare
671 4923 790 4962 non
820 4905 1039 4973 valeat;
1075 4905 1176 4961 sed
1209 4903 1315 4959 hec
1346 4901 1609 4958 vendicio
1643 4901 1805 4958 omni
1825 4908 1973 4959 tem-

317 5010 456 5066 pore
481 4995 658 5053 ﬁrma
687 4998 1046 5066 permaneat,
1073 5009 1208 5049 cum
1239 4991 1620 5064 stipulatipne
1649 4990 1920 5047 subnixa.

388 5086 598 5140 Actum
617 5083 806 5140 Sitdiu
831 5082 1206 5153 monasterio,
1227 5099 1283 5136 v1
1303 5081 1498 5136 Nonas
1519 5080 1675 5151 Maii,
1700 5098 1854 5136 anno
1880 5097 1976 5138 xxv

318 5171 552 5246 mperii
581 5170 784 5228 domui
812 5170 1001 5225 nostri
1033 5169 1349 5229 Hildeberti
1381 5168 1621 5242 gloriosi
1658 5169 1835 5241 regis.
1855 5170 1973 5243 Ego

317 5260 702 5317 Diu-mundus
735 5257 1031 5325 venditor,
1065 5258 1166 5330 qui
1214 5258 1366 5315 hanc
1402 5257 1804 5314 vendicioncm
1848 5258 1976 5315 ﬁeri

419 5417 506 5490 43)
539 5415 624 5490 Cf.
656 5414 868 5490 Joanu.
903 5414 1052 5490 Iper.
1088 5431 1214 5490 cap.
1247 5418 1302 5484 2,
1336 5415 1446 5472 col.
1479 5418 1603 5473 477.

419 5486 508 5558 44)
536 5486 788 5558 casu).
807 5487 870 5554 '3,
903 5486 1046 5542 ibid.
1158 5486 1184 5500 '-

319 5585 322 5588 .
376 5556 750 5640 (agedum:
781 5558 951 5640 135a,.
975 5559 1246 5640 μέμφῃ,
1277 5573 1410 5640 pag.
1441 5561 1566 5616 380.

394 5629 720 5708 (misimus
738 5645 817 5708 δεῖ
826 5629 1180 5708 Childeherti
1202 5629 1799 5708 regis'convenitcum
1822 5650 1975 5692 anno

317 5697 534 5760 Christi
581 5698 709 5758 709.
743 5700 1081 5772 GilMabill.
1115 5697 1588 5770 ~Iamcfﬂenedict.
1619 5703 1719 5773 lli,
1748 5710 1900 5782 part.
1933 5722 1973 5777 ι,

2084 4745 2289 4801 regum
2318 4727 2408 4783 vel
2439 4726 2645 4782 collata
2669 4727 2894 4800 populi,
2921 4743 3026 4782 seu
3057 4727 3128 4783 de
3158 4729 3518 4798 comparato,
3541 4730 3637 4782 aut
3664 4725 3730 4780 de

2084 4817 2346 4890 qualibet
2365 4817 2624 4872 adtracto
2651 4816 2709 4870 in
2733 4816 3096 4888 quibuslibet
3123 4815 3294 4888 pagis
3317 4821 3491 4888 atque
3512 4814 3730 4870 territo-

2083 4907 2185 4962 riis
2201 4906 2258 4960 in
2269 4906 2346 4960 ibi
2364 4910 2452 4961 est
2469 4905 2668 4960 additu
2681 4921 2737 4959 m
2751 4904 2837 4960 vel
2857 4905 3158 4974 collatum,
3176 4905 3404 4977 integra
3422 4903 3732 4960 emunitate

2083 4993 2435 5051 antecessori
2458 5010 2565 5050 suo
2588 4994 2803 5049 domno
2821 4994 3385 5065 Bertino,quondam
3412 4991 3598 5065 ipsius
3620 5008 3732 5061 mo-

2084 5083 2324 5139 nasterii
2349 5081 2668 5150 abhate,vel
2690 5083 2762 5138 ad
2785 5083 3129 5155 praedictum
3156 5082 3580 5140 monasterium
3601 5097 3727 5137 con-

2084 5172 2377 5239 cessisset,
2399 5176 2464 5226 ut
2485 5169 2682 5225 nullus
2697 5172 2881 5241 judex
2903 5170 3175 5242 publicus
3199 5171 3418 5227 ibidem
3437 5170 3510 5226 ad
3532 5185 3726 5227 causas

2085 5261 2426 5329 audiendas,
2449 5263 2551 5316 aut
2580 5259 2726 5316 freta
2749 5261 3089 5330 exactanda,
3107 5259 3198 5316 vel
3230 5260 3606 5332 fidejussores
3631 5258 3728 5316 tol-

2083 5436 2218 5547 pag.
2253 5421 2356 5474 117
2369 5437 2383 5489 ;
2414 5419 2622 5475 Annal.
2655 5419 2797 5490 XIX,
2821 5421 2890 5478 45
2943 5423 3085 5477 tom.
3107 5420 3176 5488 II,

2122 5493 2339 5547 hesaur.
2373 5491 2651 5547 Anecdot..
2684 5495 2824 5547 tom.
2859 5465 2954 5547 Ill.
2987 5492 3098 5547 col.
3133 5493 3176 5547 4τ

2122 5465 2341 5566 ﬁguli}:
2369 5465 3199 5566 Ἇῆἷσᾶὗὶζ,’ῖῐ›ἰὶῖ.’ῑίι,’ἴό”1’.“ἆῆ

2180 5565 2268 5620 47)
2296 5565 2361 5618 Α.
2396 5563 2497 5617 Gh.
2529 5564 2656 5620 711.

2181 5634 2269 5690 48)
2302 5634 2545 5690 Emend.
2579 5651 2657 5690 IV.

2175 5704 2268 5787 49)
2297 5705 2491 5772 Eudit.
2525 5723 2560 5765 a
2581 5704 2807 5772 Mabitl.
2838 5704 2915 5767 De
2939 5704 3256 5791 ῖβιάξριοπιρ
3283 5721 3426 5798 pag.
3454 5705 3584 5772 608.

3244 5435 3337 5503 ag.
3359 5420 3431 5475 23
3446 5437 3474 5503 ;¹
3489 5420 3724 5478 Marten.

3243 5535 3256 5561 ,
3289 5496 3350 5547 in
3380 5496 3504 5548 not.

2155 5564 2176 5784 ἓ

2248 5565 2269 5787 ξ
