3882 6498
154 578 305 641 1221

1548 576 2199 645 CHARTULARIUM.

3420 576 3580 643 1222

158 712 429 786 deinceps
458 728 564 787 pro
589 726 761 787 posse
794 728 1016 787 meum,
1039 712 1141 770 illa
1170 729 1296 787 quas
1338 714 1529 771 recolo
1578 719 1819 789 paratus
1845 718 1901 786 Α
1931 715 2174 782 bus,nec
2207 714 2451 771 dubium
2486 713 2643 789 quod
2681 711 3192 789 blasphemabitur
3227 717 3286 771 et
3315 731 3349 772 a
3379 731 3579 773 succe-

159 802 227 859 ad
259 802 620 860 ennaranda.

566 892 732 949 LVII.
766 893 841 950 De
878 892 1158 965 Fridegiso
1187 893 1398 950 abbate.

223 980 587 1037 Nantharius
617 981 840 1038 interea
860 982 1061 1049 abbas,
1089 983 1294 1054 junior
1323 982 1500 1055 [anno
1538 982 1630 1039 sui
1662 983 1814 1057 regi-

159 1070 335 1127 minis
365 1074 564 1126 octavo
596 1071 844 1142 decimo]
877 1072 1140 1145 migrans
1180 1089 1215 1127 a
1262 1072 1495 1139 saeculo,
1528 1071 1815 1146 regularis

157 1158 281 1214 vita:
307 1158 564 1232 primum
594 1160 1021 1217 destructorem
1072 1160 1184 1216 sibi
1234 1160 1471 1233 reliquit
1517 1177 1816 1217 successo-

159 1247 1265 1322 rem,Fridegesiumvidelicet,necipso
1289 1249 1528 1306 nomine
1540 1251 1810 1324 dignum,

160 1337 453 1394 abbatem.
486 1338 633 1393 Nam
665 1354 800 1394 cum
848 1338 1135 1394 hactenus
1182 1355 1351 1394 sacra
1390 1338 1816 1394 monachorum

160 1425 381 1499 regula,
415 1425 791 1483 miseratione
822 1426 948 1494 Dei,
980 1427 1040 1482 in
1067 1427 1177 1482 hoc
1208 1427 1472 1483 coenobio
1502 1428 1651 1484 foret
1678 1444 1817 1483 con-

160 1518 406 1582 servata,
470 1520 769 1572 crescente
844 1533 1043 1572 rerum
1121 1515 1445 1589 opulentia,
1513 1515 1818 1572 monachis

159 1603 587 1661 ordinationem
647 1605 989 1661 monasterii
1047 1605 1161 1674 sui,
1211 1605 1508 1661 abstracta
1557 1605 1816 1675 abbatis,

157 1693 342 1766 regali
364 1694 648 1752 beneficio
678 1695 737 1750 in
752 1698 1023 1751 externas
1044 1710 1327 1768 personas
1346 1699 1436 1750 est
1454 1693 1817 1750 beneﬁciata.

157 1780 325 1838 Unde
354 1783 619 1855 contigit,
666 1787 733 1838 ut
778 1781 1157 1854 supradictus
1205 1782 1564 1855 Fridegisus,
1612 1797 1822 1854 genere

153 1869 408 1944 Anglus,
431 1875 489 1928 et
510 1871 695 1928 abbas
717 1869 1159 1926 sanctiMartini
1176 1870 1447 1937 Turonis,
1473 1886 1627 1926 anno
1648 1868 1824 1924 Verbi

156 1958 452 2015 incarnati
485 1960 612 2027 820,
645 1963 704 2014 et
749 1958 975 2031 praefati
1004 1960 1161 2033 regis
1203 1959 1477 2014 Ludovici
1507 1975 1606 2024 VII,
1639 1959 1823 2015 abba-

155 2046 313 2104 tiam
344 2045 658 2103 Silbiensis
690 2046 939 2103 coenobii
973 2047 1133 2121 regia
1161 2047 1473 2103 donatione
1503 2047 1825 2120 susciperet

158 2134 636 2207 gubernandam.
670 2136 780 2203 Qui
832 2137 891 2192 in
942 2136 1108 2192 initio
1156 2136 1485 2209 tyrannidis
1515 2154 1656 2204 suae,
1689 2152 1823 2192 cum

155 2227 434 2280 cerneret
488 2224 788 2282 abhatiam
841 2226 1177 2282 universam
1242 2229 1327 2282 tot
1399 2225 1823 2283 monachorum

158 2310 379 2368 usibus
410 2310 835 2386 delegatam,ut
864 2317 1006 2387 puta
1022 2317 1256 2370 centum
1273 2318 1331 2371 et
1349 2314 1593 2388 triginta
1618 2332 1822 2370 mona-

159 2401 416 2457 chorum
460 2400 615 2457 inter
671 2407 920 2475 utraque
964 2403 1320 2459 monasteria
1377 2403 1564 2459 sancti
1606 2403 1824 2459 Bertini

160 2488 394 2546 scilicet
428 2489 736 2562 sanctique
783 2490 1101 2547 Audomari
1143 2491 1506 2564 degentium,
1560 2492 1825 2565 nihilque

159 2596 412 2635 suarum
443 2577 815 2651 voluptatum
844 2579 1054 2636 usibus
1084 2584 1538 2652 sequestratum,
1573 2582 1826 2637 avaritiae

156 2665 357 2739 jaculo
390 2666 1076 2735 secatus,monachorum
1109 2666 1484 2739 impudenter
1524 2672 1715 2724 tentat
1742 2669 1827 2725 vi-

159 2758 289 2812 tam
314 2755 712 2825 destrueremt
742 2772 837 2811 res
866 2772 1070 2811 eorum
1101 2757 1310 2812 usibus
1353 2774 1388 2813 a
1416 2757 1689 2814 ﬁdelibus
1717 2763 1831 2814 tra-

162 2843 327 2901 ditas
379 2857 498 2900 suae
530 2842 782 2899 lasciviae
835 2844 1126 2916 potuisset
1181 2844 1413 2901 facilius
1474 2845 1829 2919 mancipare.

165 2933 335 2998 Quod
397 2930 687 2989 diabolica
754 2934 1129 3006 suggestione
1187 2939 1381 2991 mente
1439 2939 1828 3007 concoeptum,

167 3022 434 3078 nefanda
462 3024 553 3078 est
581 3021 656 3077 ab
686 3021 787 3077 illo
818 3022 1249 3095 perpetratione
1279 3028 1579 3095 peractum
1608 3025 1755 3079 Nam
1773 3024 1832 3079 in

167 3110 481 3184 capitaneo
512 3109 914 3184 apostolorum
948 3111 1039 3167 sui
1071 3112 1260 3167 sancti
1288 3112 1508 3167 Bertini
1548 3111 1695 3183 loco,
1731 3113 1832 3168 ubi
1920 3180 1921 3183 η

170 3217 396 3256 LXXXIII
426 3199 700 3255 monachi
733 3199 1139 3257 deserviebant
1168 3200 1438 3269 Domino,
1473 3218 1542 3256 1.x
1588 3218 1692 3274 pro
1722 3202 1832 3258 hu-

172 3305 361 3345 mana
388 3287 586 3361 potius
616 3287 790 3344 laude
821 3305 1001 3360 quam
1032 3305 1137 3360 pro
1162 3289 1265 3345 Dei
1303 3306 1522 3360 amore,
1554 3291 1832 3361 retinuit;

167 3377 442 3451 reliquos
487 3376 861 3434 districtioris
887 3377 1015 3433 vita:
1061 3377 1239 3447 viros,
1271 3395 1421 3451 quos
1458 3396 1577 3435 suae
1606 3396 1835 3452 perver-

1850 2087 1900 2154 B

1927 804 2225 860 dentibus.
2256 843 2260 847 -

1925 894 2118 950 LVIII.
2177 895 2252 950 De
2292 894 2590 966 privilegio
2647 892 2908 949 Ludovici
2965 894 3110 966 regis
3165 893 3230 949 de
3294 895 3583 951 venatione

2322 964 2606 1038 sylvarum
2634 966 2960 1021 monasterii
2987 964 3186 1020 Sithiu.

1997 1054 2144 1126 (820)
2178 1053 2280 1109 Hic
2309 1053 2484 1109 etiam
2517 1054 2832 1126 praedictus
2863 1052 3067 1120 abbas,
3100 1069 3254 1109 anno
3283 1054 3474 1126 primo
3500 1070 3587 1111 re-

1925 1141 2169 1215 giminis
2200 1140 2312 1209 sui,
2333 1142 2688 1214 jamdictum
2732 1157 2929 1215 regem
2970 1142 3326 1198 Ludovicum
3356 1143 3582 1210 adiens,

1925 1231 2095 1302 petiit
2126 1231 2199 1286 ab
2229 1247 2295 1286 eo
2316 1229 2611 1286 licentiam
2646 1231 2704 1285 in
2738 1247 2889 1303 saepe
2935 1230 3075 1286 dicti
3120 1231 3458 1288 monasterii
3491 1231 3585 1289 sui

1927 1318 2121 1373 Sithiu
2151 1317 2344 1389 sylvas
2373 1320 2743 1375 venationem
2797 1335 3082 1383 exercere,
3115 1320 3225 1375 sub
3278 1320 3586 1378 occasione

1926 1407 2217 1463 librorum
2249 1407 2634 1481 legendorum
2666 1407 2753 1463 vel
2778 1407 3184 1464 manicharum
3216 1409 3289 1464 ad
3309 1427 3456 1466 usus
3480 1410 3590 1466 fra-

1924 1500 2083 1552 trum
2117 1496 2653 1565 faciendarum,sed
2686 1497 2841 1568 quod
2873 1496 3212 1554 credibilius
3234 1502 3343 1564 est,
3362 1498 3433 1554 ad
3466 1515 3586 1554 sum

1928 1585 2202 1640 vanitatis
2247 1584 2569 1641 ludibrium
2624 1585 3034 1641 exercendum.
3097 1585 3259 1650 Quod
3309 1603 3411 1643 rex
3459 1586 3588 1644 sine

1929 1690 2095 1728 mora
2122 1675 2446 1729 concessit:
2481 1672 2662 1745 regali
2695 1674 3042 1728 auctoritate
3083 1673 3454 1749 privilegium
3512 1675 3588 1732 ob

1930 1760 2041 1816 hoc
2072 1761 2197 1816 fieri
2219 1762 2426 1831 jussit,
2451 1761 2609 1832 quod
2633 1764 2691 1815 et
2720 1761 2845 1833 ipse
2868 1760 3046 1833 sigilli
3078 1761 3173 1817 sui
3203 1761 3589 1835 impressione

1932 1847 2185 1921 signavit
2214 1848 2273 1903 in
2296 1848 2416 1904 haec
2445 1848 2642 1904 verba.

2230 1936 2366 1992 LIX.
2400 1937 2700 2008 Exemplar
2724 1935 2965 2008 ejusdem
2986 1938 3289 2011 privilegii.

1937 2024 2103 2094 (Vide
2160 2024 2312 2080 inter
2365 2023 3186 2164 Ludovictsgmlgiimpqivilegia,
3251 2028 3588 2104 Patrologiaa

2621 2111 2753 2151 omo
2776 2111 2911 2151 ων.

1937 2184 2050 2240 LX.
2085 2183 2447 2260 Privilegiam
2477 2185 2727 2260 ejusdem
2747 2185 2986 2260 regisde
3008 2190 3357 2260 monasterio
3383 2190 3589 2260 Sithiu,

2138 2280 2139 2283 η
2361 2257 2603 2327 tempore
2630 2256 2903 2327 Fridegisi
2929 2257 3161 2314 abbatis.

2006 2343 2321 2399 Praadictus
2398 2348 2595 2398 autem
2670 2344 2853 2399 abbas
2924 2344 3263 2420 Fridegisus
3333 2353 3590 2409 secundo

1933 2449 2069 2505 rege
2116 2434 2243 2503 jam
2299 2431 2453 2488 dicto
2507 2431 2696 2504 petiit,
2730 2436 2795 2488 ut
2839 2434 3017 2490 etiam
3068 2453 3178 2492 sua
3225 2441 3592 2510 auctoritate,

1934 2538 2038 2594 per
2088 2519 2282 2594 regale
2333 2519 2727 2593 privilegium,
2750 2523 3172 2581 monasterium
3203 2543 3379 2583 suum
3400 2529 3593 2586 Sithiu

1937 2611 2008 2666 ab
2042 2610 2201 2665 omni
2230 2609 2549 2681 judiciaria
2582 2615 2870 2682 potestate
2913 2613 3262 2684 del’ensaret,
3304 2621 3381 2687 et,
3441 2618 3595 2674 sicut

1938 2702 2169 2754 constat
2212 2702 2611 2755 antecessores
2659 2716 2799 2755 suos
2830 2716 2997 2773 reges
3044 2702 3233 2759 eidem
3290 2703 3416 2761 loco
3455 2723 3591 2762 con-

1939 2786 2209 2854 cessisse,
2242 2786 2324 2843 ita
2353 2792 2410 2843 et
2461 2788 2585 2859 ipse
2632 2786 2927 2860 gloriosus
2970 2806 3069 2847 rex
3098 2808 3207 2847 sua
3248 2794 3594 2852 auctoritate

1941 2876 2286 2947 dignaretur
2353 2876 2722 2932 confirmare.
2786 2877 2949 2942 Quod
3008 2895 3127 2948 rex,
3187 2896 3343 2937 anno
3398 2882 3595 2940 incar-

1942 2963 2198 3022 nationis
2252 2964 2479 3021 Domini
2509 2965 2637 3032 830,
2668 2964 2779 3021 hoc
2809 2965 2982 3022 modo
3039 2969 3200 3042 regia
3253 2972 3597 3030 auctoritate

1942 3053 2216 3109 firmavit.

2169 3140 2307 3198 LXI.
2338 3142 2637 3222 Exemplar
2663 3142 2911 3222 ejasdem
2929 3147 3218 3222 privilegii
3247 3148 3380 3222 (73).

2493 3215 2659 3290 (Υἱός
2692 3215 2790 3290 ubi
2822 3215 3049 3290 supra.)

2320 3286 2485 3341 LXII.
2516 3287 2592 3341 De
2622 3285 2915 3343 Guntherto
2935 3285 3219 3348 monacho.

2019 3373 2139 3429 Sub
2170 3372 2351 3446 hujus
2382 3374 2611 3432 abbatis
2636 3378 2922 3448 tempore,
2951 3380 3212 3435 exoritur
3258 3381 3499 3453 quidam
3529 3384 3605 3440 ti-

168 3468 337 3524 sitati
374 3466 602 3540 putavit
632 3483 748 3522 non
782 3467 1135 3535 consentire,
1167 3467 1240 3524 de
1271 3468 1626 3524 monasterio
1647 3469 1839 3542 expel-
1868 3454 1912 3521 C
1950 3462 2235 3520 runculus
2263 3479 2399 3519 mox
2444 3464 2680 3519 futurus
2710 3465 3038 3522 monachus
3067 3466 3249 3539 hujus
3289 3470 3546 3527 ecclesia;
3577 3490 3597 3531 :

166 3555 297 3613 lens
330 3555 501 3612 abire
531 3554 889 3628 permisit.ln
921 3556 1107 3611 sancti
1122 3557 1438 3612 Audomari
1462 3574 1697 3630 quoque
1719 3575 1838 3614 mo-

165 3644 571 3714 nasterio,ubi
598 3642 947 3717 regulariter
974 3645 1231 3701 viventes
1262 3646 1505 3701 aderant
1531 3664 1605 3702 x1.
1634 3664 1837 3703 mona-

164 3734 285 3805 chi,
316 3751 443 3791 xxx
466 3731 780 3790 canonicos
811 3732 1027 3789 ibidem
1074 3733 1145 3788 ad
1190 3734 1562 3790 serviendum
1592 3734 1837 3807 deputa-

161 3825 248 3880 vit
276 3825 342 3880 in
378 3821 739 3880 monasterio
765 3821 1002 3877 Christi.
1026 3823 1106 3877 Ac
1135 3826 1269 3893 post
1300 3822 1630 3889 bzec,totius
1659 3824 1837 3879 abba-

166 3912 261 3969 tias
274 3911 576 3970 circuiens
590 3910 843 3980 villas,et
859 3910 998 3982 quia
1023 3911 1236 3983 duplex
1249 3911 1514 3966 exstabat
1531 3911 1840 3985 monacho-

168 4018 306 4061 rum
344 4016 658 4067 numerus,
679 3999 921 4072 duplam
953 3999 1039 4054 eis
1069 3999 1399 4070 portionem
1447 3998 1719 4055 villarum
1751 4004 1841 4056 est

167 4087 779 4164 largitus.Canonicis
810 4086 1174 4159 autem.quia
1204 4086 1503 4159 pauciores
1533 4092 1699 4144 erant
1728 4107 1838 4145 nu-

174 4176 596 4251 mero,simpla
615 4180 821 4233 contra
851 4175 1155 4232 monachis
1188 4179 1278 4233 est
1306 4177 1445 4233 data
1472 4177 1680 4249 portio.
1710 4178 1839 4251 Ipse

167 4286 237 4326 ea
267 4286 405 4343 quae
438 4266 551 4323 sibi
572 4266 827 4322 maxime
849 4264 1288 4337 placuerant,ad
1313 4266 1838 4339 suaeperversitatis

165 4374 354 4416 usum
389 4352 743 4423 reservavit;
776 4358 833 4410 et
862 4354 1003 4425 quia
1032 4352 1348 4410 canonicus
1369 4358 1494 4411 erat
1518 4371 1654 4411 cum
1673 4372 1840 4412 cano-

166 4446 323 4503 nicis
354 4445 419 4502 in
447 4442 637 4501 sancti
655 4441 975 4509 Audomari
998 4442 1354 4499 monasterio
1378 4443 1735 4500 saeculariter
1752 4444 1837 4501 vi-

165 4536 367 4592 vebat.
405 4533 556 4600 Quid
586 4531 723 4604 plus
751 4531 932 4603 hujus
953 4530 1183 4586 abbatis
1214 4532 1462 4588 referam
1492 4533 1835 4602 versutiam,

166 4636 308 4679 cum
339 4618 535 4677 veraci
559 4635 793 4692 possem
820 4618 1039 4673 famine
1061 4616 1251 4674 dicere
1271 4618 1427 4675 hunc
1448 4621 1705 4692 primum
1727 4620 1838 4678 loci

165 4710 359 4783 hujus
391 4724 598 4765 casum
616 4706 887 4781 extitisse
906 4706 935 4762 ?
961 4706 1065 4762 Hic
1082 4706 1612 4774 etiam,secundum
1632 4711 1841 4766 veridi-

167 4815 304 4856 cam
336 4796 619 4855 Veritatis
648 4812 873 4862 vocem,
904 4811 1038 4850 cum
1070 4794 1171 4850 alii
1193 4795 1647 4865 laborassent,in
1678 4799 1839 4856 labo-
1870 4822 1917 4888 D

169 4906 266 4946 res
298 4903 512 4945 eorum
545 4885 772 4941 introiit
822 4902 927 4940 nec
974 4883 1167 4940 solum
1219 4884 1463 4953 introiit,
1513 4888 1615 4942 sed
1661 4888 1839 4944 etiam

168 4994 303 5051 quas
318 4974 1055 5034 laboraveranttemeraria
1073 4974 1839 5047 priesumptionedestruxit.

166 5068 275 5126 Hic
307 5066 495 5124 etiam
525 5065 795 5119 fraternae
827 5062 1131 5119 charitatis
1161 5063 1470 5135 utriusque
1500 5064 1841 5121 monasterii

167 5158 514 5217 destructor
542 5151 768 5220 extitit;
802 5153 945 5208 dum
976 5155 1033 5206 et
1062 5151 1335 5207 monachi
1375 5153 1488 5208 sibi
1521 5154 1754 5224 justum
1785 5158 1843 5210 et

167 5247 242 5304 ab
276 5243 551 5317 antiquis
585 5241 854 5298 Patribus
880 5240 1161 5297 traditum
1195 5240 1529 5296 reverentiae
1559 5242 1840 5299 honorem

166 5331 1050 5401 vindicant,canonicorumque
1081 5329 1504 5400 subjectionem
1537 5331 1650 5386 sibi
1679 5349 1841 5388 vera-

169 5424 321 5482 citer
348 5421 699 5487 defendunt,
716 5423 773 5476 et
794 5418 1055 5475 canonici
1073 5418 1145 5474 ab
1167 5417 1295 5491 ipso
1316 5418 1527 5474 abbate
1540 5420 1842 5495 canonico,

169 5512 373 5570 fallaci
396 5508 1147 5581 assertione,principatum
1171 5509 1244 5563 ad
1268 5522 1330 5563 se
1352 5508 1842 5565 monasteriorum

168 5602 475 5677 pertinere
503 5598 844 5656 dicunt.Pro
875 5597 969 5653 bis
1000 5596 1278 5654 omnibus
1309 5600 1369 5651 et
1386 5595 1628 5668 reliquis
1649 5600 1846 5671 tyran-

166 5692 333 5749 nidis
364 5704 491 5749 suaa
530 5688 761 5745 actibus
789 5687 1077 5743 hactenus
1098 5684 1544 5757 blasphematur
1565 5686 1637 5741 ab
1656 5688 1845 5743 omni-

1947 3553 2119 3623 cujus
2149 3551 2278 3608 laus
2310 3555 2368 3607 et
2396 3552 2687 3623 sapientia
2741 3552 2826 3608 ita
2880 3552 3167 3610 hactenus
3213 3556 3272 3611 in
3329 3560 3598 3617 omnium

1947 3644 2285 3695 nostrorum
2315 3642 2584 3694 versatur
2612 3654 2710 3694 ore
2734 3656 2802 3694 ac
2831 3638 2879 3694 si
2910 3641 3332 3711 praesentaliter
3380 3645 3439 3700 in
3469 3647 3599 3703 vivo

1945 3730 2243 3783 teneretur
2271 3742 2513 3799 corpore
2543 3730 2600 3782 et
2615 3726 2851 3795 merito;
2881 3744 3017 3783 nam
3048 3732 3389 3788 monasterii
3419 3733 3599 3806 hujus

1947 3815 2207 3881 libraria,
2242 3831 2368 3887 qua:
2399 3831 2546 3887 pene
2575 3815 2775 3870 omnia
2796 3820 3088 3873 vetustate
3107 3822 3275 3875 erant
3297 3820 3596 3895 demolita,

1949 3904 2231 3976 quoniam
2263 3903 2488 3975 peritus
2517 3907 2643 3960 erat
2673 3904 2888 3971 scriba,
2920 3907 3156 3980 propria
3184 3913 3478 3967 renovavit
3506 3912 3598 3969 in-

1949 3992 2447 4064 dustria.Insuper
2475 3995 2534 4048 et
2561 3990 2677 4049 alia
2707 3993 2947 4050 adauxit
2970 3993 3251 4054 librorum
3274 3998 3594 4072 volumina,

1949 4099 2017 4138 ex
2047 4081 2264 4154 quibus
2294 4082 2410 4137 duo
2442 4086 2582 4137 sunt
2604 4082 3178 4158 antiphonarii,quos
3207 4087 3332 4160 ipse
3362 4092 3600 4165 propria

1949 4187 2129 4226 manu
2171 4169 2554 4243 conscripsit;
2589 4175 2646 4227 et
2693 4170 2943 4229 alterum
2989 4180 3189 4232 sancto
3238 4179 3594 4250 Audomaro,

1948 4260 2198 4316 alterum
2226 4276 2361 4316 vero
2392 4264 2593 4316 sancto
2610 4260 2906 4318 .Winnoco
2934 4265 3243 4322 concessit.
3269 4266 3515 4340 Scripsit
3542 4274 3601 4326 et

1947 4349 2207 4418 tertium,
2268 4365 2446 4420 quem
2502 4347 2773 4405 lucidiori
2819 4366 2993 4422 Opere
3043 4352 3395 4424 elucidavit;
3427 4358 3599 4429 cujus

1948 4437 2184 4494 initium
2212 4441 2271 4494 et
2300 4438 2361 4493 in
2392 4437 2650 4494 carmine
2678 4439 2971 4509 majorum
3001 4439 3466 4515 solemnitatum,
3494 4462 3597 4501 au-

1948 4528 2063 4583 reis
2094 4526 2305 4583 litteris
2335 4525 2580 4582 miriﬁce
2602 4526 2925 4596 decoravit;
2958 4544 3155 4600 quem,
3191 4530 3329 4602 quia
3370 4531 3601 4606 elegan-

1948 4618 2158 4673 tiorem
2186 4617 2352 4683 vidit,
2377 4621 2578 4672 sancto
2612 4616 2845 4672 Bertino
2876 4618 3246 4675 contradidit.
3281 4620 3602 4696 Descripsit

1950 4712 2006 4762 et
2036 4710 2395 4778 compotum,
2429 4722 2604 4778 quem
2631 4711 2690 4762 et
2713 4706 2884 4763 nobis
2909 4707 3196 4765 concessit
3222 4709 3596 4783 habendum;

1948 4796 2194 4869 insuper
2229 4799 2286 4852 et
2315 4794 2448 4864 alia,
2493 4812 2621 4867 quae
2652 4795 2702 4851 si
2734 4795 2829 4852 hic
2859 4796 3213 4868 scribantur,
3244 4799 3603 4858 videbuntur

1949 4901 2078 4941 esse
2104 4883 2531 4957 superﬂua.Hic
2561 4891 2782 4952 autem,
2816 4883 2875 4938 in
2906 4885 3182 4956 primaeva
3204 4889 3533 4959 juventute,
3565 4907 3603 4947 a

1952 4979 2116 5047 patre
2145 4974 2391 5029 Romam
2420 4973 2653 5041 ductus,
2682 4972 2882 5043 ibique
2908 4978 3109 5030 sancto
3152 4975 3320 5033 Petro
3367 4978 3602 5037 oblatus

1950 5068 2007 5119 et
2037 5064 2108 5119 ab
2152 5061 2410 5136 Eugenio
2468 5078 2620 5134 papa
2677 5065 2767 5117 est
2822 5061 3148 5120 clericatus.
3205 5065 3388 5130 Quem
3437 5073 3605 5140 pater

1951 5152 2157 5208 exinde
2182 5152 2425 5207 domum
2456 5151 2763 5217 reducens,
2794 5149 2854 5206 in
2885 5151 2996 5207 hoc
3025 5155 3380 5213 monasterio
3408 5156 3600 5215 Sithiu

1952 5246 2153 5297 sancto
2183 5241 2352 5296 Petro
2383 5244 2704 5311 sanctoque
2733 5239 2967 5295 Bertino
2993 5244 3348 5302 monachum
3369 5247 3601 5319 obtulit,

1951 5330 2263 5402 locumque
2293 5330 2474 5385 istum
2501 5328 2837 5385 haereditate
2866 5346 2975 5385 sua
3003 5332 3274 5390 nobiliter
3296 5335 3602 5394 haeredita-

1951 5418 2053 5475 vit.
2085 5417 2384 5475 Concessit
2401 5432 2658 5490 namque
2679 5417 2750 5472 ad
2774 5418 2900 5489 jam
2923 5418 3149 5478 dictum
3179 5427 3603 5483 monasterium

1955 5505 2600 5577 Sithiu,monasterium
2621 5506 2916 5578 quoddam
2935 5510 3091 5580 quod
3113 5510 3240 5584 ipse
3259 5513 3319 5568 in
3341 5514 3603 5587 proprie-

1954 5601 2073 5653 tate
2104 5613 2213 5653 sua
2241 5599 2666 5662 construxerat,
2701 5596 2938 5652 nomine
2980 5600 3290 5658 Bteneland
3333 5603 3405 5658 ad
3444 5602 3600 5674 quod

1955 5702 2190 5745 omnem
2230 5686 2360 5757 ejus
2420 5683 2817 5740 baereditatem
2875 5684 3158 5744 Salvatori
3214 5689 3481 5757 Domino,
3537 5687 3599 5744 in

302 5799 400 5883 3)“
651 5792 1085 5883 Mabilloniuns‘,n
1099 5791 1298 5851 omisit
1334 5795 1533 5852 autem
1576 5796 1745 5855 notas
1792 5793 2235 5883 chronologicas
2272 5807 2605 5875 nomenque
2652 5790 2768 5854 loci
2809 5792 2910 5853 ubi
2953 5792 3213 5881 diploma
3265 5795 3468 5861 datum
3508 5795 3601 5859 est

166 5866 322 5936 Vide
348 5869 439 5931 De
463 5882 525 5932 re
551 5866 780 5946 diplom.
812 5881 948 5950 pag.
978 5866 1106 5929 612.
