3882 6438
326 411 484 475 1223

1396 406 1768 480 FOLQUINI
1814 407 1880 468 S.
1924 402 2246 468 ΒΜΙΝῙ
2282 403 2668 469 ΜΟΝΑΩΗῘ.

3583 409 3749 480 1224

327 547 497 620 cujus
544 545 781 606 nomine
813 543 1098 602 eumdem
1145 541 1474 600 construxit
1529 539 1972 607 monasterium,
2006 541 2060 608 Α
2091 537 2400 611 Vostringe
2431 557 2446 607 ;
2476 539 2539 595 in
2593 538 2902 614 Tingriaoo
2938 541 3044 610 ;..in
3099 539 3320 600 wnm
3352 557 3366 610 ς
3415 539 3746 617 manus“.

325 639 608 708 pergetua
657 634 934 690 firmitate
961 629 1264 703 delegavit.
1299 629 1432 684 Haec
1464 632 1604 684 sunt
1643 632 1833 684 autem
1871 644 1981 682 no-
2091 627 2254 693 sele;
2287 627 2344 682 in
2397 627 2663 684 Loclesse
2700 647 2712 698 ;
2761 628 2821 684 in
2878 629 3368 701 Lonastingahem
3399 651 3420 699 ;
3451 631 3510 686 in
3555 630 3748 688 Gruoo

323 724 487 780 mina
513 723 784 780 villarum
808 737 955 794 quas
985 719 1297 793 praedictus
1319 717 1651 783 Goibertus,
1671 715 1978 773 Guntherti

323 812 547 885 praefati
592 816 776 884 pater,
825 825 930 882 pro
979 808 1351 880 eleemosyna
1399 822 1508 862 sua
1549 805 1622 862 ad
1670 802 1977 860 basilicam

320 899 554 958 Domini
584 897 904 957 Salvatoris
937 898 994 952 in
1028 895 1344 954 Steneland
1372 893 1756 951 contradidit:
1786 893 1847 948 In
1879 892 1978 948 Ri-

321 988 699 1062 colvingeem,
761 987 1058 1044 Hisdenne
1109 1002 1245 1041 cum
1302 982 1732 1056 mancipiis;in
1783 981 1977 1038 Okka-

321 1075 674 1150 ningahem;
709 1075 768 1130 in
814 1074 1100 1142 Hostede;
1135 1075 1196 1130 in
1247 1074 1642 1146 Lampanesse
1667 1089 1680 1139 ;
1710 1071 1770 1126 in
1822 1071 1976 1126 Sim-

319 1183 464 1241 paco
509 1183 527 1235 ,ς
585 1165 645 1222 in
709 1165 1016 1222 Bortheem
1065 1182 1079 1232 ;
1122 1164 1184 1221 in
1242 1165 1456 1230 Reka;
1511 1162 1572 1218 in
1624 1162 1858 1229 Strate;
1913 1161 1974 1218 in

319 1253 757 1322 Hemmanwil;
810 1254 872 1309 in
934 1253 1228 1321 Kiltiaco;
1277 1252 1338 1307 in
1396 1250 1852 1322 Hedenesberg;
1912 1248 1972 1304 in

318 1343 674 1401 monasterio
706 1358 980 1399 mansum
1014 1341 1370 1413 hortumque
1405 1356 1418 1408 ;
1451 1339 1510 1395 in
1533 1339 1737 1396 Ariaco
1771 1337 1976 1393 simili-

316 1437 443 1502 ter;
475 1433 536 1489 in
563 1433 856 1488 Tarwana
887 1446 1162 1488 mansum
1194 1448 1207 1498 ;
1235 1429 1294 1485 in
1327 1427 1629 1494 Quintvico
1678 1425 1968 1483 similiter.

316 1521 581 1594 Itemque
608 1523 681 1576 ab
713 1520 845 1576 aliis
873 1520 946 1576 ad
993 1519 1261 1575 eamdem
1309 1517 1614 1574 basilicam
1663 1520 1805 1572 sunt
1832 1531 1971 1572 con-

316 1627 493 1670 cessas
525 1626 540 1666 :
573 1610 639 1666 In
669 1610 943 1666 Kessiaco
975 1613 1034 1666 et
1062 1607 1330 1681 Squerda
1362 1625 1376 1676 ;
1411 1607 1472 1662 in
1503 1606 1836 1662 Wesarinio
1867 1605 1970 1674 ;in

2088 715 2372 790 nomberg
2404 733 2417 785 ;
2451 716 2510 772 in
2536 717 3226 792 Dagmaringahemﬂaac
3241 718 3445 776 omnia
3465 721 3748 792 prmfatus

2089 805 2398 861 Goibertus
2428 809 2485 862 et
2515 805 2670 862 ﬁlius
2695 808 2826 878 ejus
2857 807 3238 875 Gunthertus,
3292 807 3506 880 partim
3551 825 3624 866 ex
3651 826 3748 866 eo-

2086 910 2219 949 rum
2251 893 2606 962 hereditate,
2639 895 2854 967 partim
2893 895 3143 952 aliorum
3180 897 3518 964 donatione,
3547 914 3619 955 ex
3646 899 3748 972 ip-

2087 982 2212 1039 sius
2242 987 2438 1039 tamen
2499 984 2807 1041 Guntherti
2868 985 3277 1058 acquisitione,
3311 986 3383 1041 ab
3432 986 3742 1046 basilicam

2085 1071 2318 1128 Domini
2352 1072 2669 1131 Salvatoris
2701 1075 2758 1130 in
2791 1074 3528 1143 Stenedland,ﬁrmissima
3549 1077 3742 1134 tradi-

2084 1162 2299 1218 derunt
2329 1162 2662 1231 donatione,
2703 1167 2760 1219 et
2803 1163 2994 1235 ipsam
3039 1163 3350 1221 basilicam
3391 1168 3564 1238 atque
3601 1181 3740 1238 por-

2082 1253 2204 1306 tam
2232 1250 2366 1322 (74),
2393 1252 2734 1307 monasterii
2760 1251 3049 1318 Sithiu,ad
3071 1269 3273 1309 eorum
3305 1253 3740 1327 eleemosynam

2083 1338 2406 1395 faciendam
2437 1339 2497 1395 in
2532 1341 2890 1414 pauperibus
2937 1344 2995 1397 et
3039 1341 3387 1415 peregrinis,
3423 1344 3740 1416 promptis-

2082 1427 2235 1484 sima
2265 1434 2683 1486 concesserunt
2709 1428 3029 1487 voluntate.
3071 1431 3206 1495 Quae
3253 1430 3451 1488 omnia
3496 1432 3560 1488 in
3591 1431 3740 1490 locis

2081 1517 2206 1573 suis
2237 1533 2372 1573 cum
2405 1518 2475 1574 de
2505 1519 2874 1594 eleemosyna
2901 1519 3061 1593 loqui
3089 1519 3538 1593 coepimus,cum
3557 1524 3740 1580 oar-tis

2079 1605 2226 1675 suis,
2261 1607 2374 1663 Deo
2401 1606 2652 1680 favente,
2685 1609 3098 1666 describimus.
3779 1609 3788 1614 ’

1692 1729 1934 1802 Explicit
1961 1729 2101 1786 liber
2125 1732 2361 1802 primus.

383 1833 497 1906 (74)
526 1831 612 1889 Ad
641 1835 874 1906 portam
903 1833 1044 1889 Cod.
1077 1833 1227 1888 Aud.

310 1953 2771 1982 Μ

1508 2072 1840 2160 LIBER
1896 2070 2531 2160 SECUNDUS.

813 2349 856 2407 Ι.
888 2349 963 2406 De
999 2350 1220 2422 Hugone
1257 2347 1466 2404 abbate.

382 2443 602 2500 Abbate
632 2445 829 2496 autem
881 2439 1178 2512 Fridegiso
1229 2438 1518 2510 migrante
1545 2453 1579 2492 a
1604 2433 1814 2492 sacculo
1847 2432 1961 2507 [sui

313 2531 619 2606 regiminis
652 2545 804 2586 anno
837 2532 1043 2602 quarto
1077 2525 1346 2600 decimo],
1381 2527 1544 2599 Hugo
1591 2523 1964 2592 venerabilis,

313 2622 496 2678 Filius
522 2619 710 2680 Caroli
735 2618 890 2692 regis
914 2617 1113 2690 magni
1130 2621 1188 2674 et
1205 2617 1382 2673 frater
1408 2613 1962 2681 LudoviciCmsaris,

312 2710 372 2767 in
415 2709 650 2766 abbatia
697 2707 1003 2774 successit,
1055 2723 1208 2762 anno
1257 2703 1676 2762 incarnationis
1732 2701 1967 2759 Domini

313 2800 440 2866 834,
501 2801 556 2853 et
610 2796 833 2870 praefati
904 2795 1059 2869 regis
1114 2793 1390 2852 Ludovici
1445 2811 1561 2850 xxx.
1623 2791 1751 2857 Qui,
1813 2807 1966 2848 anno

316 2885 622 2959 regiminis
649 2884 740 2940 sui
790 2901 851 2949 ιι,
885 2883 1227 2955 praedictum
1260 2899 1456 2956 regem
1487 2882 1710 2950 adiens,
1746 2879 1969 2953 rogavit

314 2977 436 3031 haec
467 2975 539 3030 ab
570 2972 671 3030 illo
701 2972 863 3044 regia
891 2971 1238 3028 auctoritate
1269 2970 1511 3037 ﬁrmari,
1544 2988 1673 3044 quae
1707 2975 1965 3026 anteces-

317 3080 478 3121 sores
534 3061 625 3118 sui
687 3061 1043 3116 Francorum
1078 3076 1245 3132 reges
1296 3059 1593 3132 regalibus
1646 3057 1968 3131 privilegiis

315 3153 553 3225 praefato
585 3150 776 3223 Sitgiu
796 3148 1152 3205 monasterio
1177 3148 1285 3204 visi
1310 3150 1542 3205 fuerant
1564 3149 1964 3204 conﬁrmasse.

315 3241 478 3308 Quod
497 3237 1150 3297 rex-excellentissimus
1167 3241 1289 3292 tam
1315 3242 1585 3310 prompte
1605 3236 1964 3308 adimplevit,

315 3333 603 3402 quantum
655 3331 713 3384 et
749 3330 1052 3400 rogantem
1082 3343 1201 3398 prae
1233 3325 1727 3393 antecessoribus,
1767 3329 1969 3397 utpote

316 3421 551 3477 fratrem
581 3417 756 3474 corde
787 3421 960 3472 tenus
991 3414 1288 3472 fraternali
1323 3414 1607 3471 charitate
1636 3413 1856 3470 dilexit.

315 3527 386 3584 II.
417 3525 782 3596 Privilegium
825 3522 1098 3649 Ludmgt'lw;
1311 3525 1552 3594 tempore
1605 3521 1844 3592 Hugom's
1873 3520 1970 3577 ab-

1095 3609 1125 3649 s
1283 3635 1295 3648 .

1095 3609 1125 3649 8
1163 3609 1295 3649 HD).

1955 2394 1962 2400 .
1997 2347 2046 2414 B
2076 2344 2410 2419 episcopus,
2441 2343 2816 2419 suggestione
2841 2347 3110 2420 ,Hugonis
3141 2351 3368 2409 abbatis
3415 2351 3737 2410 Sithiensis

2073 2433 2340 2501 coenobii,
2373 2435 2527 2507 quod
2557 2439 2646 2492 est
2685 2439 3088 2494 constructum
3123 2438 3184 2494 in
3226 2439 3423 2499 insula
3449 2443 3639 2500 Sithiu
3668 2441 3735 2496 in

2073 2525 2295 2584 honore
2325 2529 2387 2580 Β.
2421 2524 2573 2580 Petri
2605 2524 2886 2598 principis
2917 2526 3335 2597 apostolorum,
3367 2531 3473 2585 ubi
3501 2532 3570 2587 Β.
3591 2529 3732 2586 Ber-

2071 2614 2234 2670 tinus
2249 2630 2490 2687 corpore
2506 2613 3148 2688 quiescit,perpendens
3163 2616 3517 2688 injustltiam
3541 2619 3736 2692 laci-y-

2077 2701 2360 2760 mabilem
2391 2719 2570 2775 quam
2597 2702 2935 2777 Fridegisus
2968 2706 3359 2777 praedecessor
3396 2723 3578 2782 supra
3607 2724 3744 2763 me-

2076 2793 2286 2849 morati
2317 2793 2547 2848 abbatis
2594 2793 2787 2849 eidem
2843 2798 3044 2849 sancto
3101 2794 3228 2851 loco
3276 2795 3573 2867 intulerat,
3611 2799 3750 2852 tota

2077 2881 2401 2938 intentione
2421 2882 2751 2955 excogita-re
2781 2883 3213 2955 cmpi,qualiter
3229 2885 3502 2940 eumdem
3529 2884 3746 2939 locum

2076 2972 2146 3027 ad
2181 2970 2497 3044 pristinum
2529 2970 2812 3027 honorem
2831 2972 3088 3028 valerem
3119 2974 3411 3028 reducere.
3445 2971 3750 3030 Omnibus

2077 3064 2230 3116 certe
2262 3065 2469 3117 notum
2499 3063 2589 3116 est
2619 3060 2890 3116 ﬁdelibus
2921 3062 3199 3135 quoniam
3219 3060 3407 3117 sancti
3437 3061 3748 3117 confesso-

2077 3166 2169 3206 res
2191 3148 2402 3206 Christi
2419 3149 2790 3205 Audomarus
2808 3153 2982 3222 atque
3003 3151 3445 3217 Bertinus,du-m
3463 3149 3654 3206 adhuc
3672 3150 3745 3206 in

2077 3254 2316 3311 corpore
2339 3238 2966 3303 essent,ocemeterium
2999 3240 3058 3294 in
3090 3239 3231 3295 villa
3261 3239 3444 3294 Stthiu
3464 3239 3524 3294 in
3555 3255 3744 3311 supe-

2078 3327 2215 3384 riori
2245 3326 2372 3383 loco
2395 3328 2466 3384 ad
2486 3327 2836 3383 tumnlanda
2848 3332 3022 3384 suaet
3044 3328 3465 3384 monac-horum
3487 3344 3744 3400 corpora

2077 3415 2376 3473 communi
2407 3431 2578 3488 opere
2608 3416 2904 3472 fecerunt:
2933 3416 2993 3472 in
3020 3417 3190 3488 cujus
3209 3417 3400 3473 medio
3428 3415 3740 3473 basilicam

2076 3505 2137 3561 in
2168 3505 2387 3561 honore
2410 3505 2468 3561 S.
2502 3503 2693 3560 Mariae
2725 3509 3190 3574 construxerant,
3225 3519 3405 3580 quam
3453 3504 3629 3562 etiam
3660 3504 3737 3562 Β.

2075 3595 2448 3651 Audomarus
2470 3594 2772 3650 S.Bertino
2785 3595 3028 3667 suisque
3051 3595 3491 3651 successoribus
3503 3594 3742 3651 donans

315 3685 482 3760 (Vide
537 3686 698 3743 inter
749 3683 1052 3757 privilegia
1121 3682 1388 3789 Lu'dpvici
1456 3681 1563 3750 Pii,
1627 3681 1968 3755 Patrologiae
1999 3721 2042 3789 Ο
2081 3700 2184 3756 per
2213 3681 2896 3755 privilegiumquoddam
2915 3683 3244 3756 episcopale
3265 3684 3740 3750 conﬁrmaverat,

969 3777 1115 3828 tom.
1149 3771 1307 3837 CIV.)

386 3864 484 3921 IlI.
514 3864 731 3920 Eodem
759 3865 1023 3932 tempore
1052 3861 1368 3933 praedictus
1411 3860 1576 3932 Hugo
1605 3860 1793 3916 abbas
1833 3876 1970 3916 con-

318 3951 523 4010 dolens
551 3949 968 4006 infelicissimae
999 3953 1058 4004 et
1086 3949 1429 4004 miserrimis
1459 3948 1728 4004 divisioni
1760 3952 1819 4004 et
1847 3948 1970 4004 dis-

317 4039 558 4100 cissioni
587 4037 937 4096 venerabilis
983 4037 1295 4093 Sithiensis
1342 4037 1591 4096 cmnobii
1623 4037 1696 4092 ab
1730 4036 1971 4092 infando

317 4127 620 4202 Fridegiso
645 4127 872 4192 factae,a
899 4127 1118 4183 domno
1137 4125 1419 4198 Folquino
1445 4131 1582 4182 tunc
1611 4125 1971 4182 Morinorum

315 4216 638 4277 venerabili
675 4216 940 4274 antistite
970 4216 1259 4272 unitatem
1291 4214 1690 4272 omnobiorum
1723 4213 1972 4287 pristino

317 4323 479 4365 more
509 4305 818 4364 reformari
865 4303 1198 4378 inspiravit.
1233 4305 1395 4370 Quod
1447 4308 1504 4360 et
1535 4301 1834 4377 privilegio
1880 4303 1975 4357 fir-

317 4395 468 4453 mari
499 4396 654 4454 fecit.
705 4396 896 4469 Hujus
925 4399 1123 4454 autem
1168 4392 1469 4467 priuilegii
1513 4391 1624 4449 hoc
1654 4397 1744 4449 est
1787 4407 1975 4449 exem-

319 4485 466 4558 plar.

842 4573 937 4630 IV.
969 4573 1276 4647 Exemplar
1313 4571 1447 4646 (76).

387 4663 508 4736 Ego
538 4661 862 4734 Folquinus
890 4662 992 4718 Dei
1019 4662 1212 4736 gratia
1241 4661 1602 4718 Morinorum
1640 4661 1972 4733 episcopus,

319 4751 596 4810 omnibus
627 4751 900 4808 fidelibus
929 4755 1051 4810 tam
1087 4751 1304 4808 futuris
1352 4767 1530 4824 quam
1562 4750 1974 4824 presentibus.

319 4840 612 4914 Quidquid
658 4841 730 4897 ob
778 4858 1039 4898 amorem
1091 4840 1187 4914 Dei
1213 4841 1513 4913 exigentes
1559 4841 1639 4896 rei
1673 4839 1976 4896 veritatem

320 4931 614 4988 memoriae
628 4932 961 4988 futurorum
983 4931 1346 4987 noscendum
1369 4927 1978 5001 reliquerimus,valde

319 5019 380 5076 id
407 5019 723 5075 animabus
753 5019 973 5075 nostris
1005 5018 1378 5090 profuturum
1407 5018 1890 5089 speramus,dum
1919 5021 1980 5072 et

2080 3777 2137 3830 et
2165 3789 2341 3829 suum
2372 3772 2524 3827 inter
2551 3789 2651 3828 eos
2681 3772 3096 3845 corpusculum
3141 3773 3373 3847 sepeliri
3414 3772 3476 3828 in
3526 3772 3741 3828 eodem

2078 3861 2380 3935 privilegio
2411 3865 2732 3934 rogaverat.
2761 3864 2947 3928 Quam
2981 3863 3290 3934 praedictus
3321 3861 3504 3919 abbas
3545 3861 3746 3918 Fride-

2079 3951 2244 4024 gisus
2275 3968 2391 4007 non
2421 3950 2613 4007 solum
2647 3951 2706 4006 S.
2740 3950 2969 4006 Bertino
2999 3951 3153 4020 tulit,
3189 3950 3292 4007 sed
3342 3950 3522 4006 etiam
3556 3949 3742 4022 (quod

2081 4041 2240 4096 dictu
2265 4039 2546 4096 horribile
2575 4039 2684 4100 est)
2708 4038 3026 4095 monachos
3041 4041 3172 4111 ejus
3208 4039 3325 4098 Deo
3346 4039 3588 4095 honeste
3618 4038 3742 4093 ibi-

2082 4129 2215 4185 dem
2238 4129 2554 4187 servientes
2570 4143 2706 4184 cum
2724 4145 2938 4201 magno
2960 4127 3240 4184 dedecore
3257 4125 3743 4200 expulit,canoni—

2082 4233 2296 4291 eosque
2318 4216 2886 4283 ibiconstituit,dum
2913 4216 3179 4273 sciliceta
3205 4217 3570 4290 temporibus
3598 4231 3741 4272 san-

2082 4311 2310 4365 ctorum
2339 4305 2658 4363 Audomari
2686 4309 2862 4378 atque
2893 4305 3113 4362 bertini
3161 4305 3364 4380 religio
3393 4304 3741 4361 monachica

2081 4397 2300 4454 ibidem
2334 4395 2630 4452 famulans
2657 4393 3102 4467 religiosissime
3118 4395 3634 4462 ﬂoreret.Quorum
3656 4392 3737 4450 la.

2083 4501 2361 4559 crymosae
2373 4483 2682 4556 inju'stitize
2702 4482 3221 4557 reclamationique
3234 4482 3568 4541 incessabili
3581 4499 3739 4539 com-

2083 4574 2314 4648 patiens
2345 4577 2402 4630 et
2429 4571 2697 4646 petitioni
2728 4571 3616 4645 Hugonisvenerabilis-abbatis
3643 4587 3737 4628 ac-

2085 4663 2413 4737 quieseens,
2447 4662 2779 4718 aedilitatem
2803 4677 2906 4718 seu
2924 4662 3253 4719 custodiam
3276 4662 3463 4735 ipsius
3484 4659 3740 4717 basilica!

2086 4755 2144 4810 S.
2179 4753 2344 4809 Petro
2375 4755 2694 4823 sanctoque
2743 4751 2976 4807 Bertino
3034 4751 3415 4818 reddendam,
3451 4753 3508 4805 et
3533 4766 3740 4805 mona-

2086 4842 2264 4898 chum
2295 4841 2366 4896 ad
2399 4840 2726 4895 custodiam
2757 4839 2834 4896 ibi
2869 4840 3206 4912 ponendum
3237 4837 3439 4896 censui
3460 4842 3517 4894 et
3537 4837 3741 4902 statui,

2087 4935 2151 4986 ut
2170 4934 2227 4986 et
2257 4932 2510 5001 quatuor
2535 4928 2902 5000 temporibus
2919 4927 2979 4983 in
3004 4945 3156 4984 anno
3178 4928 3496 4984 missarum
3530 4926 3743 4982 solem-

2087 5020 2188 5076 nia
2215 5018 2573 5076 celebrarent
2598 5015 2872 5082 stabilivi,
2907 5017 3015 5072 hoc
3046 5021 3136 5073 est
3165 5016 3225 5072 in
3267 5017 3410 5073 feria
3429 5015 3603 5071 tertia
3625 5016 3744 5071 die-

320 5123 458 5164 vera
486 5107 997 5173 innotescimus,et
1015 5107 1231 5161 falsata
1260 5107 1632 5161 damnamus.
1658 5105 1867 5160 Melius
1891 5109 1983 5160 est
2009 5091 2056 5157 D
2088 5125 2217 5163 rum
2252 5106 2663 5180 Rogationum,
2696 5106 2754 5161 in
2788 5106 3103 5162 festivitate
3128 5123 3361 5179 quoque
3402 5105 3464 5160 B.
3497 5103 3742 5160 Joannis

323 5195 481 5252 enim
505 5194 694 5266 ipsum
715 5195 1021 5251 veritatem
1053 5195 1126 5250 ad
1162 5193 1398 5250 laudem
1441 5193 1540 5249 Dei
1576 5193 1972 5261 manifestare,

325 5300 503 5356 quam
533 5299 637 5354 pro
659 5281 822 5338 lucro
853 5287 955 5338 aut
981 5283 1210 5356 negotio
1242 5287 1472 5338 terreno
1502 5298 1631 5338 eam
1665 5281 1870 5350 celare,
1906 5299 1979 5338 ne

327 5371 551 5430 scilicet
579 5370 756 5428 homo
779 5376 1047 5442 peccator
1077 5372 1360 5429 offensam
1409 5371 1512 5427 Dei
1554 5376 1613 5426 et
1641 5375 1978 5427 sanctorum

327 5461 456 5533 ejus
486 5460 548 5516 in
577 5459 689 5516 hoc
717 5458 988 5515 videatur
1003 5459 1514 5534 incurrere.lgitur
1527 5475 1633 5534 ego
1655 5460 1981 5532 Folquinus

421 5604 512 5676 75)
537 5600 712 5677 apud
737 5599 1268 5677 Mabillonium,_.De
1295 5604 1632 5677 redimam,
1674 5619 1808 5677 pag.
1856 5603 1982 5677 613.

422 5619 512 5676 1:3)
544 5619 712 5674 Apua
737 5619 1268 5671 manliionium,.ue
1295 5621 1355 5661 re
1382 5619 1632 5677 ruptam,
1674 5619 1750 5676 pa
1795 5644 1808 5658 .
1856 5619 1976 5662 om.

377 5619 519 5753 λέπει)
536 5671 922 5750 Privileg-ium
935 5672 1082 5736 illud
1093 5675 1351 5762 vulgavit
1370 5675 1737 5736 Mabillﬁaac.
1751 5619 1976 5740 Dened.

2086 5197 2444 5269 Baptistae,et
2472 5195 2532 5250 in
2566 5194 2930 5266 depositione
2975 5199 3031 5250 S.
3056 5193 3394 5262 Audomari,
3430 5196 3488 5250 in
3521 5191 3744 5248 festivi-

2085 5291 2206 5342 tate
2232 5285 2498 5342 omnium
2529 5287 2897 5339 sanctorum:
2933 5287 2988 5340 et
3010 5284 3295 5356 quidquid
3319 5284 3392 5339 ad
3433 5283 3634 5355 ipsum
3662 5280 3741 5337 al-

2089 5380 2214 5431 tare
2242 5373 2484 5443 veniret,
2517 5372 2796 5428 monachi
2849 5373 3038 5429 sancti
3083 5373 3304 5429 Bertini
3350 5373 3579 5444 absque
3630 5367 3747 5426 ulla

2092 5461 2726 5533 contradictionejuxta
2737 5477 2961 5519 morem
2977 5460 3292 5531 pristinum
3308 5459 3634 5519 secundum
3651 5459 3745 5515 dev

2096 5607 2196 5682 III,
2229 5609 2381 5683 part.
2417 5621 2458 5675 1,
2487 5620 2625 5682 pag.
2651 5604 2784 5664 .122.
