3882 6396
160 400 320 492 1225

1549 406 2214 468 CllARTULAltlUM.

3434 417 3590 476 12⁵26

155 533 385 608 cretum
417 531 572 589 beati
600 532 942 601 Audomari,
967 507 1122 606 quod
1165 534 1224 589 in
1266 535 1567 608 privilegio
1599 537 1668 591 de
1701 541 1820 592 tra-
1851 539 1905 606 Α
1937 539 2266 596 Ludovicus
2297 544 2354 596 et
2384 541 2625 598 Carolus
2655 542 2997 600 divisionem
3034 544 3198 618 regni
3230 546 3586 618 atlectantes,

153 620 376 676 ditione
407 619 593 692 ipsius
642 619 753 677 loci
809 621 1090 678 coenobiis
1123 623 1359 695 scripsit
1391 628 1447 679 et
1490 624 1819 692 interdixit,

152 705 460 775 haberent,
486 713 774 778 tenerent,
799 710 933 765 etin
962 716 1242 783 perpetuo
1267 713 1504 784 perenni
1527 714 1663 784 jure
1685 731 1821 786 pos-

151 796 567 861 sideren_t.Nec
599 798 912 872 episcopus
939 804 1042 854 aut
1061 799 1510 858 archidiaconus
1542 803 1691 873 ejus,
1716 820 1820 858 seu

151 884 372 957 aliquis
403 884 873 952 clericorum,ve1
906 887 1082 958 iudex
1115 889 1432 944 forensium
1466 907 1685 957 rerum,
1717 891 1820 946 ali-

151 975 294 1047 quid
328 973 440 1030 sibi
481 974 687 1032 exinde
717 975 1032 1032 vindicent.
1081 977 1347 1050 Denique
1393 979 1521 1050 jam
1573 980 1812 1052 quidam

151 1067 517 1120 emerserant
537 1065 786 1120 audacia
804 1065 1150 1122 temeritatis
1169 1068 1680 1139 deccpti,dicentes
1703 1068 1818 1141 pri-

147 1156 380 1208 matum
424 1152 687 1209 locorum
736 1154 807 1210 ad
859 1173 920 1210 se
971 1155 1259 1226 pertinere
1302 1157 1812 1221 debere.Quorum

143 1246 632 1314 praesumptuosae
661 1235 950 1315 superbiae
984 1243 1288 1311 resistens,
1325 1260 1426 1314 per
1467 1244 1812 1318 descriptio-

143 1346 282 1386 nem
317 1329 694 1402 capitularem
730 1347 924 1387 coram
960 1331 1316 1404 quibusdam
1341 1333 1693 1404 primatibus
1724 1351 1811 1390 re-

139 1417 297 1490 galis
329 1417 527 1491 palatii
555 1425 612 1475 et
639 1418 821 1492 hujus
853 1421 1052 1492 patriae
1079 1438 1178 1476 eos
1205 1421 1340 1476 huic
1373 1421 1498 1478 loco
1521 1423 1814 1496 subegi,et

138 1512 422 1564 conatum
458 1526 662 1565 eorum
686 1509 1024 1564 annihilavi.
1051 1509 1168 1564 Hoc
1191 1511 1367 1565 etiam
1401 1511 1684 1584 scriptum
1716 1529 1814 1585 po-

135 1597 324 1652 steris
355 1597 813 1670 relinquendum
862 1598 983 1654 fore
1027 1603 1221 1654 ratum
1255 1599 1412 1666 duxi,
1439 1604 1503 1654 ut
1549 1617 1653 1672 per
1702 1601 1811 1656 hoc

135 1687 503 1758 quandoque
535 1687 848 1749 resistatur
886 1687 1260 1741 inimicorum
1305 1687 1472 1742 mala:
1501 1687 1809 1758 voluntati,

133 1779 195 1829 et
231 1773 344 1830 hoc
373 1774 696 1846 lnfringere
737 1774 1055 1830 volentium
1107 1775 1310 1847 iniquo
1361 1777 1614 1832 conatui.
1645 1779 1808 1844 Quod

129 1863 484 1935 quicunque
533 1861 750 1918 futuris
805 1863 1167 1935 temporibus
1201 1863 1288 1920 vel
1339 1864 1687 1933 annihilare,
1721 1865 1809 1921 vel

124 1949 462 2023 infringere
481 1953 1109 2023 praesumpserit,quod
1145 1953 1317 2017 absit,
1343 1954 1686 2010 auctoritate
1706 1955 1809 2010 Pa-

124 2039 270 2106 tris,
301 2043 360 2094 et
389 2039 542 2106 Filii,
573 2044 629 2094 et
658 2039 912 2112 Spiritus
962 2040 1150 2096 sancti
1199 2041 1514 2097 anathema
1561 2041 1654 2111 sit,
1691 2043 1804 2099 nisi

127 2128 321 2200 digna
351 2127 698 2198 poenitentia
730 2129 1054 2201 resipucrit.
1075 2132 1280 2184 Actum
1315 2136 1404 2186 est
1435 2147 1588 2186 anno
1615 2132 1801 2187 incar-

129 2215 398 2272 nationis
421 2215 737 2272 Dominicaa
759 2218 1246 2290 octingentesimo
1275 2219 1599 2292 trigesimo,
1627 2239 1800 2288 nono,

126 2304 453 2361 iadictione
484 2305 776 2374 secunda;
813 2305 1043 2378 imperii
1093 2311 1288 2362 autem
1341 2308 1612 2363 Ludovici
1647 2309 1803 2382 regis

129 2411 292 2450 anno
340 2393 628 2466 vigesimo
687 2399 870 2462 sexto,
915 2395 1266 2466 praesulatus
1326 2413 1559 2468 quoque
1616 2397 1800 2452 nostri

129 2499 292 2540 anno
321 2481 601 2538 vicesimo
627 2473 796 2539 tertio
819 2483 952 2556 (77),
978 2483 1035 2538 in
1061 2482 1304 2540 ecclesia
1335 2491 1548 2540 sanctae
1582 2486 1798 2554 Mariaa,

130 2571 488 2628 duodecimo
522 2570 812 2628 Kalendas
848 2572 1010 2637 Julii,
1045 2579 1328 2644 praesente
1361 2573 1672 2630 universali
1708 2593 1800 2648 sy-

130 2660 313 2716 nodo.
346 2661 465 2734 Ego
497 2659 819 2732 Folquinus
865 2679 933 2716 ex
973 2679 1260 2718 consensu
1295 2665 1349 2718 et
1383 2667 1666 2735 praecepto
1699 2665 1798 2719 do-

130 2747 282 2804 mini
316 2749 587 2804 Lucovici
617 2748 991 2822 imperatoris
1032 2749 1153 2806 haec
1191 2751 1516 2807 voluntarie
1548 2753 1800 2821 firmavi,

128 2843 186 2894 et
239 2855 382 2894 cum
433 2839 747 2911 episc0pali
803 2838 1280 2896 interminatione
1341 2840 1648 2912 suscripsi.
1679 2843 1796 2914 Ego

127 2926 429 2984 Maximus
451 2927 902 2983 archidiaconus
927 2929 1273 3000 subscripsi.
1293 2929 1412 3001 Ego
1430 2930 1594 3002 Hugo
1617 2931 1798 2986 abbas

126 3016 483 3090 subscripsi.
533 3017 780 3088 Signum
852 3017 1125 3072 Adalardi
1202 3018 1496 3073 monachi.
1550 3019 1796 3092 Signum

124 3106 455 3162 Amalberti
507 3105 801 3161 monachi.
843 3105 1089 3179 Signum
1143 3107 1286 3161 Mori
1340 3107 1449 3179 (78)
1501 3109 1793 3164 monachi.

127 3197 382 3270 Signum
409 3193 642 3250 Henrici
667 3195 764 3266 [aL
793 3195 1012 3268 Unrici]
1048 3195 1560 3268 comitis.Signum
1585 3198 1795 3270 Odgini

1931 633 2066 698 post
2095 647 2276 685 unum
2309 647 2552 694 annum,
2586 631 2841 688 maximo
2883 632 3079 705 praelio
3111 633 3263 690 inter
3293 650 3354 690 se
3385 635 3587 690 confli-

1930 723 2138 772 xerunt
2169 718 2225 772 in
2260 736 2407 790 pago
2436 719 2934 787 Autisiodorense,
2968 722 3026 776 in
3061 721 3186 778 loco
3219 723 3319 794 qui
3350 728 3589 779 vocatur

1934 804 2338 862 Fontanetum.
2372 807 2434 862 In
2471 825 2586 879 quo
2617 808 2742 864 loco
2770 810 3142 879 Franci,cum
3175 811 3451 868 omnibus
3481 831 3585 867 na-

1927 892 2186 950 tionibus
2201 896 2312 950 sibi
2333 897 2632 968 subjectis,
2652 903 2860 954 mutua
2877 917 2938 954 se
2955 900 3107 954 caede
3125 906 3582 972 prosternentes,

1927 983 1997 1036 ad
2034 982 2310 1039 ultimum
2345 985 2671 1040 Ludovicus
2697 991 2754 1040 et
2773 985 3033 1053 Carolus,
3060 986 3330 1042 Lothario
3359 987 3581 1061 fugato,

1924 1071 2294 1144 triumphum
2326 1073 2518 1146 adepti
2565 1079 2723 1129 sunt.
2757 1075 2893 1130 Post
2935 1075 3417 1133 cruentissimum
3450 1093 3583 1132 vero
3662 1085 3664 1087 ’

1924 1148 2212 1229 praelium,
2248 1177 2386 1232 pace
2417 1162 2570 1216 inter
2615 1179 2713 1217 eos
2762 1161 2935 1230 facta,
2959 1161 3287 1218 diviserunt
3335 1163 3490 1218 inter
3518 1179 3583 1219 se

1923 1247 2278 1304 Francorum
2301 1248 2636 1322 imperium.
2659 1235 2728 1305 Et
2750 1249 3062 1306 Lotharius
3091 1250 3330 1322 quidem
3357 1252 3584 1324 accepit

1922 1353 2169 1409 regnum
2211 1338 2609 1394 Romanorum
2642 1343 2700 1393 et
2739 1342 2922 1394 totam
2967 1337 3216 1406 Italiam,
3249 1344 3304 1395 et
3352 1345 3579 1412 partem

1921 1426 2176 1481 Francia:
2207 1425 2548 1482 orientalem
2581 1431 2883 1498 totamque
2913 1427 3298 1485 Proventiam.
3331 1429 3579 1485 Ludovi-

1921 1532 2025 1569 cus
2055 1532 2210 1580 vero,
2253 1521 2460 1586 praeter
2507 1515 2798 1582 Noricam,
2823 1533 3003 1588 quam
3063 1516 3336 1585 habebat,
3386 1518 3580 1574 tenuit

1922 1620 2101 1674 regna
2133 1621 2263 1674 quze
2294 1608 2458 1674 pater
2489 1621 2634 1659 suus
2667 1603 2748 1658 illi
2782 1605 3040 1672 dederat,
3066 1605 3124 1660 id
3165 1608 3255 1660 est
3299 1604 3577 1662 Alaman-

1921 1689 2102 1756 niam,
2126 1690 2490 1764 Turingiam,
2524 1692 2912 1761 Austrasiam,
2939 1693 3250 1750 Saxoniam
3279 1697 3337 1750 et
3362 1695 3574 1752 Avaro-

1921 1797 2074 1849 rum,
2101 1779 2155 1834 id
2192 1783 2281 1835 est
2324 1782 2666 1836 Hunnorum
2709 1797 2977 1854 regnum.
3001 1781 3242 1838 Carolus
3277 1799 3412 1839 vero
3461 1801 3578 1840 me-

1921 1868 2198 1923 dietatem
2221 1867 2472 1924 Francia:
2495 1869 2567 1924 ab
2590 1869 2917 1938 Occidente,
2939 1877 2996 1925 et
3013 1874 3196 1927 totam
3219 1871 3572 1942 Neustriam,

1917 1957 2278 2012 Britanniam
2311 1962 2366 2014 et
2398 1959 2716 2014 maximam
2767 1964 2992 2030 partem
3040 1960 3412 2033 Burgundiaa,
3459 1967 3568 2018 ϐο-

1915 2046 2079 2114 tiam,
2102 2046 2502 2113 VVasconiam,
2527 2048 2925 2118 Aquitaniam,
2951 2049 3223 2106 submoto
3255 2051 3409 2106 unde
3441 2051 3570 2124 Pip-

1913 2133 2072 2204 pino,
2095 2133 2213 2190 {ilio
2245 2135 2566 2206 Pippini,et
2596 2136 2654 2190 in
2687 2137 3043 2192 monasterio
3073 2138 3262 2192 sancti
3309 2139 3572 2196 Medardi

1912 2227 2171 2292 attonso;
2207 2223 2318 2278 ista
2349 2229 2544 2278 autem
2590 2224 3091 2294 periculosissima
3121 2226 3416 2285 discordia
3443 2229 3571 2284 sine

1911 2311 2110 2384 requie
2141 2312 2530 2385 quinquennii
2564 2319 2946 2386 occupaverat
2977 2319 3230 2386 tempus.

2035 2419 2154 2474 VII.
2188 2420 2262 2475 De
2294 2421 2654 2475 translatione
2681 2423 2861 2476 sancti
2885 2421 3188 2478 Audo-mari
3213 2421 3278 2478 de
3306 2424 3442 2479 villa

2562 2493 2914 2564 Ligcsburch.

1981 2581 2098 2636 Sub
2129 2579 2238 2636 hac
2277 2584 2624 2652 tempestate
2654 2581 2988 2636 invenimus
3021 2580 3102 2636 ita
3132 2583 3476 2637 annotatum
3508 2582 3569 2638 in

1910 2667 2490 2724 decennovaenalibus
2540 2686 2829 2724 annorum
2880 2669 3193 2724 Dominicae
3225 2669 3566 2737 nativitatis,

1909 2759 2065 2830 quod
2095 2764 2184 2812 est
2228 2775 2526 2823 ncccxun,
2561 2757 2878 2812 indictione
2909 2775 2983 2824 v1,
3018 2757 3205 2814 sancti
3248 2759 3566 2815 Audomari

1909 2865 2122 2919 corpus
2151 2847 2222 2901 de
2252 2847 2387 2902 villa
2412 2847 2799 2919 Liegesburch
2835 2849 3082 2902 refertur
3130 2847 3202 2902 ad
3249 2847 3443 2903 locum
3477 2849 3564 2904 Si-

1907 2941 2056 2990 tum.
2087 2935 2554 3006 Solemnitasque
2598 2935 2754 2991 illius
2804 2936 3206 2994 translationis
3254 2937 3314 2992 in
3365 2955 3567 2995 mense

1905 3025 2080 3080 Junio
2113 3026 2313 3080 devote
2346 3042 2378 3079 a
2411 3025 2623 3096 populo
2667 3025 2993 3080 celebratur
3032 3025 3427 3095 Taruennico;
3463 3029 3564 3083 sed

1907 3113 2169 3186 plerique
2200 3113 2472 3186 ignorant
2501 3131 2530 3170 e
2563 3113 2900 3187 vulgaribus
2944 3132 3048 3187 pro
3080 3133 3196 3188 qua
3240 3133 3300 3172 re
3342 3120 3566 3172 statuta

1909 3205 1986 3258 sit
2019 3203 2075 3257 in
2109 3203 2402 3275 primitus.
2430 3205 2678 3274 AEquum
2713 3209 2905 3258 autem
2941 3205 3193 3260 arbitror
3221 3223 3350 3260 esse
3381 3210 3436 3260 et
3467 3207 3568 3261 Ec-

129 3284 418 3340 advocati.
454 3284 701 3356 Signum
755 3283 1042 3340 Everwini
1093 3285 1319 3339 militis.
1345 3285 1590 3357 Signum
1622 3287 1792 3342 Bera-
1824 3277 1868 3344 C
1907 3293 2093 3348 clesire
2127 3293 2514 3365 provenire,si
2541 3309 2750 3347 causas
2778 3293 3330 3348 illiussolemnitatis
3361 3293 3422 3348 in
3452 3293 3562 3349 hoc

129 3373 198 3428 rii
232 3372 464 3451 militis.
491 3373 610 3445 Ego
641 3371 1007 3428 Gunthertus
1039 3375 1148 3445 (79)
1179 3373 1352 3428 levita
1383 3380 1438 3428 et
1470 3375 1793 3432 monachus

121 3463 277 3534 jussi
314 3462 515 3518 domni
551 3461 818 3534 Folquini
863 3462 1130 3535 praesulis
1170 3463 1321 3518 hanc
1361 3462 1624 3519 chartam
1657 3464 1797 3520 scri-

129 3551 218 3624 psi
251 3557 313 3609 et
343 3550 692 3622 subscripsi.

180 3655 184 3657 “
761 3637 828 3694 V.
857 3638 1169 3710 Exemplar.

199 3727 503 3800 Quidquid
533 3727 664 3801 (80),
698 3731 806 3782 etc.

124 3833 218 3893 VI.
249 3835 332 3892 De
357 3839 530 3891 morte
559 3834 813 3891 Ludovici
854 3837 1018 3906 regis,
1051 3839 1100 3891 et
1131 3828 1400 3892 diuisione
1447 3838 1606 3906 regni
1653 3838 1796 3892 inter

809 3908 954 3978 ﬁlios
985 3908 1036 3978 ej
1041 3925 1120 3962 us.

195 3995 502 4053 Gloriosus
533 4000 728 4052 autem
759 4013 859 4052 rex
891 3996 1216 4052 Ludovicus
1250 3996 1568 4068 imperator
1595 3998 1796 4070 Augu-

130 4091 269 4154 stas,
324 4102 479 4141 anno
525 4084 947 4141 incarnationis
996 4085 1312 4142 Dominicze
1361 4087 1486 4152 840,
1522 4103 1655 4141 cum
1707 4104 1794 4142 re-

129 4179 374 4248 gnasset
405 4173 574 4231 annis
602 4191 778 4243 XXVII,
816 4175 1070 4230 decessit
1109 4193 1142 4230 a
1188 4174 1420 4230 szeculo.
1448 4177 1596 4231 Ante
1627 4177 1796 4248 cujus

131 4266 360 4320 obitum
403 4264 672 4320 mirabile
714 4265 996 4336 quiddam
1029 4268 1087 4320 et
1115 4263 1450 4320 inauditum
1497 4266 1710 4320 accidit
1735 4266 1795 4320 in

133 4371 278 4428 pago
312 4353 770 4410 Taruennicum.
798 4353 946 4408 Nam
989 4353 1118 4424 ipso
1151 4370 1326 4418 anno,
1363 4357 1492 4425 post
1537 4355 1795 4410 medium

131 4444 278 4498 Janu
289 4443 482 4498 arium
501 4442 924 4516 meridie,ignei
950 4443 1238 4498 umbones
1251 4460 1384 4498 cum
1408 4443 1603 4498 sonitu
1625 4461 1796 4516 gran-

136 4532 192 4587 di
214 4534 286 4588 ab
305 4531 521 4587 aethere
542 4530 690 4604 lapsi
713 4532 1027 4600 sunt,miru
1040 4549 1212 4604 mque
1235 4531 1641 4604 speetaculum
1659 4550 1797 4590 omn

1905 3381 2400 3453 codice,quamvis
2423 3380 2980 3452 impolito,digeram
2999 3397 3288 3446 sermone,
3309 3381 3564 3436 maxime

1905 3487 2040 3526 cum
2069 3469 2314 3525 Tobiam
2347 3469 2591 3540 angelus
2624 3469 2956 3536 admoneat,
2981 3469 3217 3523 dicens:
3253 3468 3426 3540 Opera
3460 3473 3565 3524 Do-

1904 3561 2047 3614 mini
2074 3573 2308 3613 narrare
2357 3565 2409 3612 et
2455 3557 2704 3626 conﬁteri
2733 3556 3096 3626 honorificum
3127 3560 3222 3612 est.
3257 3557 3357 3612 Est
3403 3557 3560 3613 enim

1906 3647 1964 3702 in
1997 3647 2106 3702 hoc
2163 3646 2334 3709 facto,
2367 3647 2417 3700 si
2450 3646 2736 3700 referatur
2790 3646 2944 3700 unde
3001 3645 3230 3700 Domini
3290 3645 3566 3702 laudetur

1907 3734 2362 3808 magniﬁcentia,
2397 3739 2454 3790 et
2496 3734 2653 3788 unde
2700 3733 2888 3806 ipsius
2936 3734 3123 3790 sancti
3173 3734 3566 3808 ampliﬁcetur

1910 3823 2248 3880 reverentia.
2273 3822 2594 3895 Aggrediar
2644 3840 2779 3895 ergo
2833 3823 3045 3893 dicere,
3079 3841 3194 3880 non
3255 3841 3382 3898 qua:
3438 3825 3564 3898 ipse

1905 3930 2198 3986 praesumo
2229 3913 2468 3984 ﬁngere,
2497 3913 2598 3966 sed
2645 3930 2773 3985 qua:
2805 3929 2838 3968 a
2868 3912 3198 3970 senioribus
3247 3914 3392 3970 mihi
3423 3932 3562 3971 con-

1905 4008 2021 4060 stat
2050 4001 2384 4057 intimatum
2418 4003 2556 4057 fore.

1975 4092 2122 4147 VIII.
2151 4091 2332 4164 Igitur
2360 4092 2525 4165 Ilugo
2561 4091 2742 4147 abbas
2764 4093 2889 4164 jam
2923 4098 3302 4161 memoratus,
3326 4099 3566 4166 excepta

1907 4199 2083 4238 causa
2114 4199 2292 4252 quam
2327 4181 2632 4249 refero,vir
2658 4198 2764 4252 per
2803 4187 3018 4236 cuncta
3047 4181 3384 4252 laudabilis,
3409 4189 3564 4254 post-

1907 4288 2086 4344 quam
2108 4270 2298 4324 locum
2323 4269 2477 4324 hunc
2502 4287 2609 4324 sua
2625 4270 3040 4326 constitutione
3061 4270 3434 4326 laudabiliter
3451 4277 3564 4326 sta-

1906 4361 2116 4426 bilivit,
2138 4377 2256 4430 qua
2278 4365 2334 4414 et
2365 4359 2673 4414 canonicos
2698 4359 2882 4414 sancti
2914 4359 3229 4415 Audomari
3263 4360 3564 4416 monachis

1909 4450 2092 4506 sancti
2119 4448 2537 4513 Bcrtini,ctiam
2563 4466 2664 4520 per
2684 4448 3134 4520 descriptionem
3157 4449 3561 4521 capitularem,

1899 4540 2058 4610 justo
2092 4539 2221 4608 subj
2235 4537 2448 4609 ligavit,
2482 4537 2956 4609 monachumque
2985 4537 3058 4592 ab
3089 4538 3337 4594 inferius
3368 4555 3566 4594 mona-

135 4621 351 4693 populo
386 4621 1044 4711 detuleruntpefuncto
1075 4624 1277 4711 δι]ῒοωέ
1311 4621 1585 4692 Ρΐωάίοῐο
1614 4622 1796 4695 impe-
1828 4643 1876 4711 Β
1909 4628 2155 4684 sterium
2187 4628 2259 4682 ad
2310 4627 2497 4682 sancti
2528 4627 2846 4682 Audomari
2881 4628 3209 4682 custodiam
3242 4628 3561 4700 deputavit,

134 4715 324 4767 ratore
364 4710 675 4779 Ludovico,
706 4709 862 4766 ﬁlius
887 4712 1016 4782 ejus
1049 4709 1381 4778 Lotharius,
1408 4711 1506 4782 qui
1540 4716 1672 4766 ante
1703 4713 1799 4768 ob-

141 4799 284 4854 itum
317 4799 504 4872 patris
547 4799 620 4855 ad
667 4799 1078 4871 imperatorem
1115 4803 1328 4854 unctus
1359 4802 1501 4866 erat,
1531 4800 1601 4856 de
1635 4800 1800 4857 Italia

136 4889 400 4959 veniens,
432 4888 836 4944 monarchiam
868 4893 1066 4944 tenere
1107 4887 1412 4962 gestiebat.
1446 4889 1558 4944 Sed
1591 4891 1800 4946 fratres

209 5003 320 5078 (77)
355 5003 500 5078 Hinc
520 5003 774 5078 colligas
804 5003 1157 5078 Folquinum
1183 5005 1305 5078 sedi
1340 5005 1658 5078 Morinensi
1693 5006 1799 5061 im-

140 5076 395 5150 positum
434 5076 630 5150 fuisse
679 5076 834 5150 anno
865 5079 990 5133 817.
1017 5077 1321 5150 Consentit
1363 5076 1617 5150 Joannes
1667 5078 1788 5150 Ipe-

143 5147 262 5203 rius
293 5148 393 5222 qui
431 5147 692 5219 Folquini
727 5147 1234 5222 inaugurationem
1270 5149 1498 5220 reponit
1526 5147 1798 5206 Ludovici

141 5219 386 5291 Augusti
417 5236 573 5276 anno
604 5236 677 5274 IV.

211 5294 322 5364 (78)
352 5291 499 5364 _Huc_
518 5296 794 5364 spectant
843 5291 1013 5364 Iperii
1051 5291 1240 5364 verba
1287 5308 1414 5362 cap.
1445 5292 1518 5364 l2
1551 5308 1598 5347 ;‹‹
1634 5293 1798 5364 Hugo

145 5361 323 5418 abbas
351 5361 612 5418 basilicae
641 5366 698 5416 S.
731 5361 924 5418 Maria:
958 5363 1238 5417 redituum
1271 5361 1574 5418 constituit
1603 5361 1802 5420 mon—a-

147 5431 317 5506 chum
349 5434 591 5506 nomine
634 5433 1028 5506 Morumzqui
1077 5435 1274 5506 Morus
1325 5439 1526 5506 postea
1586 5451 1798 5506 corpus

147 5504 202 5580 _S.
223 5505 544 5561 Audomari
569 5505 795 5580 furatus
817 5511 905 5562 est
935 5504 992 5562 et
1023 5506 1082 5561 in
1111 5504 1412 5579 privilegio
1437 5505 1502 5563 B.
1529 5504 1799 5580 Folquini

145 5575 292 5632 inter
321 5581 502 5633 testes
534 5576 866 5632 ascribitur.
891 5599 919 5628 »

211 5649 324 5724 (79)
353 5648 751 5724 Gunther-tum
784 5648 943 5724 hu_ne
961 5647 1184 5724 _laudat
1226 5649 1452 5722 lperius
1481 5653 1679 5724 cap._2_
1706 5651 1802 5724 his

144 5718 334 5780 verbis
365 5736 418 5780 :«
441 5720 566 5780 Sub
595 5720 804 5782 abbate
846 5718 1148 5797 Fridogiso
1178 5718 1449 5802 receptus
1497 5718 1588 5783 est
1613 5721 1710 5784 hic
1737 5723 1800 5785 in

467 5849 731 5916 Panos.
780 5847 1096 5938 CXXXVI.

1909 4716 2202 4772 diabolica
2223 4717 2438 4789 sagitta
2451 4715 2951 4788 jaculatus,c<npit
2967 4717 3293 4790 excogitare
3313 4717 3568 4789 qualiter

1908 4806 2096 4864 sancti
2126 4803 2440 4862 Audomari
2487 4821 2720 4877 corpus,
2746 4807 2916 4875 cujus
2949 4820 3056 4877 Ope
3093 4809 3150 4861 et
3179 4805 3414 4874 auxilio,
3447 4823 3568 4863 una

1909 4912 2043 4950 cum
2088 4893 2277 4950 sodali
2321 4911 2428 4949 suo
2479 4893 3156 4962 Bertino,Taruennicus
3203 4895 3568 4968 gubernatur

1909 5009 2264 5083 monachum
2312 5027 2454 5080 puer
2493 5009 2705 5065 nobilis
2739 5009 3124 5076 Gunthertus,
3159 5010 3316 5066 clara
3361 5010 3564 5083 stirpe,

1909 5087 2079 5156 patre
2101 5082 2416 5156 Goitberto,
2450 5087 2634 5156 matre
2673 5099 2806 5136 vero
2845 5083 3169 5137 Ebertruda
3199 5082 3564 5156 progenitus.

1909 5153 2014 5218 Qui
2050 5153 2410 5227 Guntbertus
2458 5153 2514 5206 in
2539 5153 2882 5227 juventute
2905 5171 3013 5227 sua
3042 5171 3077 5209 a
3105 5153 3268 5227 patre
3316 5153 3568 5227 Romam

1909 5227 2121 5279 ductus
2151 5230 2262 5298 est,
2296 5225 2496 5296 ibique
2529 5225 2586 5279 S.
2621 5225 2789 5280 Petro
2835 5225 3088 5292 oblatus,
3108 5225 3176 5282 et
3205 5227 3276 5281 ab
3310 5226 3568 5298 Eugenio

1908 5313 2072 5370 papa,
2117 5295 2425 5370 clericatus
2485 5297 2750 5370 ordinem
2782 5298 3070 5370 suscepit
3109 5313 3122 5351 :
3169 5314 3343 5370 quem
3402 5295 3571 5370 pater

1909 5367 2116 5422 exinde
2148 5369 2389 5422 domum
2449 5368 2700 5432 rediens,
2733 5367 2830 5422 hic
2869 5369 2930 5422 in
2964 5367 3316 5424 monasterio
3375 5367 3568 5423 S’itbiu

1909 5440 1968 5496 S.
2005 5439 2170 5494 Petro
2202 5445 2520 5510 sanctoque
2553 5441 2784 5494 Bertino
2815 5441 3028 5495 obtulit
3060 5441 3472 5495 monachum.»

1983 5513 2094 5581 (80)
2125 5511 2255 5584 Haec
2297 5511 2520 5584 charta
2539 5511 2769 5584 eisdem
2788 5511 2991 5584 verbis
3021 5529 3088 5568 ac
3119 5511 3388 5584 superior
3414 5525 3568 5584 ‘conf

1909 5577 2048 5658 stat,
2074 5577 2433 5658 nominibus
2472 5582 2697 5658 aliquot
2741 5583 2950 5658 dieque
2994 5601 3058 5640 ac
3105 5577 3358 5639 formula
3402 5577 3566 5635 ﬁnali

1909 5655 2197 5714 duntaxat
2229 5654 2491 5713 mutatis.

3165 5851 3243 5912 39
3515 5899 3542 5922 .
