3882 6500
325 509 486 573 4227
1404 501 1793 585 FoLQUINl‘
1819 516 1858 573 s

2243 514 2253 573 l
2297 507 2674 574 MONACHI.
3605 507 3776 570 1228

328 641 603 718 populus,
631 642 1001 710 Vermandis,
1033 643 1106 699 ad
1151 643 1339 699 sancti
1380 643 1641 709 Quintini
1686 647 1983 700 monaste-
2012 646 2068 710 Α
2098 642 2253 699 anxii
2286 647 2557 700 eventum
2588 642 3007 715 exspectabant
3035 640 3152 711 rei;
3184 641 3286 698 sed
3315 644 3643 714 postquam
3678 641 3778 697 da-

333 733 511 804 rium,
543 731 823 804 quoniam
867 732 975 788 hoc
1018 732 1215 804 ipsum
1245 733 1636 806 gubernabat,
1666 736 1863 806 posset
1891 733 1992 787 de-
2098 737 2228 788 tum
2259 737 2350 789 est
2378 731 2585 800 oculis,
2608 732 2878 817 quamvis
2908 730 3130 804 procul,
3158 745 3395 786 cernere
3427 729 3775 785 multitudi-

335 822 486 878 ferre
507 815 877 894 quantocius.
903 821 1167 878 Metuens
1190 825 1387 878 tamen
1411 821 1843 878 animositatem
1876 820 1993 893 ple-
2100 837 2236 877 nem
2284 820 2487 894 populi
2535 815 2923 888 adventantis,
2976 820 3286 893 protractis
3335 837 3775 892 campanarum

335 910 448 978 bis,
472 915 822 984 congregata
849 909 1379 967 Vermandensium
1411 910 1787 966 multitudine
1805 912 1993 965 tentat
2101 908 2363 976 funibus,
2387 924 2587 964 vocem
2619 907 2989 964 laudantium
3021 924 3227 964 omnes
3256 908 3546 964 dederunt
3577 908 3645 964 in
3676 925 3774 964 ex-

332 999 388 1055 vi
418 998 776 1066 abstrahere,
802 998 850 1054 si
883 999 1079 1056 forsan
1111 1000 1498 1072 impediretur
1521 1017 1554 1055 a
1576 999 1762 1071 plebe.
1787 1000 1992 1054 Acces-
2101 996 2293 1053 celsis.
2345 997 2689 1053 Antedictus
2731 1002 2929 1053 autem
2979 1001 3179 1053 custos
3226 996 3505 1066 ecclesia,
3538 998 3778 1065 Morus,

334 1088 411 1144 sit
466 1087 724 1154 interim,
762 1092 819 1144 et
853 1088 1140 1144 monacho
1199 1089 1477 1161 quodam,
1518 1088 1678 1144 More
1731 1087 1990 1154 nomine,
2101 1090 2243 1142 tunc
2265 1087 2336 1142 ad
2361 1102 2625 1141 mensam
2649 1086 2877 1141 sederat
2898 1087 3271 1158 epulaturus;
3296 1090 3354 1141 et
3377 1086 3584 1142 audito
3608 1103 3778 1143 cam-

333 1180 597 1233 exstante
625 1177 890 1244 custode,
911 1193 1140 1233 sacrum
1166 1178 1351 1233 sancti
1383 1177 1649 1249 praesulis
1671 1193 1738 1232 ac
1763 1175 1995 1249 patroni
2103 1191 2391 1248 panarum
2423 1175 2635 1237 senitu.
2669 1174 3067 1248 interrogabat
3097 1192 3225 1247 quae
3264 1179 3419 1231 esset
3447 1192 3639 1232 causa
3671 1193 3777 1248 pro

335 1265 523 1322 nostri
570 1281 782 1338 corpus
827 1282 1092 1335 sumens,
1117 1266 1316 1322 villam
1366 1283 1553 1338 usque
1601 1265 1993 1337 Liegesburch
2103 1279 2221 1334 qua
2249 1262 2449 1335 populi
2492 1267 2657 1318 tanta
2686 1263 3046 1320 exsultarent
3074 1262 3271 1319 lzetita.
3291 1263 3659 1336 Dictumque
3689 1269 3780 1320 est

336 1354 575 1411 nomine
595 1371 730 1410 cum
762 1371 871 1411 sua
890 1355 1216 1428 deportavit
1246 1355 1641 1411 multitudine.
1666 1354 1765 1410 Dei
1795 1359 1993 1410 autem
2103 1351 2188 1407 illi
2222 1369 2257 1408 a
2286 1353 2685 1421 narrantibus,
2707 1354 2862 1425 quod
2893 1358 3133 1409 sanctus
3162 1352 3534 1409 Audomarus
3566 1371 3608 1409 a
3638 1353 3774 1410 Fol-

335 1443 703 1517 providentia
730 1446 1024 1516 operante,
1056 1445 1250 1500 triduo
1280 1444 1341 1499 in
1383 1446 1622 1517 praefata
1657 1443 1795 1499 villa
1824 1460 1996 1498 man-
2106 1441 2286 1513 quino
2310 1441 2584 1513 pontifice
2600 1446 2755 1497 esset
2776 1442 3076 1508 reductus,
3090 1445 3148 1497 et
3163 1441 3236 1498 ob
3254 1441 3363 1497 hoc
3381 1441 3591 1499 laetitia
3607 1446 3777 1499 tanta

337 1536 543 1589 serunt
571 1549 705 1589 cum
755 1537 984 1589 sacrato
1034 1550 1291 1606 corpore.
1316 1533 1619 1590 Acciderat
1658 1533 1898 1602 interea,
1932 1535 2000 1589 ut
2105 1533 2355 1585 cunctus
2384 1528 2700 1585 exsultaret
2743 1530 3015 1603 populus.
3040 1531 3202 1594 Quod
3235 1530 3479 1587 audiens
3511 1531 3773 1588 nimium

337 1620 654 1695 praeclarus
691 1622 1013 1677 Taruennae
1067 1620 1317 1678 civitatis
1375 1621 1589 1695 praesul
1648 1620 1994 1692 Folquinus,

337 1709 655 1783 episcopali
690 1727 871 1777 more,
907 1710 1247 1784 parrochias
1276 1710 1553 1783 episcopii
1584 1710 1674 1766 sui
1705 1709 1996 1776 circuiret,

339 1803 425 1866 ut,
442 1798 631 1855 sicubi
660 1804 862 1855 contra
885 1802 1220 1855 sanctorum
1250 1816 1539 1855 canonum
1564 1801 1783 1854 statuta
1809 1813 2002 1870 agere-

2105 1618 2399 1687 turbatus,
2416 1617 2561 1673 iram
2580 1618 2681 1674 Dei
2700 1619 3114 1675 reducentibus
3127 1619 3428 1676 confestim
3448 1626 3538 1676 est
3554 1620 3644 1676 im
3652 1637 3778 1692 pre-

2106 1711 2293 1762 catus.
2312 1707 2428 1762 Nec
2450 1707 2589 1762 dum
2613 1708 2685 1763 ab
2707 1710 2835 1780 ejus
2855 1724 2954 1764 ore
2974 1706 3180 1764 illicita
3198 1708 3537 1765 exciderant
3564 1710 3771 1778 verba,

2108 1812 2241 1850 cum
2273 1800 2509 1868 repente
2540 1796 2861 1854 facietenus
2891 1797 2952 1853 in
2984 1800 3200 1854 terram
3222 1797 3358 1865 ruit,
3379 1801 3629 1871 totoque
3650 1815 3777 1854 cor-

339 1892 457 1957 tur,
482 1887 750 1945 curiosus
770 1893 973 1960 pastor
995 1888 1340 1945 addisceret.
1364 1892 1421 1944 et
1448 1887 1551 1944 tali
1574 1886 1767 1943 studio
1790 1886 1997 1942 cellam
2107 1901 2245 1957 pore
2278 1884 2525 1957 rigidus,
2554 1886 2827 1943 distentis
2858 1886 3258 1943 membrorum
3290 1886 3505 1956 nervis,
3530 1886 3774 1943 semivi-

338 1992 530 2051 usque
557 1975 949 2033 Worumhold
981 1978 1222 2045 dictam,
1246 1977 1342 2050 pia
1371 1976 1708 2033 curiositate
1738 1975 1998 2049 perveni-
2029 2010 2076 2051 n
2108 1990 2215 2029 vus
2237 1973 2541 2031 emarcuit.
2568 1975 2662 2031 Sic
2682 1979 2914 2031 tantum
2942 1975 3218 2048 stupidus
3241 1977 3312 2032 ad
3340 1980 3617 2032 sanctum
3640 1977 3774 2033 Ber-

338 2066 686 2122 ret.lnterea
706 2064 807 2122 ubi
837 2065 981 2121 inibi
1005 2066 1077 2121 ad
1110 2062 1635 2122 mensam'ventum
1657 2068 1765 2133 est,
1789 2064 1847 2119 in
1880 2081 1999 2136 qua
2029 2061 2076 2077 ⁵¹
2106 2061 2299 2118 tinum
2331 2066 2422 2119 est
2450 2063 2811 2136 deportatus,
2832 2064 3032 2136 ibique
3057 2065 3211 2136 quod
3232 2065 3587 2121 verbotenus
3609 2082 3772 2121 com-

337 2153 692 2226 lautissima,
715 2153 802 2210 uti
832 2158 995 2211 tanto
1026 2153 1307 2226 pontifici,
1336 2154 1817 2227 prmparabantur
1836 2153 2000 2209 obse-
2108 2150 2290 2222 misit,
2305 2151 2530 2207 diutino
2551 2151 2833 2225 languore
2853 2152 3142 2225 pcenituit.
3163 2153 3309 2210 Nam
3331 2154 3456 2211 visu
3480 2158 3540 2210 et
3560 2153 3774 2210 auditu

341 2240 500 2317 quia,
519 2242 699 2299 frater
717 2242 907 2315 ipsius
927 2242 1368 2315 beatipraasulis
1388 2242 1689 2310 advolitat,
1714 2242 1997 2298 nuntians
2107 2246 2466 2312 recuperato,
2510 2257 2688 2297 sensu
2747 2241 2829 2296 ita
2882 2242 3176 2297 ﬁnetenus
3235 2247 3327 2299 est
3381 2243 3676 2315 privatus,
3711 2246 3777 2298 ut

341 2347 515 2406 grave
545 2335 604 2387 et
632 2330 1085 2403 irrecuperabile
1111 2331 1332 2404 patriae,
1353 2332 1400 2388 si
1434 2330 1997 2405 perﬁceretur,exci-

341 2421 503 2477 dium
530 2437 544 2476 :
570 2424 843 2477 sanctum
874 2420 1095 2478 scilicet
1114 2421 1514 2478 Audomarum
1545 2438 1615 2477 ex
1642 2419 1998 2476 monasterio

343 2525 450 2565 suo
481 2508 867 2576 abstractum,
900 2513 974 2577 et,
1008 2508 1069 2564 ni
1114 2508 1229 2565 cito
1259 2515 1581 2577 succurrat,
1606 2510 1679 2565 ad
1726 2512 1997 2565 sanctum

342 2597 688 2663 Quintinum
714 2597 1066 2654 Vermandis
1088 2616 1275 2671 usque
1305 2598 1707 2655 deferendum.
1734 2598 1864 2653 Haec
1894 2613 1997 2653 au-

341 2687 509 2743 diens
540 2691 782 2744 sanctus
826 2686 1055 2743 Domini
1104 2688 1396 2753 sacerdos,
1430 2687 1681 2743 nimium
1729 2687 2000 2741 turbatus

342 2775 700 2833 intrinsecus
731 2792 783 2831 :«
806 2773 986 2844 Vade,
1033 2775 1248 2849 inquit,
1300 2777 1369 2830 ad
1424 2777 1684 2842 fratrem,
1716 2780 1773 2831 et
1820 2774 1999 2830 totius

342 2863 624 2937 episcOpii
655 2862 771 2919 mei
802 2863 1089 2936 populum
1127 2863 1254 2936 gira
1302 2863 1676 2932 curiosius,et
1704 2863 1799 2917 die
1828 2862 1999 2918 tertio

345 2950 500 3006 infra
529 2968 730 3007 muros
761 2951 1084 3008 Taruennzs
1115 2951 1279 3007 urbis
1310 2956 1520 3024 praesto
1552 2955 1675 3007 esto
1707 2967 1841 3005 cum
1874 2967 1999 3006 om-

347 3038 543 3107 nibus,
576 3043 635 3094 et
678 3054 784 3110 ego
832 3056 1089 3110 praesens
1119 3056 1216 3095 ero
1248 3056 1381 3094 cum
1425 3039 1518 3095 his
1563 3056 1712 3110 quos
1743 3055 1998 3107 mecum,

346 3126 578 3183 Christo
609 3125 945 3194 auxiliante,
968 3126 1232 3182 detulero
1262 3128 1334 3183 de
1371 3126 1502 3182 istis
1532 3127 1820 3199 partibus.
1849 3128 2001 3182 Tum

346 3215 608 3283 demum,
643 3214 693 3269 si
734 3213 860 3286 ipse
891 3214 1111 3286 juverit
1163 3219 1422 3280 sanctus,
1456 3215 1527 3270 ad
1585 3214 2000 3270 excutiendum

346 3320 483 3360 eum
513 3302 870 3360 omnimodis
913 3320 1045 3358 sum
1089 3308 1397 3376 paratus.»
1432 3302 1535 3360 His
1564 3306 1760 3359 autem
1793 3319 2001 3358 secun-

2107 2346 2411 2401 nunquam
2441 2334 2639 2400 posset
2661 2328 3120 2387 animadvertere
3152 2348 3271 2404 qua
3297 2331 3357 2387 in
3392 2337 3558 2404 parte
3581 2329 3773 2387 sancti

2105 2417 2421 2474 Audomari
2479 2417 2902 2473 monasterium
2940 2419 3237 2476 videretur
3293 2421 3554 2493 positum
3616 2436 3770 2476 esse.

2107 2507 2330 2578 Corpus
2360 2509 2556 2561 autem
2602 2506 2759 2561 beati
2804 2505 3124 2562 Audomari
3178 2509 3395 2579 praesul
3441 2507 3771 2581 Folquinus

2106 2598 2263 2650 terra
2305 2594 2650 2657 recondidit.
2680 2612 2752 2650 ne
2782 2611 2817 2649 a
2845 2595 3345 2667 subsequentibus
3376 2597 3551 2670 parili
3596 2598 3768 2654 modo

2109 2688 2307 2756 posset
2337 2683 2572 2738 auferri.
2606 2683 2744 2738 Post
2772 2683 2894 2738 haee
2922 2684 3104 2739 abbas
3131 2684 3297 2757 Hugo
3329 2702 3363 2739 a
3393 2686 3608 2741 Carolo
3642 2701 3769 2758 rege

2109 2774 2240 2846 [suo
2272 2772 2500 2845 nepote]
2531 2771 2907 2844 Aquitaniam
2949 2772 3189 2839 missus,
3222 2778 3477 2845 propter
3498 2774 3771 2845 ejusdem

2110 2861 2265 2934 regis
2297 2861 2661 2930 ﬁdelitatem,
2686 2859 2817 2916 dolo
2859 2859 3090 2932 Pippini
3131 2860 3474 2917 interfectus
3512 2868 3607 2919 est
3636 2880 3775 2919 xvm

2110 2950 2235 3006 Kal.
2266 2949 2449 3016 Junii,
2489 2966 2642 3005 anno
2685 2947 3107 3005 incarnationis
3159 2949 3385 3005 Domini
3432 2952 3558 3019 844,
3595 2951 3773 3025 [regi-

2111 3039 2290 3094 minis
2342 3038 2434 3093 sui
2477 3038 2655 3109 hujus
2714 3037 2825 3093 loci
2884 3053 3038 3093 anno
3070 3037 3342 3109 decimo].
3375 3039 3512 3094 Erat
3571 3047 3773 3096 autem

2111 3126 2297 3182 isdem
2331 3125 2612 3198 Pippiuus
2657 3143 2833 3199 quem
2883 3143 3064 3199 supra
3088 3125 3149 3182 in
3180 3128 3535 3185 monasterio
3580 3131 3774 3186 sancti

2111 3214 2371 3270 Medardi
2399 3218 2696 3269 attonsum
2731 3214 3200 3288 memoravi,qui,
3220 3216 3426 3273 exinde
3447 3234 3549 3290 per
3570 3218 3775 3291 fugam

2111 3302 2370 3374 elapsus,
2410 3302 2790 3374 Aquitaniam
2851 3307 2941 3359 est
2995 3320 3288 3373 reversus,
3320 3305 3518 3377 ibique
3563 3308 3775 3364 multis

348 3392 492 3447 dum
522 3392 768 3447 verbum
798 3391 955 3448 beati
986 3374 1279 3464 pontiﬁcis
1305 3392 1411 3447 rite
1432 3391 1702 3464 peractis,
1727 3392 1892 3447 adest
1907 3391 2000 3447 die
2030 3374 2073 3441 C
2114 3390 2320 3447 diebus
2348 3390 2650 3462 fatigando
2686 3390 2887 3459 latuit;
2919 3396 2977 3448 et
3018 3399 3153 3465 post
3182 3393 3305 3449 haec
3333 3411 3369 3450 a
3396 3374 3775 3469 Kamnulpho

346 3478 518 3536 tertia
549 3479 609 3535 in
659 3480 805 3536 urbe
833 3480 1143 3536 Toruenna
1189 3480 1504 3537 multitudo
1554 3479 2004 3537 innumerabilis

346 3571 404 3625 et
432 3584 579 3640 pene
627 3571 763 3624 ante
812 3568 1021 3625 invisa.
1046 3569 1211 3625 Tunc
1261 3571 1532 3626 sacerdos
1580 3569 1832 3638 Domini,
1867 3585 2002 3625 cum

341 3656 504 3714 omni
535 3656 646 3712 hac
668 3655 1073 3726 multitudine,
1097 3658 1434 3730 insequitur
1462 3658 1805 3732 praedictum
1831 3658 2004 3714 abba-

339 3749 460 3802 tem
483 3761 618 3801 cum
641 3745 788 3813 suis,
816 3762 1003 3818 usque
1023 3747 1094 3803 ad
1117 3745 1313 3802 villam
1341 3747 1614 3820 superius
1637 3747 2002 3802 nominatam

340 3849 477 3890 cum
524 3833 684 3890 omni
735 3833 1128 3890 festinatione.
1162 3837 1235 3891 At
1285 3834 1370 3890 illi
1423 3835 1741 3908 gestientes
1789 3851 2002 3907 corpus

344 3925 615 3978 sanctum
643 3922 950 3979 sustollere
979 3923 1297 3996 fugamque
1326 3924 1493 3991 inire,
1520 3923 1679 3980 nulla
1709 3924 1820 3980 hoc
1850 3922 2001 3980 mul-

348 4009 599 4065 titudine
618 4026 859 4081 prorsus
877 4011 1147 4068 valebant
1168 4030 1200 4068 a
1222 4018 1375 4069 terra
1399 4012 1608 4069 levare.
1627 4014 1890 4085 Cumque
1921 4012 2001 4080 id,

348 4096 549 4153 addita
564 4096 758 4153 adhuc
775 4099 983 4170 majori
1003 4099 1401 4170 multitudine,
1417 4106 1771 4158 conarentur
1784 4102 1875 4158 bis
1896 4107 2006 4158 ter-

350 4200 465 4256 que
497 4183 704 4253 levare,
730 4185 1117 4243 nihilominus
1146 4186 1229 4243 ita
1268 4192 1463 4244 manet
1513 4188 1847 4255 immotum,
1883 4189 2005 4245 acsi

350 4273 707 4346 quibusdam
737 4274 1034 4330 radicibus
1054 4279 1384 4333 terratenus
1412 4280 1709 4333 teneretur
1736 4278 2000 4333 afﬁxum.

346 4362 510 4419 Tunc
541 4363 762 4436 absque
791 4365 1184 4421 retardatione
1234 4364 1413 4421 ullius
1444 4366 1757 4434 commodi,
1781 4367 2004 4423 accele-

348 4455 482 4508 rant
513 4451 733 4525 fugam,
768 4452 966 4509 relicto
1013 4470 1254 4527 corpore
1305 4455 1513 4510 sancti.
1546 4459 1776 4511 Beatus
1808 4462 2004 4511 autem

347 4540 669 4613 Folquinus
697 4542 833 4597 dam
867 4542 983 4599 illis
1016 4543 1275 4616 fugiendi
1305 4543 1521 4611 locum,
1549 4544 1843 4617 accipiens
1874 4545 2001 4601 the-

346 4646 588 4685 saurum
628 4629 774 4686 illud
808 4632 968 4687 omni
1017 4649 1158 4688 auro
1209 4631 1722 4704 pretiosissimum,
1758 4633 2001 4705 repetito

346 4716 492 4806 calle
508 4735 641 4773 cum
665 4723 787 4774 tota
801 4719 1062 4791 plebium
1085 4720 1484 4790 multitudine,
1504 4726 1760 4792 reportat
1779 4722 1849 4777 ad
1875 4739 2002 4794 pro-
2033 4741 2078 4806 ο

345 4805 542 4878 prium
574 4806 729 4862 unde
752 4808 937 4865 tultus
969 4811 1157 4864 fuerat
1181 4810 1390 4865 locum.
1416 4812 1488 4865 At
1520 4811 1618 4865 ubi
1640 4815 1878 4866 ventum
1911 4816 2001 4867 est

344 4894 674 4961 Taruenna,
698 4896 770 4951 ad
802 4897 1045 4953 fluvium
1070 4900 1225 4970 quod
1249 4899 1464 4955 dicitur
1494 4898 1649 4965 Leia,
1675 4901 1867 4956 omnis
1898 4917 1999 4973 po-

345 4982 467 5055 puli
497 5000 678 5057 supra
699 4992 1022 5042 memorata
1042 4987 1376 5056 multitudo,
1396 4989 1619 5059 absque
1641 4989 1839 5061 aliqua
1859 5008 1998 5045 cun-

345 5072 619 5141 ctatione,
679 5074 929 5144 pedibus
985 5078 1371 5132 transvadans
1440 5078 1701 5134 ﬂuminis
1761 5096 1995 5150 aquam,

345 5162 545 5214 exacto
592 5176 786 5231 amne,
818 5179 925 5218 nec
958 5163 1135 5218 unius
1187 5163 1356 5219 stillae
1408 5165 1610 5220 humor
1679 5166 1737 5220 in
1795 5184 1998 5223 eorum

345 5247 618 5317 apparuit
665 5250 938 5321 tegmine.
973 5252 1533 5325 Progredientesque
1565 5272 1666 5326 per
1708 5255 2001 5312 aristifera

344 5349 618 5405 agrorum
652 5340 799 5402 sata,
832 5355 1023 5411 neque
1052 5338 1208 5393 enim
1241 5340 1420 5395 vitare
1470 5358 1537 5396 ea
1583 5349 1849 5413 poterant
1879 5348 2000 5400 tam

344 5438 658 5478 numerosa
674 5423 935 5495 plebium
957 5426 1353 5498 agmina,cum
1373 5428 1548 5484 veluti
1569 5430 1801 5488 tribulis
1818 5436 1999 5488 tonsas

343 5514 502 5566 terra
529 5514 702 5567 tenus
745 5517 1129 5569 curvarentur
1155 5514 1349 5584 spicae,
1382 5519 1677 5573 transacta
1727 5520 1997 5576 multitu-

343 5597 502 5665 dine,
529 5596 608 5653 ita
637 5598 963 5656 densabant
1006 5599 1222 5665 sulcos,
1248 5606 1313 5655 ut
1360 5607 1625 5675 patenter
1655 5622 1999 5679 agnosceres

343 5688 688 5760 protectoris
739 5689 1055 5746 adventum
1096 5689 1270 5746 etiam
1322 5695 1687 5766 congaudere
1735 5712 1993 5769 campos.

340 5774 735 5854 Utrammque
763 5783 959 5842 autem
998 5779 1492 5842 monasteriorum
1524 5781 1717 5846 clerici
1749 5788 1992 5864 stantes,

2113 3480 2367 3552 quodam
2401 3497 2504 3552 per
2535 3480 2710 3536 ﬁdem
2741 3485 2830 3536 est
2858 3481 3159 3553 deceptus,
3178 3482 3667 3555 comprehensus,
3692 3502 3775 3541 re-

2111 3568 2287 3641 gique
2311 3568 2514 3651 Carolo
2536 3573 2621 3625 est
2648 3569 2959 3639 adductus,
2980 3575 3038 3626 et
3056 3570 3463 3644 Sylvanectum
3488 3579 3773 3646 perpetuo

2112 3659 2202 3710 est
2231 3654 2433 3717 exsilio
2466 3656 2802 3728 deputatus.

2577 3762 2667 3817 IX.
2695 3762 2773 3818 De
2792 3762 3064 3819 Adalardo
3087 3763 3302 3821 abbate.

2182 3868 2321 3924 Post
2348 3868 2650 3941 Hugonem
2672 3873 2866 3924 autem
2890 3870 3161 3926 abbatem
3196 3871 3655 3947 [duodecimum]
3678 3892 3771 3931 su-

2112 3972 2217 4028 pra
2248 3961 2660 4023 memoratum,
2693 3958 2875 4014 abbas
2917 3958 3172 4015 efﬁcitur
3209 3960 3539 4017 Adalardus
3568 3961 3629 4017 in
3662 3962 3770 4020 hoc

2112 4046 2376 4102 cmnobio
2416 4046 2629 4116 Sithiu,
2664 4050 2867 4102 sancto
2901 4048 3068 4104 Petro
3118 4051 3176 4105 et
3221 4053 3425 4105 sancto
3470 4050 3707 4107 Bertino
3736 4069 3771 4109 a

2115 4140 2276 4206 potre
2307 4135 2575 4191 Hunroco
2605 4134 2867 4205 oblatus;
2912 4137 3013 4192 sed
3074 4141 3208 4210 post
3260 4139 3581 4195 canonieus
3635 4142 3766 4213 [sub

2115 4224 2435 4297 Fridogiso]
2479 4228 2569 4279 est
2613 4225 2872 4281 effectus.
2903 4225 3174 4298 Suscepit
3221 4231 3418 4283 autem
3469 4228 3765 4287 abbatiam

2113 4330 2266 4370 anno
2298 4313 2535 4385 praefato
2563 4330 2638 4369 xu
2671 4312 2795 4369 Kal.
2829 4314 3100 4386 Augusti.
3134 4314 3321 4387 Hujus
3371 4321 3569 4373 autem
3617 4319 3763 4393 regi-

2114 4402 2292 4458 minis
2340 4418 2492 4456 anno
2546 4418 2629 4469 III,
2665 4401 2765 4473 qui
2823 4406 2947 4458 erat
3003 4420 3195 4461 annus
3249 4404 3424 4461 Verbi
3480 4407 3764 4464 incarnati

2111 4491 2235 4560 816,
2296 4489 2482 4545 sancti
2553 4490 2772 4545 Bertini
2825 4507 3036 4563 corpus
3106 4509 3141 4548 a
3209 4499 3410 4549 sancto
3484 4494 3761 4567 Folquino

2112 4579 2405 4652 episcopo,
2438 4582 2503 4634 ut
2544 4578 2744 4645 fertur,
2778 4581 3131 4637 transfertur
3177 4586 3235 4637 et
3282 4583 3619 4640 reconditur
3648 4602 3761 4642 xvu

2113 4668 2237 4724 Kal.
2268 4667 2535 4739 Augusti.
2558 4672 2621 4722 In
2652 4669 2823 4739 cujus
2854 4669 2993 4724 anni
3030 4673 3315 4743 tempore,
3343 4672 3423 4742 [et
3450 4673 3759 4748 curriculo]

2109 4756 2297 4812 extitit
2332 4755 2524 4812 hiems
2566 4756 2914 4827 gravissima
2953 4757 3149 4829 valde;
3184 4764 3358 4832 atque
3411 4765 3547 4832 post
3592 4763 3756 4834 quin-

2111 4844 2435 4918 quennium
2465 4846 2721 4900 exoritur
2741 4845 2926 4902 fames
2955 4846 3338 4905 intolerabilis
3371 4848 3756 4923 nimium,quo

2109 4940 2372 5005 tempore
2398 4934 2758 4989 Gunthertus
2781 4952 2962 5007 supra
2982 4941 3364 5006 memoratus,
3389 4937 3451 4993 in
3473 4938 3757 4995 diaconati

2108 5023 2303 5078 adhuc
2333 5022 2534 5077 ordine
2568 5023 2814 5094 positus,
2843 5025 2914 5079 ad
2947 5026 3340 5097 praepositum
3367 5026 3646 5084 honorem
3675 5034 3757 5085 est

2108 5117 2359 5168 evectus.
2393 5111 2511 5165 Sub
2542 5129 2693 5166 anno
2717 5116 2912 5168 autem
2938 5114 3253 5169 Dominicaa
3284 5115 3606 5172 nativitatis
3634 5119 3752 5185 853,

2109 5201 2294 5256 sancti
2353 5200 2501 5255 Petri
2546 5200 2789 5256 basilica
2834 5201 2967 5258 asili
3015 5208 3104 5259 est
3150 5208 3441 5276 cooperta,
3493 5222 3753 5279 annoque

2110 5288 2453 5360 insequente
2484 5289 2669 5344 sancti
2701 5289 2917 5345 Bertini
2939 5290 3186 5358 ecclesia
3206 5291 3451 5364 plumbo
3482 5298 3571 5351 est
3589 5298 3748 5351 tecta.

2110 5372 2473 5433 Gunthertus
2505 5394 2737 5449 quoque
2781 5394 2848 5434 eo
2896 5396 3070 5448 anno,
3104 5398 3162 5436 x1
3211 5380 3336 5438 Kal.
3368 5380 3653 5453 Januarii,
3684 5383 3750 5441 ad

2107 5465 2532 5539 presbyterium
2568 5471 2659 5522 est
2689 5472 3082 5525 consecratus.

2167 5592 2233 5648 X.
2269 5593 2572 5649 Prwstaria
2599 5592 2865 5651 Adalardi
2893 5596 3106 5652 abbatis
3138 5596 3393 5668 Odgrz'mo
3421 5596 3688 5656 advocato.

2173 5701 2339 5755 Anno
2371 5714 2603 5771 quoque
2632 5699 2866 5756 Domini
2896 5702 3021 5769 854,
3048 5706 3106 5758 et
3134 5700 3440 5776 regiminis
3461 5705 3591 5777 jam
3618 5704 3746 5762 dicti

2102 5786 2292 5851 Caroli
2322 5804 2437 5865 xw,
2468 5790 2525 5847 et
2552 5787 2927 5869 episcopatus
2976 5789 3134 5852 beati
3176 5790 3450 5873 Folquini
3476 5810 3666 5870 χχχιχ,
3693 5798 3746 5858 et
