3882 6500
108 572 266 634 1229

1495 575 2156 639 CHKRTULARIUM.

3382 574 3540 635 1230

98 702 409 778 regiminis
430 704 560 777 jam
587 705 727 762 dicti
756 705 1064 763 Adalardis
1090 706 1323 763 abbatis
1358 723 1416 762 ιιι
1450 706 1586 778 (81),
1620 723 1759 763 οοιι-
1787 706 1845 774 Α
1947 728 1975 756 ‹‹
2006 706 2250 778 Signum
2298 706 2642 773 Amalberti,
2701 706 2928 763 docani.
2978 706 3226 778 Signum
3265 705 3536 774 Bavonis,

98 793 274 851 cessit
317 793 507 851 isdem
556 794 740 852 abbas
789 812 895 869 per
949 794 1301 868 prtetariam,
1361 794 1595 850 cuidam
1658 795 1760 850 ho-

98 882 243 938 mini
294 882 545 939 Odwino
602 887 819 939 terram
859 900 1037 956 quam
1115 884 1404 940 habuerat
1461 884 1650 940 isdem
1698 883 1761 939 in

96 971 381 1027 beneficio
426 971 487 1027 in
528 971 856 1040 Caﬁtmere,
905 973 964 1028 id
1015 976 1106 1028 est
1160 972 1411 1029 bunaria
1460 990 1591 1041 xxx,
1625 989 1761 1028 cum

94 1059 470 1131 portiuncula
525 1076 704 1132 quam
753 1061 940 1117 isdem
1012 1061 1300 1117 Odwinus
1332 1061 1651 1117 tradiderat
1689 1062 1762 1117 ad

94 1149 523 1205 monasterium
581 1149 771 1217 Sthiu,
823 1151 883 1205 in
927 1167 1076 1223 pago
1125 1150 1478 1219 Bononensi,
1526 1150 1586 1204 in
1637 1148 1762 1205 loco

94 1243 478 1311 nuncupante
526 1238 803 1311 Mighem,
830 1239 1082 1295 bunaria
1111 1256 1214 1308 ιιι;
1247 1240 1307 1294 in
1341 1256 1408 1294 ea
1440 1238 1765 1303 ratione,ut

91 1326 269 1383 annis
301 1325 662 1400 singulis,ad
703 1328 1079 1384 festivitatem
1102 1328 1289 1383 sancti
1312 1327 1764 1397 Bertini,Nonas

93 1416 483 1487 Septembris,
515 1416 586 1472 de
608 1433 740 1473 cera
766 1416 992 1473 valente
1024 1417 1239 1473 solidos
1268 1435 1304 1473 v
1341 1416 1652 1489 persolvat,
1699 1421 1766 1472 ut

91 1503 427 1575 specialiter
472 1503 672 1562 lumen
717 1506 790 1562 ad
834 1505 1038 1574 altare,
1092 1510 1225 1562 ante
1262 1507 1418 1578 quod
1450 1511 1615 1579 pater
1636 1508 1762 1578 jam

90 1593 233 1649 dicti
251 1593 481 1650 abbatis
492 1594 801 1652 Hunrocus
814 1592 1143 1651 tumulatus
1159 1595 1422 1651 noscitur
1435 1612 1582 1663 esse,
1599 1593 1764 1650 nullo

90 1698 362 1755 unquam
396 1682 550 1740 desit
579 1686 864 1757 tempore.

702 1834 796 1889 XI.
838 1835 1155 1906 Exemplar.

151 1948 215 2019 (5
246 1947 395 2020 Sept.
428 1947 580 2019 855.)
614 1969 644 1998 ‹‹
692 1946 1038 2020 Quicunque
1084 1952 1337 2004 rectores
1386 1948 1766 2004 ecclesiarum

80 2034 181 2091 Dei
213 2036 389 2107 juste
414 2039 475 2091 et
494 2040 892 2107 competenter
928 2036 1217 2091 devotioni
1248 2037 1511 2093 fidelium
1546 2055 1769 2094 annue-

74 2124 231 2191 rint,
271 2122 375 2179 Dei
408 2139 471 2179 se
501 2123 560 2180 in
586 2123 696 2179 hoc
725 2123 1014 2180 voluntati
1069 2142 1271 2197 parere
1318 2143 1434 2182 non
1471 2127 1762 2195 dubitent,

75 2212 317 2268 Idcirco
365 2211 575 2268 dilecto
629 2212 689 2267 in
747 2213 994 2269 Domino
1043 2213 1162 2271 filio
1214 2214 1477 2272 Ecclesiae
1529 2220 1763 2286 nostrae,

77 2299 366 2365 Odwino,
388 2316 495 2371 ego
526 2300 588 2355 in
620 2301 719 2356 Dei
735 2303 973 2359 nomine
993 2303 1343 2372 Adalardus,
1363 2304 1545 2360 abbas
1568 2321 1764 2361 mona-

79 2388 253 2445 sterii
301 2388 520 2459 Sithiu,
579 2406 713 2445 cum
775 2408 1066 2459 consensu
1098 2392 1349 2449 fratrum
1398 2398 1758 2463 nostrorum,

78 2481 422 2551 prastator.
454 2476 776 2534 Multorum
799 2478 1007 2535 notitia
1031 2485 1207 2552 patet,
1242 2481 1381 2553 quia
1410 2498 1599 2554 nuper
1628 2499 1762 2555 por-

78 2566 419 2623 tiunculam
453 2566 690 2622 tuamin
726 2584 876 2640 pago
910 2568 1261 2638 Bononensi,
1285 2569 1345 2625 in
1375 2568 1499 2626 loco
1532 2586 1760 2627 nuncu-

78 2661 261 2729 pante
293 2655 576 2729 Mighem,
611 2656 833 2713 scilicet
861 2657 1111 2714 bunaria
1141 2674 1228 2726 ιιι,
1277 2659 1350 2715 ad
1376 2660 1631 2732 pretium
1665 2679 1760 2718 va-

80 2744 212 2802 lens
246 2743 436 2800 libras
458 2760 535 2813 iv,
569 2745 741 2801 nobis
766 2745 854 2802 vel
898 2746 971 2802 ad
1026 2747 1434 2820 praescriptum
1466 2755 1762 2807 monaste-

78 2834 242 2891 rium
300 2832 611 2907 delegasti,
665 2838 1002 2907 expetentes
1049 2840 1110 2891 ut
1155 2841 1232 2904 te,
1283 2853 1419 2892 cum
1467 2854 1642 2894 uxore
1694 2855 1762 2895 ac

79 2921 291 2979 liberis
326 2940 445 2979 una
473 2940 609 2979 cum
641 2923 920 2980 beneﬁcio
952 2927 1054 2979 tuo
1087 2923 1147 2981 in
1181 2924 1510 2995 Caﬁtmere,
1542 2926 1599 2981 id
1620 2932 1763 2984 sunt

78 3011 344 3068 bunaria
404 3028 517 3067 xxx
575 3028 641 3068 ac
687 3011 983 3085 mancipia
1041 3031 1141 3081 xu,
1203 3014 1298 3070 his
1351 3015 1693 3073 nominibus
1744 3034 1758 3073 :

77 3099 531 3168 Ostarbaldum,
563 3100 997 3170 Gernhardum,
1028 3101 1430 3171 Heribaldum,
1458 3103 1758 3178 Radburg,

77 3190 381 3263 Sigberta,
410 3188 712 3257 Thiobert,
744 3188 1112 3263 Strilleburg,
1163 3190 1418 3258 Wifben,
1466 3192 1759 3260 Lolithan,

79 3278 499 3351 Liotburgam,
529 3278 958 3347 Winetbertan,
1009 3279 1389 3346 Adalbertan,
1440 3281 1513 3336 ad
1562 3287 1759 3338 custo-

78 3368 242 3423 diam
278 3366 473 3423 sancti
504 3367 656 3423 Petri
696 3372 753 3423 et
779 3369 967 3424 sancti
1021 3369 1262 3437 Bertini,
1312 3370 1761 3443 spccialiterque

1873 794 2145 850 monachi
2177 799 2233 851 et
2260 795 2605 869 presbyteri.
2644 818 2670 844 ››

1944 905 1972 934 ‹‹
1995 883 2356 940 Guntbertus
2388 885 2624 957 scripsit
2654 890 2711 940 et
2740 884 3114 956 subscripsit.
3148 904 3178 933 »

2033 972 2153 1028 XII.
2186 974 2262 1027 De
2287 990 2592 1029 successore
2624 976 2775 1029 beato
2796 974 3062 1045 Folquino
3082 973 3374 1028 destinato.

1939 1061 2087 1125 Quia
2117 1062 2296 1134 igitur
2324 1063 2684 1119 mentionem
2715 1062 2869 1118 beati
2899 1061 3168 1134 Folquini
3203 1061 3412 1116 fecisse
3444 1075 3541 1116 me

1872 1151 2136 1218 memini,
2170 1151 2312 1207 libet
2341 1153 2535 1208 adhuc
2564 1170 2752 1208 unum
2784 1153 2913 1223 ejus
2946 1169 3094 1224 opus
3137 1150 3232 1206 hic
3262 1150 3537 1206 intexere.

1873 1241 2033 1311 quod
2059 1239 2249 1296 recolo
2283 1257 2377 1296 me
2405 1243 2730 1314 agnovisse,
2764 1241 3047 1296 Wicfrido
3105 1241 3379 1313 pontifice
3401 1257 3543 1295 nar.

1873 1334 2056 1385 rante.
2081 1330 2297 1401 Longa,
2315 1329 2530 1402 inquit,
2564 1333 2863 1386 senectute
2884 1329 3301 1397 fessus,isdem
3332 1330 3542 1385 beatus

1873 1418 2121 1474 antistes
2161 1418 2507 1490 Folquinus,
2539 1418 2862 1491 utuptaqui
2882 1435 2955 1474 XL
2984 1419 3043 1474 in
3066 1419 3405 1491 episcopatu
3423 1418 3542 1473 fere

1872 1511 2141 1580 pergerat
2171 1525 2414 1576 annum,
2449 1525 2584 1564 cum
2611 1508 2737 1578 jam
2770 1525 2884 1564 non
2906 1512 3105 1580 posset
3133 1506 3366 1579 publice
3398 1505 3542 1562 mis-

1873 1613 2074 1652 sarum
2116 1595 2403 1653 solemnia
2450 1597 2765 1665 celebrare,
2815 1597 3047 1669 cognito
3104 1595 3235 1667 hoc,
3289 1612 3389 1651 rex
3442 1594 3542 1651 illo

1875 1684 2069 1740 adhuc
2097 1684 2343 1753 vivente,
2370 1685 2524 1757 quod
2556 1689 2759 1741 contra
2778 1700 3031 1740 canones
3063 1688 3209 1753 erat,
3238 1699 3545 1739 successo-

1877 1789 1999 1828 rem
2033 1773 2085 1827 ei
2115 1772 2453 1846 episcOpum
2475 1773 2811 1829 destinavit.
2830 1774 2992 1839 Quod
3026 1772 3272 1827 audiens
3302 1774 3544 1827 sanctus

1877 1859 2110 1932 praesul,
2144 1864 2352 1926 semet,
2385 1859 2704 1933 episcopali
2723 1877 2903 1928 more,
2932 1859 3277 1932 praeparavit
3304 1859 3377 1914 ad
3400 1858 3547 1915 cele-

1879 1948 2207 2004 brationem
2225 1948 2441 2016 missae,
2457 1952 2513 2004 et
2536 1965 2711 2004 omne
2738 1948 3085 2021 mysterium
3103 1944 3545 2019 supplantatore

1877 2040 2129 2104 astante,
2163 2035 2425 2108 implevit
2455 2036 2890 2093 strenuissime.
2921 2038 2996 2091 At
3041 2035 3138 2090 ubi
3174 2040 3416 2090 ventum
3448 2039 3539 2092 est

1877 2126 1948 2182 ad
1980 2125 2259 2194 dandam,
2294 2125 2379 2180 uti
2428 2126 2687 2197 episcopi
2742 2142 2871 2181 mos
2902 2128 3008 2193 est,
3051 2123 3543 2196 benedictionem,

1873 2230 2039 2269 verso
2084 2214 2305 2282 ordine,
2367 2213 2610 2285 protulit
2658 2213 2778 2269 illis
2822 2212 3317 2268 maledictionem.
3355 2215 3429 2269 At
3457 2212 3544 2268 illi

1873 2301 2105 2374 trepidi,
2141 2319 2297 2372 cum,
2331 2302 2596 2358 ascensis
2639 2301 2961 2374 equitibus,
3002 2301 3074 2355 ad
3099 2300 3336 2373 propria
3364 2318 3545 2374 cupe-

1873 2396 2002 2446 rent
2030 2390 2257 2459 reverti,
2291 2390 2351 2445 in
2386 2391 2574 2446 media
2608 2390 2705 2446 via
2746 2389 3155 2463 supplantator
3183 2390 3441 2463 episcopi
3470 2391 3543 2447 de

1874 2496 2025 2551 equo
2060 2478 2263 2551 lapsus
2312 2479 2457 2535 elisa
2504 2479 2744 2547 cervice,
2780 2478 3055 2551 spiritum
3109 2477 3334 2534 efﬂavit
3362 2479 3492 2534 vitae
3521 2496 3536 2548 ;

1872 2584 2196 2641 omnesque
2228 2572 2329 2640 qui
2359 2585 2493 2624 cum
2527 2567 2627 2623 illo
2662 2570 2958 2633 venerant,
3004 2566 3159 2623 infra
3189 2584 3410 2623 annum
3438 2584 3543 2622 va-

1872 2657 1977 2714 riis
2008 2656 2276 2713 cladibus
2304 2657 2665 2732 expirarunt,
2689 2662 2746 2712 et
2765 2655 2867 2724 ita;
2894 2672 3031 2711 cum
3053 2655 3165 2711 sibi
3187 2656 3539 2727 conjunctis,

1871 2746 2103 2818 culpam
2138 2745 2249 2801 luit
2278 2745 2673 2818 improbitatis
2706 2746 2781 2801 ob
2812 2748 3061 2800 reatum.

2067 2835 2220 2890 XIII.
2253 2837 2328 2890 De
2355 2835 2575 2890 decessu
2594 2834 2837 2907 ejusdem
2868 2833 3013 2889 beati
3035 2830 3337 2906 pontiﬁcis.

1940 2923 2126 2996 Igitur
2155 2924 2499 2979 adveniente
2527 2921 2849 2978 vocationis
2884 2928 3003 2977 'suaa
3035 2927 3317 2996 tempore,
3350 2922 3539 2978 isdem

1870 3012 2079 3069 beatus
2107 3013 2386 3085 pontifex,
2421 3012 2692 3084 quamvis
2712 3011 2972 3084 longaevo
2994 3015 3335 3084 gravaretur
3355 3011 3540 3079 senio,

1870 3101 2149 3175 episcopii
2199 3102 2292 3157 sui
2340 3101 2676 3172 parrochias
2725 3099 2972 3157 circuire
3004 3102 3276 3158 decrevit.
3310 3101 3535 3159 Bonam

1870 3189 2023 3246 hanc
2052 3191 2337 3246 virtutum
2371 3207 2615 3245 suarum
2654 3191 3227 3247 consummationem
3268 3191 3533 3260 credens,

1870 3283 1935 3334 ut
1966 3279 2233 3336 Ecclesiae
2293 3278 2465 3347 ﬁlios,
2501 3280 2548 3335 si
2584 3278 2795 3335 alicubi
2853 3295 2887 3334 a
2930 3280 3137 3336 matris
3157 3297 3276 3335 sua
3315 3280 3539 3353 gremio

1873 3374 2171 3424 errassent
2201 3368 2841 3439 deviando,secundum
2868 3384 3161 3424 canonum
3193 3373 3388 3424 statua
3415 3368 3541 3440 ple-

78 3457 147 3512 ad
182 3457 398 3524 altare,
432 3473 629 3512 coram
663 3473 779 3529 quo
812 3474 1023 3529 corpus
1074 3458 1358 3531 genitoris
1389 3460 1570 3515 nostri
1600 3460 1761 3515 Hun-
1792 3445 1834 3513 C
1875 3462 2087 3527 ctento,
2120 3458 2193 3513 ad
2219 3458 2487 3513 eamdem
2522 3456 2842 3525 reduceret,
2867 3456 2993 3512 suis
3023 3455 3539 3528 praedicationibus

78 3546 196 3602 roci
228 3545 577 3617 requiescit,
612 3546 722 3601 sub
770 3562 947 3603 sensu
971 3545 1286 3603 luminario
1312 3550 1620 3604 annuatim
1656 3566 1760 3606 no-

76 3639 267 3690 stram
300 3635 552 3706 ejusque
584 3632 1013 3706 eleemosynam
1039 3636 1355 3702 reddendo,
1391 3638 1762 3693 confirmare-

78 3740 234 3781 mus.
270 3723 457 3779 Juxta
498 3723 697 3795 itaque
721 3724 1062 3795 petitionem
1110 3729 1294 3792 tuam,
1348 3741 1441 3780 res
1477 3730 1760 3797 utrasque

74 3812 488 3877 concedimus,
522 3815 646 3868 tam
675 3812 782 3868 tibi
814 3828 993 3884 quam
1028 3813 1190 3867 uxori
1215 3816 1327 3867 tuae
1360 3817 1417 3868 et
1443 3812 1579 3868 ﬁliis
1614 3814 1755 3881 tuis,

76 3902 185 3957 sub
218 3901 341 3957 hoc
373 3917 553 3957 sensu
586 3899 991 3973 possidendas,
1020 3906 1087 3956 ut
1117 3900 1175 3957 in
1231 3901 1538 3957 festivitate
1571 3903 1758 3958 sancti

75 3989 328 4057 Bertini,
363 3988 547 4045 Nonis
585 3989 969 4061 Septembris,
1030 3991 1101 4046 de
1161 4006 1293 4046 cera
1350 3990 1579 4046 valente
1618 3990 1759 4046 soli-

77 4078 182 4134 dos
210 4095 252 4134 v
288 4082 344 4134 et
379 4077 695 4133 dimidium
720 4078 1088 4150 persolvetis,
1122 4083 1242 4133 tam
1270 4095 1374 4150 pro
1405 4080 1582 4135 rebus
1612 4096 1759 4150 pra:-

77 4167 325 4241 scriptis
358 4180 539 4239 quam
558 4184 662 4238 pro
693 4167 986 4240 capitibus
1012 4168 1245 4234 vestris,
1271 4167 1328 4222 id
1352 4171 1461 4233 est,
1491 4186 1526 4223 ιι
1548 4168 1758 4224 diebus

78 4254 650 4322 mundbordalibus,
682 4253 1035 4328 nullumque
1068 4255 1226 4311 aliud
1256 4255 1560 4312 servitium
1591 4258 1756 4313 vobis

70 4346 448 4419 imponatur.
482 4344 648 4410 Quod
680 4343 730 4400 si
763 4343 1042 4416 quislibet
1073 4345 1292 4415 fecerit,
1326 4345 1414 4402 vel
1453 4363 1487 4401 a
1517 4346 1756 4418 praefato

71 4439 283 4491 sancto
315 4434 447 4489 loco
480 4432 820 4489 abstrahere
846 4435 1175 4501 tentaverit,
1200 4434 1345 4490 iram
1370 4435 1471 4491 Dei
1495 4435 1758 4509 omnipo—

71 4524 253 4580 tentis
283 4527 346 4579 et
379 4521 565 4578 sancti
598 4522 750 4577 Petri
787 4521 1095 4594 sanctique
1135 4523 1354 4578 Bertini
1386 4523 1665 4581 incurrat.
1697 4525 1754 4580 Si

72 4628 371 4669 conamen
405 4611 658 4684 impium
691 4628 807 4667 non
837 4611 1121 4667 omiserit.
1157 4613 1225 4668 Et
1262 4612 1384 4668 haec
1428 4615 1755 4686 praestaria,

72 4717 256 4758 manu
289 4705 501 4757 nostra
523 4700 890 4773 fratrumque
912 4701 1390 4773 roborata,;firma
1414 4707 1756 4775 permaneat

71 4806 205 4846 cum
240 4788 633 4862 stipulatione
664 4788 934 4846 subnixa.

142 4900 173 4930 ‹‹
222 4881 445 4935 Actum
492 4876 683 4933 Sithiu
734 4878 1113 4947 monasterio,
1170 4877 1229 4933 in
1280 4879 1524 4936 basilica
1563 4880 1751 4937 sancti

69 4966 322 5036 Bertini,
350 4965 537 5022 Nonis
569 4966 864 5038 Septemb.
907 4966 968 5022 in
1002 4967 1311 5023 festivitate
1356 4968 1566 5040 ipsius,
1601 4987 1753 5026 anno

69 5074 163 5111 xxv
198 5059 493 5130 regnante
542 5055 759 5110 domno
808 5054 1032 5123 Carolo,
1084 5055 1202 5111 ﬁlio
1254 5058 1528 5113 Ludovici
1568 5058 1754 5131 impe-

74 5146 318 5203 ratoris.

145 5257 173 5285 α
209 5234 336 5309 Ego
365 5232 719 5299 Adalardus,
752 5232 958 5301 abbas,
985 5234 1221 5307 propria
1253 5252 1430 5289 manu
1461 5235 1707 5292 firmavi.

146 5345 176 5374 «
210 5324 340 5396 Ego
389 5321 777 5390 Guntbertus,
842 5327 1127 5396 peccator,
1188 5324 1556 5396 praepositus,
1617 5326 1757 5381 sub-

78 5412 316 5486 scripsi.

146 5574 264 5645 (81)
284 5571 506 5628 Charta
518 5570 669 5645 ipsa,
685 5587 813 5643 qua
825 5571 839 5625 i
851 5571 1072 5628 nferius
1085 5572 1386 5645 referetur,
1404 5573 1541 5629 data
1552 5579 1641 5630 est
1653 5577 1758 5632 No-

72 5646 163 5717 nis
222 5644 587 5717 Septembris,
635 5658 782 5717 almo
828 5660 924 5717 xxv
979 5647 1246 5712 regnante
1303 5644 1499 5717 domno
1541 5648 1757 5717 Carolo,

72 5716 113 5773 i.
146 5733 200 5773 e.
224 5719 264 5773 5
286 5712 453 5790 Sept:
482 5715 613 5790 _855_.
644 5712 791 5790 Huic
822 5713 992 5771 unice
1037 5716 1413 5790 instrumenti
1458 5720 1607 5773 nota;
1651 5712 1759 5775 cae;

73 5791 214 5847 tem
248 5784 407 5867 quas
438 5785 541 5845 hic
571 5784 897 5866 Folquinus
928 5787 1179 5865 conjecit
1205 5786 1358 5848 male
1388 5791 1687 5868 aptantur.

1872 3546 2255 3602 exhortando.
2290 3546 2418 3601 Tali
2461 3550 2656 3601 autem
2707 3545 2902 3601 studio
2948 3543 3171 3616 talique
3208 3544 3535 3616 devotione,

1870 3636 1941 3690 ad
1975 3634 2280 3691 ecclesiam
2311 3633 2372 3688 in
2407 3633 2730 3706 Mempisco
2745 3631 3361 3699 sitam,Hicclesbecke
3384 3650 3536 3687 nun-

1869 3728 2164 3795 cupatam,
2197 3722 2294 3795 pia
2315 3723 2565 3778 accessit
2593 3720 2949 3777 curiositate.
3010 3720 3156 3776 Inibi
3189 3724 3385 3776 autem
3418 3738 3535 3777 non

1869 3812 1970 3868 diu
2001 3828 2395 3877 commorans,
2429 3826 2564 3865 cum
2588 3810 2716 3881 jam
2748 3809 3030 3882 cogitaret
3059 3809 3288 3875 reverti,
3310 3809 3534 3866 viribus

1868 3900 2128 3972 corporis
2158 3899 2331 3971 coepit
2361 3903 2596 3971 repente
2623 3898 2886 3965 destitui,
2910 3898 3374 3972 aegritudineque
3406 3916 3533 3954 cor-

1867 3990 2055 4062 porali
2090 3988 2342 4062 fatigari.
2378 3989 2543 4043 Tunc
2569 3987 2900 4043 convocatis
2924 3986 3250 4060 discipulis,
3284 4005 3383 4045 eos
3415 4006 3536 4045 om-

1867 4078 1925 4132 ni
1934 4078 2155 4150 potenti
2172 4077 2413 4133 Domino
2427 4076 2869 4146 commendans,
2894 4076 3153 4133 animam
3185 4076 3325 4133 caelo
3344 4078 3533 4134 reddi—

1869 4168 1955 4222 dit
1984 4173 2321 4223 sanctorum
2356 4165 2601 4221 cmtibus
2631 4165 3106 4223 consociandam.
3136 4167 3395 4222 Transiit
3423 4184 3525 4223 au-

1865 4260 1983 4312 tem
2018 4256 2077 4311 in
2110 4253 2511 4328 suprascripta
2532 4253 2686 4323 villa,
2712 4270 2866 4311 anno
2892 4255 3312 4311 incarnationis
3339 4257 3533 4311 Domi-

1867 4346 2009 4401 nicas
2067 4347 2194 4415 855,
2244 4344 2562 4400 indictione
2601 4360 2685 4412 III,
2740 4343 2884 4400 feria
2939 4359 3024 4412 ιιι,
3088 4348 3533 4415 vesperascente

1866 4435 1967 4508 qui
2001 4438 2127 4490 erat
2158 4451 2351 4490 annus
2374 4433 2595 4505 praefati
2628 4432 2782 4505 regis
2813 4430 3000 4488 Caroli
3046 4449 3117 4486 xv
3149 4432 3282 4503 (83),
3316 4436 3374 4487 et
3403 4432 3532 4505 epi-

1865 4528 2142 4596 scopatus
2186 4522 2375 4594 ipsius
2429 4522 2582 4578 beati
2634 4521 2903 4594 praesulis
2947 4539 3018 4576 XL
3065 4522 3198 4592 (82),
3237 4538 3370 4576 xvm
3398 4520 3529 4577 Kal.

1864 4613 2149 4670 Januarii.
2203 4613 2528 4684 Rogaverat
2587 4616 2781 4667 autem
2844 4611 3030 4666 isdem
3087 4610 3380 4682 pontifex,
3441 4614 3531 4677 ut,

1865 4701 2051 4758 sicubi
2072 4701 2259 4757 exitus
2311 4702 2438 4771 ejus
2479 4700 2803 4769 accederet,
2826 4698 3209 4772 corpusillius
3240 4700 3313 4754 ad
3337 4699 3531 4756 Sithiu

1782 4810 1830 4876 B
1864 4790 2313 4860 monasterium,
2348 4789 2409 4844 in"
2440 4788 2687 4844 basilica
2717 4789 2903 4844 sancti
2937 4788 3175 4855 Bertini,
3201 4794 3533 4861 portaretur

1866 4879 2312 4935 tumulandum.
2346 4878 2630 4934 Defuncto
2649 4882 2845 4934 autem
2868 4877 2988 4946 illo,
3019 4894 3152 4932 cum
3174 4877 3370 4933 clerici
3401 4880 3531 4950 ejus

1865 4966 2638 5041 quaererentqualiterillum
2659 4968 2727 5021 ad
2754 4967 3159 5039 supradictum
3178 4966 3373 5022 locum
3398 4987 3531 5040 por-

1865 5063 1987 5114 tare
2019 5057 2366 5129 potuissent,
2403 5056 2460 5111 in
2490 5056 2619 5127 ipsa
2642 5060 2829 5125 nocte,
2858 5057 3031 5111 ﬂante
3060 5060 3233 5112 vento
3266 5057 3529 5130 australi,

1867 5146 2058 5203 omnis
2090 5144 2193 5200 illa
2227 5162 2509 5217 aquarum
2564 5145 2976 5201 indimetibilis
3010 5147 3378 5218 profunditas
3418 5165 3536 5220 qua

1867 5235 2123 5308 cingitur
2151 5233 2340 5289 Sitbiu
2372 5233 2589 5302 insula,
2622 5234 2703 5288 ita
2736 5234 3081 5307 congelavit,
3119 5240 3200 5305 ut,
3235 5253 3407 5292 mane
3436 5255 3532 5293 ex-

1868 5325 2105 5397 sequias
2154 5322 2339 5378 sancti
2379 5323 2636 5395 corporis
2668 5324 3084 5395 deferentibus,
3120 5325 3533 5401 ﬁrmissimum

1869 5430 2021 5485 aqua
2033 5428 2301 5484 gressum
2319 5428 2422 5483 per
2440 5411 2686 5484 glaciem
2702 5413 3304 5484 praehereteunctibus
3321 5433 3335 5486 ;
3350 5416 3531 5487 quod»

1866 5638 1909 5665 λ
1940 5582 2055 5665 (82:)
2084 5582 2284 5665 lt‘le‘ns'e
2313 5580 2616 5638 Decembri
2640 5583 2892 5654 855,jam
2915 5585 3187 5641 currebat
3215 5601 3407 5641 annus
3435 5602 3531 5642 xv:

1870 5653 2057 5710 Caroli
2091 5652 2271 5708 Calvi.
2771 5652 2782 5654 ⁷

1943 5726 2053 5799 (83)
2088 5724 2332 5799 Emend.
2384 5726 2448 5779 ut
2473 5723 2702 5799 videtur
2729 5743 2942 5799 xxxrx,
2973 5727 3213 5799 Constat
3236 5725 3526 5799 siquidem

1871 5794 2374 5872 ex'superioribus
2401 5799 2462 5872 (ι,
2492 5796 2583 5865 55,
2603 5800 2675 5872 _et_
2697 5814 2759 5867 ιι,
2794 5799 2854 5869 4)
2886 5798 3151 5872 illumjn
3183 5794 3382 5856 sedem
3412 5794 3529 5853 Mo-

1872 5865 2169 5928 rinensem
2201 5865 2573 5928 sublimitum
2596 5865 2777 5928 fuisse
2809 5865 2962 5928 anno
2991 5866 3120 5931 8l7.
