3882 6434
372 399 520 460 1231

1436 396 1803 467 FOLQUINI
1853 396 1915 457 S.
1965 392 2287 454 BERTINI
2332 392 2713 453 MONAC‘HI.

3648 392 3810 470 .5933

369 531 431 587 in
463 528 700 587 hiemali
731 533 991 603 tempore
1019 528 1113 585 vix
1161 532 1383 601 septem
1423 529 1650 584 dierum
1684 528 1846 599 algor
1871 524 2022 582 vale-
2051 524 2107 593 Α
2135 542 2201 579 ν;
2240 523 2533 596 mancipia
2560 542 2657 579 xu.
2693 523 3004 580 Berbarius
3035 521 3389 579 caballarius
3413 523 3594 581 habet
3625 540 3810 580 man-

369 618 615 675 efficere.
667 617 1050 691 Deportantes
1098 621 1291 672 autem
1354 616 1507 673 beati
1555 615 1665 671 viri
1721 631 1931 687 corpus
1958 614 2031 670 ad

368 707 559 764 Sithiu
590 706 1036 773 monasterium,
1064 704 1310 761 adlatus
1324 704 1513 762 sancti
1530 703 1745 761 Bertini
1765 703 2032 759 dextrum

371 801 461 854 est
488 795 873 853 tumulatum.

851 901 997 957 XIV.
1030 898 1194 957 Aliud
1224 900 1549 972 capitulum.

443 1010 649 1067 Fertur
659 1012 861 1064 autum
876 1008 1149 1064 eumdem
1162 996 1351 1063 virum
1365 1006 1465 1063 Dei
1479 1022 1697 1078 equum
1718 1005 2034 1077 quemdam

369 1097 672 1166 habuisse,
705 1097 828 1170 qui,
859 1096 1086 1168 quoties
1109 1096 1218 1151 iter
1242 1095 1552 1167 aliquoties
1575 1110 1813 1166 carpere
1841 1092 2033 1159 vellet,

373 1187 447 1249 ad
478 1187 828 1258 obsequium
858 1184 967 1241 viri
999 1185 1100 1241 Dei
1132 1200 1325 1257 genua
1372 1184 1647 1251 ﬂecteret,
1699 1187 1765 1237 ut
1816 1181 2038 1237 scilicet
2100 1206 2108 1217 ο

374 1276 598 1348 absque
622 1273 742 1332 ullo
772 1273 969 1331 labore
990 1277 1151 1345 tergo
1184 1272 1343 1329 illius
1365 1273 1738 1345 equitaturus
1770 1271 2039 1326 ascende-

372 1368 481 1422 ret.
513 1363 680 1421 Hunc
710 1366 909 1421 autem
943 1362 1136 1417 ferunt
1156 1360 1436 1416 fratribus
1466 1361 1727 1415 dandum
1745 1364 1877 1414 ante
1909 1360 2037 1430 ejus

375 1452 653 1519 feretrum
666 1450 1031 1524 praeisse,sed
1045 1466 1276 1505 omnem
1291 1446 1563 1520 deinceps
1576 1448 1873 1504 hominem
1888 1448 2037 1502 ferre

375 1555 733 1606 recussasse,
750 1556 856 1596 nec
875 1556 1086 1612 passus
1103 1542 1190 1593 est
1202 1542 1335 1609 post
1347 1539 1609 1593 membra
1630 1538 1776 1592 tanti
1805 1537 2037 1608 pontifi-

374 1630 461 1691 cis
505 1628 907 1700 voluptatibus
959 1627 1248 1683 deservire
1289 1626 1544 1696 alicujus
1591 1625 1869 1681 hominis.
1930 1624 2040 1690 Qui

375 1735 492 1777 non
522 1716 696 1789 longe
717 1719 1127 1788 posttempore
1148 1720 1438 1779 mortuus,
1463 1732 1596 1769 cum
1612 1714 1854 1769 canibus
1872 1713 2038 1770 cibus

372 1811 529 1867 esset
557 1805 885 1878 appositus,
903 1803 1127 1861 anullis
1151 1803 1385 1859 illorum
1409 1808 1498 1859 est
1519 1807 1819 1859 attractus.
1835 1804 2037 1858 Etme-

374 1897 485 1955 rito
518 1896 764 1952 cadaver
787 1895 915 1966 ejus
947 1910 1121 1950 canes
1151 1910 1266 1948 non
1283 1896 1554 1964 poterant
1573 1892 2042 1963 lacerare,super
2073 1893 2118 1959 Β

376 2002 554 2059 quem
602 1984 944 2057 hymnidica
987 1983 1213 2038 cantica
1260 1981 1491 2039 Christo
1541 1982 1849 2038 decantata
1878 1984 2043 2036 erant

376 2074 720 2147 saepissime.
755 2072 919 2139 Quod
949 2072 1217 2127 videntes
1238 2071 1412 2139 cives,
1439 2087 1573 2125 eum
1606 2070 1864 2125 humano
1880 2086 2041 2125 more

377 2162 753 2237 sepelierunt,
782 2177 956 2235 quem
990 2177 1095 2217 nec
1129 2159 1327 2217 bestiae
1376 2176 1481 2216 nec
1511 2158 1773 2216 volucres
1802 2163 2043 2231 tangere

378 2254 902 2327 prasumpserunt.

534 2367 650 2424 XV.
682 2369 932 2424 Breviato
962 2368 1226 2423 villarum
1254 2365 1649 2423 monachorum
1677 2367 1874 2421 victus.

446 2486 578 2556 Sed,
611 2485 752 2558 quia
781 2483 930 2557 gesti
962 2483 1113 2541 beati
1148 2483 1415 2555 Folquini
1447 2482 1772 2539 enarrando
1804 2498 2044 2552 parum-

376 2592 482 2649 per
511 2575 583 2631 ab
615 2572 894 2630 abbatum
919 2574 1100 2646 gestis
1138 2570 1385 2645 digressi
1411 2588 1639 2640 sumus,
1662 2569 1805 2625 libet
1825 2571 1949 2641 jam
1971 2570 2041 2624 ad

376 2682 447 2721 ea
483 2662 882 2737 pernarranda
925 2660 1218 2718 calamum
1264 2661 1577 2716 reflectere.
1637 2659 1837 2714 Abbas
1866 2658 2046 2730 igitur

377 2751 710 2829 Adalardus
743 2750 912 2806 villas
956 2749 1029 2805 ad
1064 2751 1311 2805 fratrum
1343 2766 1489 2803 usus
1526 2747 1903 2819 pertinentes,
1955 2747 2045 2801 vel

380 2828 629 2915 quiquid
659 2838 866 2895 exinde
893 2838 1004 2893 sub
1036 2836 1429 2908 qualicunque
1466 2835 1698 2891 servitio
1739 2835 2047 2891 videbatur

381 2926 703 3001 provenire,
739 2926 962 2996 absque
991 2924 1083 2979 his
1101 2924 1304 2997 quaein
1335 2924 1466 2979 aliis
1487 2922 1858 2979 monasteriis
1879 2926 2047 2979 erant

382 3012 764 3079 beneﬁciataz,
797 3012 898 3068 tali
923 3012 1107 3083 jussit
1134 3011 1416 3067 brevitate
1448 3012 1797 3079 describere,
1838 3010 1970 3082 (8h).

419 3090 423 3094 ’
456 3101 602 3156 XVI.
637 3100 701 3157 In
751 3100 970 3156 Kelmis
1018 3100 1239 3154 habent
1286 3098 1558 3154 monachi
1590 3098 1897 3155 ecclesiam
1930 3117 1947 3153 ι
1981 3116 2047 3155 ac

381 3189 615 3248 lunaria
658 3206 759 3253 xu,
820 3193 876 3244 et
926 3187 1217 3260 mancipia
1265 3203 1341 3255 ιν,
1396 3186 1714 3243 luminaria
1762 3205 1838 3243 ιν.
1881 3188 2046 3245 Unus

2143 630 2274 667 sum
2309 614 2377 669 de
2403 619 2555 668 terra
2586 611 2792 668 arabili
2847 612 3094 667 bunaria
3122 629 3218 677 xx,
3249 613 3319 668 de
3349 615 3517 684 prato
3549 614 3813 669 bunaria

2140 719 2213 761 v:
2246 702 2317 758 de
2348 701 2495 757 silva
2523 700 3011 757 minutabunaria
3040 717 3115 756 vx.
3142 700 3349 757 Mansa
3368 718 3408 756 ιι
3424 718 3529 774 per
3549 702 3812 760 bunaria

2140 808 2239 847 v11.
2296 791 2455 847 Facit
2486 790 2638 846 sicut
2666 790 2958 862 superius.
3007 789 3298 862 Mancipia
3345 806 3468 845 vm.
3513 789 3814 848 Benemar

2145 879 2321 935 habet
2352 896 2546 934 casam
2574 895 2710 934 cum
2742 877 2873 933 aliis
2896 875 3244 946 castitiis,de
3266 882 3430 950 prato
3463 878 3723 937 bunaria
3751 895 3809 946 x,

2144 969 2216 1024 de
2245 971 2402 1023 terra
2425 966 2632 1025 arabili
2656 966 2905 1023 bunaria
2921 984 3055 1034 xxx,
3077 967 3148 1022 de
3171 970 3338 1039 pastu
3349 984 3413 1023 ra
3431 971 3489 1023 et
3509 968 3677 1041 sylva
3694 968 3812 1025 mi-

2145 1061 2290 1112 nuta
2317 1057 2569 1113 bunaria
2587 1073 2748 1111 xxm.
2785 1057 2987 1112 Mansa
3018 1073 3081 1111 ιιι
3104 1073 3206 1128 per
3232 1055 3486 1113 bunaria
3514 1075 3619 1114 xu.
3644 1058 3812 1113 Facit

2147 1146 2300 1203 sicut
2350 1146 2642 1219 superius.
2694 1145 2984 1217 Mancipia
3042 1162 3196 1200 xxiv.
3248 1144 3571 1203 Ostoradus
3627 1146 3810 1203 habet

2147 1252 2356 1291 mansa
2385 1251 2518 1289 cum
2552 1232 2819 1301 castitia;
2852 1234 2922 1288 de
2947 1238 3110 1306 prato
3144 1232 3395 1289 bunaria
3410 1251 3508 1300 xu,
3543 1234 3615 1291 de
3647 1239 3809 1291 terra

2144 1322 2621 1379 arabilibunaria
2666 1340 2758 1389 xx,
2810 1322 2880 1377 de
2922 1320 3085 1394 sylva
3138 1322 3368 1379 minuta
3420 1322 3676 1379 bunaria
3722 1340 3813 1395 v1,

2147 1412 2351 1467 Mansa
2406 1429 2467 1467 ιιι
2515 1428 2619 1483 per
2668 1410 2915 1466 bunaria
2959 1428 3059 1466 xu.
3114 1410 3273 1467 Facit
3313 1411 3468 1467 sicut
3497 1412 3808 1484 superius.

2146 1501 2435 1573 Mancipia
2454 1519 2603 1556 xxiv.
2628 1501 2778 1556 Bavo
2792 1500 2968 1555 habet
2988 1516 3186 1555 casam
3205 1516 3339 1556 cum
3359 1499 3492 1556 aliis
3511 1499 3770 1567 castitiis
3791 1517 3805 1569 ;

2148 1591 2220 1645 de
2252 1595 2415 1662 prato
2446 1590 2782 1658 bunariax1,
2818 1590 2889 1645 de
2920 1593 3074 1644 terra
3089 1587 3293 1643 arabili
3320 1588 3568 1644 bunaria
3594 1589 3809 1656 xxx,de

2149 1679 2311 1755 sylva
2341 1679 2571 1734 minuta
2599 1678 2941 1733 bunariaiv.
2968 1678 3177 1733 Casam
3207 1694 3245 1744 ι,
3279 1694 3381 1748 per
3401 1676 3655 1732 bunaria
3683 1694 3807 1733 VIII.

2148 1768 2307 1823 Facit
2318 1767 2469 1824 sicut
2497 1767 2788 1839 superius.
2815 1766 3107 1839 Mancipia
3125 1783 3240 1833 xvi.
3260 1764 3617 1821 Wendelard
3628 1784 3697 1821 us
3712 1765 3813 1821 ha-

2150 1857 2247 1912 bet
2277 1873 2470 1912 casam
2504 1873 2638 1912 cum
2673 1855 2802 1911 aliis
2834 1855 3081 1911 castitiis
3107 1872 3120 1922 ;
3151 1855 3222 1910 de
3252 1859 3415 1927 prato
3445 1855 3702 1911 bunaria
3731 1872 3808 1920 x1,

2151 1946 2221 2001 de
2252 1948 2406 2001 terra
2428 1945 2633 2001 arabili
2666 1944 2917 2000 bunaria
2940 1961 3070 1999 xxx.
3097 1943 3266 2017 Sylva
3298 1944 3525 2000 minuta
3557 1944 3814 2000 bunaria

2151 2051 2233 2088 ιιι.
2270 2034 2512 2089 Mansus
2544 2051 2582 2101 ι,
2620 2049 2720 2105 per
2752 2032 3113 2087 bunariaxu.
3151 2032 3308 2088 Facit
3329 2032 3483 2089 sicut
3506 2033 3809 2105 superius,

2152 2122 2446 2195 mancipia
2474 2140 2588 2181 xxv.
2623 2121 3020 2194 Megenfridus
3051 2121 3227 2176 habet
3257 2138 3457 2177 casam
3504 2138 3643 2181 cum
3673 2121 3812 2177 aliis

2150 2211 2437 2278 castitiis;
2473 2211 2543 2266 de
2575 2214 2739 2284 prato
2774 2209 3022 2265 bunaria
3040 2227 3116 2277 ιιι,
3139 2210 3376 2265 deterra
3394 2209 3604 2266 arabili
3629 2210 3814 2265 buna-

2152 2301 2238 2356 ria
2269 2318 2397 2367 xcv,
2429 2300 2498 2355 de
2531 2299 2692 2371 sylva
2729 2298 2958 2353 minuta
3008 2302 3065 2353 et
3104 2301 3346 2369 pastura
3391 2299 3645 2355 bunaria
3694 2316 3811 2355 xvx.

2149 2390 2441 2446 Mansusu
2471 2406 2572 2460 per
2593 2388 2842 2443 bunaria
2858 2403 2959 2441 χιι.
2986 2386 3145 2443 Facit
3158 2387 3309 2443 sicut
3330 2388 3629 2459 superius.
3657 2388 3815 2445 Man-

2152 2477 2304 2550 cipia
2336 2496 2409 2533 1v.
2445 2476 2790 2531 Baldminus
2808 2474 2984 2531 habet
2997 2492 3190 2531 casam
3216 2492 3347 2531 cum
3365 2475 3496 2531 aliis
3528 2476 3810 2544 castitiis;

2152 2568 2223 2622 de
2248 2570 2411 2638 prato
2444 2565 2692 2621 bunaria
2711 2582 2788 2632 v1,
2822 2564 2892 2620 de
2920 2568 3077 2619 terra
3105 2563 3311 2619 arabili
3344 2563 3596 2619 bunaria
3619 2583 3716 2632 xx,
3745 2566 3815 2621 de

2153 2656 2314 2728 sylva
2337 2655 2564 2710 minuta
2594 2658 2650 2709 et
2681 2658 2922 2725 pastura
2975 2652 3222 2709 bunaria
3258 2670 3354 2721 xx,
3385 2652 3631 2710 Mansus
3662 2672 3683 2709 1
3714 2670 3817 2726 per

2154 2744 2403 2800 bunaria
2430 2761 2531 2799 xu.
2566 2743 2726 2798 Facit
2757 2743 2908 2798 sicut
2939 2741 3229 2815 superius.
3266 2740 3558 2813 Mancipia
3586 2759 3666 2798 ιν.

2225 2833 2340 2888 XX.
2378 2833 2437 2886 In
2472 2831 2920 2903 Bermingahem
2953 2830 3130 2886 habet
3162 2846 3393 2897 mansa,
3425 2846 3559 2885 cum
3593 2830 3816 2899 scuria,

2153 2921 2224 2976 de
2256 2926 2411 2975 terra
2434 2919 2637 2974 arabili
2672 2919 2920 2974 bunaria
2938 2936 3101 2987 xxm,
3125 2919 3287 2993 sylva
3307 2919 3536 2975 minuta
3560 2918 3823 2975 bunaria

2154 3026 2237 3077 ιιι,
2273 3010 2341 3063 Et
2370 3009 2430 3062 in
2457 3008 2681 3063 Edenas
2714 3009 2784 3062 de
2814 3012 2970 3062 terra
3018 3008 3268 3063 bunaria
3311 3025 3369 3074 x,
3415 3007 3716 3080 mancipia
3763 3026 3819 3063 x.

2156 3096 2392 3161 Omnes,
2427 3099 2662 3165 excepto
2693 3094 3027 3161 Iremberto,
3090 3098 3259 3149 arant
3288 3096 3361 3149 ad
3391 3095 3585 3167 ipsam
3616 3095 3822 3165 villam

2154 3184 2492 3246 bunarialv,
2516 3187 2572 3238 et
2601 3182 2886 3256 colligunt
2906 3200 2940 3237 ιι
2965 3183 3256 3237 etducunt
3269 3183 3341 3237 ad
3364 3185 3822 3254 monasterium,

383 3266 636 3354 quisque
659 3277 830 3335 solvit
860 3277 929 3331 de
952 3293 1083 3332 cera
1111 3276 1337 3332 valente
1366 3275 1672 3331 denarium
1698 3293 1736 3331 ι.
1772 3276 2044 3333 Mansum
2076 3260 2120 3326 C
2157 3278 2214 3329 et
2242 3273 2487 3328 cludunt
2516 3271 2708 3343 virgas
2739 3288 2811 3325 xv
2837 3288 2850 3339 ;
2885 3275 2941 3325 et
2971 3271 3031 3325 in
3065 3270 3418 3326 monasterio
3439 3270 3581 3325 item
3615 3289 3825 3330 omnes

380 3367 867 3445 indominicatum
899 3382 1033 3420 cum
1064 3382 1201 3420 casa
1229 3369 1285 3419 et
1300 3364 1432 3420 aliis
1462 3365 1745 3433 castitiis;
1778 3365 1848 3420 de
1881 3369 2046 3437 prato

380 3457 630 3528 bunaria
658 3470 849 3523 xxxtx,
899 3454 970 3510 de
999 3458 1155 3509 terra
1178 3453 1383 3508 arabili
1444 3452 1693 3508 bunaria
1741 3470 1940 3521 CLxxx,
1975 3455 2046 3510 de

379 3533 540 3621 sylva
569 3561 774 3619 gressa
802 3542 1052 3600 bunaria
1078 3559 1212 3609 xxx,
1246 3542 1316 3596 de
1356 3540 1500 3597 silva
1540 3542 1768 3597 minuta
1797 3542 2048 3599 bunaria

374 3652 467 3692 xv.
501 3635 705 3707 Mansa
728 3651 799 3688 xv
826 3648 929 3705 per
957 3630 1204 3686 bunaria
1253 3647 1354 3699 xu,
1406 3634 1461 3685 et
1500 3629 1598 3685 ille
1627 3630 1912 3686 dimidius
1943 3647 2046 3703 per

377 3721 629 3779 bunaria
655 3739 732 3790 v1,
758 3737 893 3776 cum
925 3718 1107 3775 servis
1139 3737 1193 3783 χ,
1221 3719 1321 3790 qui
1342 3719 1563 3774 iaciunt
1588 3718 1647 3772 in
1675 3718 2045 3777 hebdomada

378 3802 443 3867 ιιι
472 3810 635 3879 dies;
669 3813 726 3863 et
756 3806 979 3863 ancillae
998 3825 1052 3862 Vl
1088 3807 1308 3862 faciunt
1336 3806 1639 3862 ladmoncs
1669 3825 1746 3862 v1.
1778 3808 1916 3863 Aliae
1947 3809 2041 3864 in-

380 3892 583 3973 genure
609 3894 1474 3967 facitunaquaequeladmonem
1491 3895 1822 3952 dimidium.
1846 3896 2039 3952 Unus-

379 3987 633 4059 quisque
660 3990 828 4057 parat
854 3986 924 4040 de
954 3985 1125 4039 brace
1158 3984 1353 4040 modia
1373 4002 1428 4052 x,
1463 3986 1533 4039 de
1566 3985 1753 4040 farina
1782 4004 1832 4041 v:
1861 4004 1874 4053 ;
1910 3986 2041 4058 pul-

378 4075 467 4131 los
515 4092 597 4143 ιιι,
649 4091 755 4130 ova
801 4091 892 4128 xx.
944 4074 1029 4128 Ad
1077 4073 1275 4129 vineas
1309 4075 1772 4146 unumquodque
1818 4092 2039 4132 annum

378 4180 575 4223 corros
617 4181 678 4218 II.
729 4162 966 4218 Lunarii
1023 4178 1137 4227 va,
1172 4162 1555 4234 praebendarii
1587 4181 1685 4218 vn.
1723 4164 1836 4219 Ded
1865 4163 2042 4220 habet

376 4253 624 4308 bunaria
652 4270 728 4319 γι,
758 4258 885 4307 arat
915 4250 1161 4307 bunaria
1182 4265 1243 4306 ιι.

446 4341 615 4397 XVII.
661 4341 722 4395 In
763 4340 1176 4412 Fresingabem
1227 4339 1538 4394 Erervinus
1581 4339 1757 4396 habet
1790 4341 2040 4398 bunaria

374 4448 447 4499 v;
479 4434 606 4485 arat
628 4428 894 4499 jurnales
917 4446 1000 4495 ιιι,
1034 4432 1091 4483 et
1122 4427 1293 4483 solvit
1323 4427 1594 4483 denarios
1623 4445 1701 4493 v1,
1738 4428 1798 4483 In
1832 4430 2035 4485 eadem

371 4519 510 4575 villa
540 4517 748 4574 Heleca
778 4517 953 4573 habet
974 4516 1288 4572 bunarium
1312 4515 1648 4587 dimidium,
1684 4521 1809 4574 arat
1834 4519 2038 4589 jurna-

371 4606 489 4662 lem
522 4624 563 4661 ι.

443 4694 637 4751 XVIII.
671 4694 734 4750 In
766 4692 1175 4767 Lomisgahem
1210 4692 1463 4765 Beregen
1486 4692 1661 4748 habet
1691 4694 2028 4765 bunariaiv,

372 4787 500 4841 arat
527 4783 775 4840 bunaria
804 4800 879 4840 Iv.
915 4784 978 4838 In
1009 4782 1236 4837 Elciaco
1266 4782 1539 4855 Amalger
1564 4782 1740 4838 habet
1783 4783 2032 4840 bunaria

369 4860 484 4942 xiv,
521 4872 814 4946 mancipia
870 4889 957 4941 ιιι,
999 4876 1125 4928 arat
1177 4871 1424 4926 bunaria
1471 4888 1549 4938 IV,
1597 4875 1654 4926 et
1699 4871 1871 4928 solvit
1901 4872 2034 4927 soli-

370 4961 479 5017 dos
511 4979 570 5017 ιι.
1700 4992 1712 5001 .

439 5049 580 5103 ΧΙΧ.
613 5054 679 5103 In
710 5047 1152 5120 Morningchem
1185 5048 1547 5104 Guntbertus
1578 5048 1754 5104 habet
1781 5050 2033 5106 bunaria

366 5153 492 5204 vm,
539 5141 667 5191 arat
712 5137 962 5191 bunaria
1008 5153 1081 5191 IV.
1135 5136 1385 5190 Gerbald
1438 5136 1615 5191 habet
1658 5138 1906 5192 bunaria
1948 5156 2027 5203 ιιι,

371 5230 498 5281 arat
529 5223 777 5279 bunaria
806 5241 846 5277 ι.
880 5225 1158 5278 Stract‘ret
1186 5223 1359 5278 habet
1393 5225 1639 5278 bunaria
1663 5243 1738 5292 γι,
1769 5232 1895 5281 arat
1918 5228 2029 5282 bu-

369 5313 653 5373 nariumi
682 5316 739 5366 et
768 5311 1101 5366 dimidium.
1136 5311 1368 5380 Thegen
1413 5312 1600 5380 major
1629 5312 1803 5367 habet
1831 5330 2027 5369 casam

371 5400 731 5473 dominicam
768 5416 900 5455 cum
931 5397 1063 5453 aliis
1085 5399 1331 5453 castitiis
1358 5416 1371 5466 ;
1407 5399 1476 5452 de
1506 5403 1670 5469 prato
1699 5399 1946 5457 bunaria
1971 5420 2027 5470 v,

367 5490 440 5546 de
467 5494 622 5546 terra
642 5487 844 5544 arabili
878 5486 1126 5542 bunaria
1157 5487 1329 5556 xx,de
1348 5485 1492 5542 silva
1516 5486 1747 5544 minuta
1778 5489 2025 5547 binaria.

2153 3363 2348 3435 virgas
2378 3379 2451 3429 ιν,
2485 3364 2540 3416 et
2566 3360 2703 3415 iacit
2735 3359 3144 3431 unusquisque
3166 3359 3222 3414 in
3242 3376 3395 3415 anno
3427 3359 3553 3415 dies
3583 3378 3722 3417 xxiv
3757 3363 3823 3418 in

2156 3456 2377 3507 aestate.
2410 3450 2767 3505 Irembertus
2799 3452 2996 3504 autem
3020 3453 3146 3504 arat
3176 3448 3424 3505 bunaria
3444 3466 3484 3504 ιι
3507 3454 3565 3504 et
3594 3449 3825 3524 colligit

2156 3558 2195 3595 ι.
2228 3538 2548 3595 Luminarii
2571 3556 2647 3593 x1.
2670 3537 2912 3593 Solvuut
2936 3538 3088 3593 inter
3109 3553 3315 3593 omnes
3347 3537 3568 3594 solidos
3600 3540 3818 3600 vu.de-

2153 3629 2351 3684 narios
2365 3627 2768 3682 vm.Homines
2784 3626 2882 3698 qui
2900 3625 3192 3681 faciuntin
3210 3643 3361 3681 anno
3374 3642 3434 3681 ιιι
3449 3626 3574 3682 dies
3590 3631 3822 3683 suntxx

2224 3717 2363 3771 XXI.
2398 3719 2463 3771 In
2481 3718 2690 3771 Attona
2721 3719 2810 3771 est
2839 3714 3086 3770 ecclesia
3136 3715 3206 3770 ad
3260 3732 3437 3787 quam
3469 3714 3708 3770 solvunt
3734 3733 3816 3772 vn

2152 3805 2421 3861 homines
2454 3805 2524 3860 de
2554 3804 2775 3861 lumine
2805 3805 3213 3875 unusquisque
3229 3804 3301 3859 de
3324 3820 3455 3858 cera
3469 3802 3814 3860 valentede-

2152 3895 2347 3950 narios
2382 3911 2441 3948 ιι.
2476 3893 2683 3948 Casam
2737 3892 3232 3947 indominicatam
3270 3909 3405 3947 cum
3455 3891 3586 3947 aliis
3632 3894 3815 3948 casti-

2151 3984 2248 4039 tiis
2276 4002 2288 4038 :
2323 3984 2395 4038 de
2426 3987 2591 4055 prato
2622 3983 2872 4037 bunaria
2900 3999 2978 4046 x1,
3033 3982 3103 4036 de
3136 3986 3293 4037 terra
3326 3980 3533 4037 arabili
3562 3981 3813 4038 bunaria

2148 4090 2235 4139 ce,
2282 4073 2352 4127 de
2400 4070 2546 4128 silva
2595 4071 2828 4126 minuta
2873 4070 3191 4126 bunarium
3243 4088 3283 4139 ι,
3339 4070 3410 4125 de
3442 4075 3687 4142 pastura
3718 4071 3807 4126 in—

2150 4162 2305 4217 culta
2337 4161 2586 4216 bunaria
2618 4176 2667 4215 L.
2701 4161 2906 4216 Mansa
2932 4177 3064 4214 xxnv
3101 4165 3158 4214 et
3209 4159 3564 4227 dimidium;
3600 4176 3807 4216 omnes

2149 4268 2251 4322 per
2301 4248 2551 4304 bunaria
2599 4266 2699 4314 xu,
2755 4255 2811 4303 et
2858 4247 2955 4303 ille
2985 4248 3269 4303 dimidius
3299 4264 3403 4319 per
3441 4247 3699 4303 bunaria
3729 4266 3804 4318 vr,

2147 4356 2281 4394 cum
2339 4337 2521 4393 servis
2572 4355 2648 4403 XI,
2702 4337 2802 4408 qui
2848 4336 3071 4391 faciunt
3127 4336 3618 4392 inhebdomada
3679 4338 3803 4393 dies

2144 4443 2230 4482 ιιι.
2265 4425 2498 4481 Ancillae
2527 4443 2607 4481 x11
2641 4426 2862 4480 faciunt
2901 4425 3203 4481 ladmoncs
3258 4442 3359 4480 x11.
3409 4424 3523 4479 Alii
3556 4425 3801 4497 ingenui

2149 4517 2368 4571 faciunt
2400 4533 2437 4569 ιι
2466 4515 2589 4569 dies
2636 4514 2697 4569 in
2750 4515 3139 4582 hebdomada,
3190 4518 3248 4569 et
3286 4515 3357 4569 de
3389 4513 3504 4570 illis
3532 4514 3800 4587 ingenuis

2062 4629 2111 4694 D
2145 4605 2379 4660 feminis
2409 4620 2510 4659 xm
2537 4604 2781 4658 veniunt
2809 4603 3113 4659 ladmones
3164 4620 3219 4658 v1
3265 4607 3322 4658 et
3368 4602 3675 4658 dimidius.
3714 4604 3795 4659 Ad

2140 4695 2340 4749 vineas
2373 4710 2537 4749 carra
2564 4710 2641 4748 Vl.
2675 4692 2834 4747 Facit
2864 4693 3271 4764 unusquisque
3294 4692 3365 4747 de
3396 4691 3569 4746 brace
3601 4692 3792 4748 modia

2140 4799 2198 4847 Χ,
2230 4783 2300 4837 de
2331 4781 2515 4836 farina
2534 4798 2628 4848 v1;
2663 4780 2807 4852 pulli
2840 4797 3043 4845 III,ova
3058 4798 3150 4835 xx.
3172 4780 3406 4835 Lunarii
3423 4797 3517 4845 xv,
3542 4782 3797 4852 praeben-

2140 4871 2289 4926 darii
2318 4889 2394 4926 γι.
2412 4854 2737 4925 Wilbertus
2754 4869 2932 4925 habet
2956 4870 3207 4925 bunaria
3232 4886 3314 4925 xu
3343 4887 3357 4938 ;
3392 4869 3565 4924 solvit
3581 4870 3792 4926 solidos

2139 4977 2201 5031 II,
2233 4964 2288 5015 et
2314 4959 2587 5031 praevidet
2618 4959 2861 5031 sylvam.
2888 4958 3129 5014 Suntibi
3161 4957 3432 5013 homines
3453 4957 3553 5029 qui
3579 4958 3792 5014 faciunt

2139 5065 2179 5103 ιι
2212 5048 2408 5103 diesin
2434 5047 2801 5102 hebdomada
2824 5063 3007 5102 Lxx1v.
3035 5046 3391 5102 Iremharius
3409 5046 3599 5116 major
3625 5047 3791 5102 habet

2140 5154 2336 5192 casam
2368 5136 2848 5191 indominicatam
2876 5153 3011 5191 cum
3043 5135 3173 5191 aliis
3204 5134 3492 5200 castitiis;
3527 5136 3600 5191 de
3632 5139 3786 5208 prato

2141 5226 2390 5281 bunaria
2418 5244 2471 5290 x,
2505 5225 2575 5279 de
2606 5231 2760 5280 terra
2788 5224 2993 5279 arabili
3025 5224 3275 5279 bunaria
3294 5240 3431 5293 xvn,
3461 5223 3532 5279 de
3552 5229 3789 5295 pastura

2138 5321 2194 5371 et
2224 5315 2382 5387 sylva
2412 5314 2640 5369 minuta
2659 5313 2908 5391 bunaria
2922 5331 3016 5369 xv.
3039 5315 3414 5385 Mansauper
3429 5312 3781 5368 bunariaxn.

2137 5405 2297 5463 Facit
2323 5404 2475 5459 sicut
2504 5403 2796 5475 superius.
2824 5403 3114 5475 Mancipia
3142 5419 3301 5459 xxm.
3336 5400 3679 5458 Hilletridus
3694 5400 3786 5457 ha-

2137 5495 2236 5550 bet
2265 5509 2540 5549 mansum
2567 5510 2580 5560 ;
2614 5492 2684 5548 de
2706 5495 2870 5564 prato
2900 5492 3149 5549 bunaria
3176 5508 3235 5549 vx
3265 5494 3323 5549 et
3349 5489 3686 5565 jornaleml;
3718 5490 3784 5548 de

437 5668 547 5746 (84)
578 5671 706 5727 Hue
744 5665 870 5725 cod.
894 5665 1143 5723 Audom.
1162 5665 1325 5723 addit
1358 5682 1370 5722 :
1397 5665 1548 5740 Quod
1565 5683 1714 5725 nunc
1733 5669 2059 5746 linquimus,
2090 5688 2215 5732 cum
2226 5673 2392 5749 parvi
2419 5669 2687 5731 commodi
2715 5676 2814 5733 est.
