3882 6438
362 410 517 475 1235

1434 410 1805 485 FOLOUINI
1852 410 1916 472 S.
1963 405 2282 470 BEIITINI
2325 404 2700 469 MONACHI.

3624 402 3650 464 I
3663 402 3782 465 236

358 544 607 601 bunaria
638 561 703 602 III
734 545 806 601 ad
837 546 1130 601 vestitum.
1185 550 1324 599 i'ein
1371 546 1438 599 de
1492 544 1755 599 bunariis
1788 558 1851 598 ιιι
1894 538 2009 597 sel-
2042 542 2094 607 Α
2128 543 2251 608 tus;
2286 543 2342 595 et
2384 538 2561 593 habet
2610 537 2854 593 bunaria
2898 554 3011 604 XIV,
3064 540 3122 592 et
3167 532 3345 591 habet
3392 535 3696 609 mancipia
3725 553 3777 604 V,

357 641 504 692 Vunt
536 636 819 691 flascenes
852 651 955 701 XII,
990 634 1264 689 scutellas
1314 652 1361 689 α.
1418 634 1672 705 Engetcn
1706 633 1880 686 habet
1911 632 2014 685 bu-

359 727 527 783 naria
558 729 768 793 Iv,arat
795 724 1111 780 bunarium
1144 723 1537 787 dimidium,ct
1572 726 1846 792 operatur
1869 737 2012 774 una-

359 832 593 888 quaque
620 814 986 869 hebdomada
1011 829 1025 867 I
1053 813 1228 867 diem.
1268 812 1539 866 Radcken
1576 811 1746 864 habet
1769 808 2018 864 bunaria

359 919 448 972 ιιι,
483 908 608 958 arat
659 903 972 957 bunarium
1024 902 1361 967 dimidium,
1395 905 1451 955 et
1501 899 1639 953 facit
1687 898 1746 953 in
1789 898 2013 952 hebdo-

357 996 533 1049 mada
570 1009 613 1050 II
657 993 800 1048 dies.
833 993 1075 1047 Aldbert
1104 991 1355 1046 bunaria
1398 1006 1484 1058 Iv;
1533 990 1667 1045 facit
1718 987 2009 1044 similiter.

360 1083 525 1139 Abbo
558 1082 809 1137 bunaria
838 1100 896 1153 V,
922 1084 1046 1135 arat
1077 1080 1409 1135 dimidium.

430 1172 684 1228 XXVIII.
715 1175 781 1225 In
808 1169 1169 1225 Pascandala
1198 1169 1378 1223 habet
1409 1168 1477 1222 de
1510 1183 1628 1221 una
1656 1163 1901 1220 ecclesia
1950 1180 2015 1220 ιιι

361 1264 581 1333 partes,
615 1276 889 1315 mansum
926 1274 988 1314 ιιι
1025 1275 1126 1330 per
1156 1257 1404 1312 bunaria
1446 1273 1539 1310 XX.
1574 1254 1776 1310 Solum
1816 1253 2013 1310 incen-

365 1366 498 1406 sum
531 1350 602 1404 de
633 1348 866 1404 assibus
897 1362 962 1403 ιι.

437 1439 635 1493 ΧΧΙΧ.
670 1442 732 1491 In
763 1436 1092 1491 Weserinio
1123 1434 1299 1489 habet
1347 1432 1652 1488 ecclesiam
1700 1431 2018 1488 indomini-

366 1532 582 1588 catam.
614 1542 883 1580 mansam
934 1541 1062 1578 cum
1115 1522 1390 1588 castitiis;
1443 1522 1513 1575 de
1561 1524 1726 1592 prato
1772 1520 2022 1575 bunaria

364 1631 483 1682 XVI,
516 1616 586 1671 de
617 1618 772 1669 terra
801 1614 1003 1669 arabiti
1038 1612 1288 1667 bunaria
1317 1624 1464 1676 CLIX,
1497 1610 1568 1663 de
1609 1608 1767 1682 sylva
1814 1626 2022 1681 gressa

366 1702 617 1760 bunaria
668 1718 806 1757 XVIII
857 1703 926 1757 ad
976 1700 1334 1773 saginandos
1380 1715 1586 1770 porcos
1631 1716 1725 1766 XX,
1759 1699 1830 1753 de
1862 1698 2023 1770 sylva

369 1792 598 1849 minuta
618 1791 867 1847 bunaria
888 1792 1038 1858 LI,de
1062 1792 1305 1863 pastura
1326 1787 1624 1843 communi
1642 1786 2018 1843 sufficienter.

2124 634 2182 686 et
2211 629 2468 685 custodit
2498 627 2738 701 sylvam.
2778 626 2875 682 Ille
2902 627 3182 681 decamus
3219 624 3397 680 habet
3440 625 3701 682 bunaria
3733 644 3781 682 IV

2122 723 2181 776 et
2211 718 2523 773 dimidium
2557 717 2628 771 ad
2662 715 3055 789 prehendam.
3090 713 3368 770 Homines
3399 714 3684 771 facientes
3724 715 3781 771 in

2123 825 2277 865 anno
2308 825 2345 863 II
2374 808 2499 862 dies
2530 811 2671 861 sunt
2698 823 2853 861 XVIII.
2884 804 3097 861 Saluca
3126 805 3319 875 major
3365 804 3545 860 habet
3581 821 3782 860 casam

2124 896 2479 952 dominicam
2512 912 2649 951 cum
2681 895 2811 950 aliis
2843 893 3122 960 castitiis;
3155 893 3225 949 de
3255 898 3408 949 terra
3437 894 3650 949 arabili
3687 894 3786 949 bu-

2126 986 2289 1041 naria
2312 1002 2444 1051 XXX,
2478 984 2637 1056 sylva
2668 984 2896 1039 minuta
2927 982 3176 1037 bunaria
3205 999 3301 1050 III;
3336 983 3639 1055 mancipia
3682 1000 3782 1040 XII.

2126 1074 2402 1145 Suithger
2426 1072 2778 1128 caballarius
2800 1072 2977 1127 habet
2993 1087 3187 1126 casam
3208 1070 3629 1128 deminicatam
3649 1090 3784 1129 cum

2126 1163 2258 1219 aliis
2292 1161 2569 1229 castitiis;
2604 1162 2675 1216 de
2708 1165 2875 1233 prato
2922 1160 3171 1216 bunaria
3215 1177 3315 1226 VII,
3348 1160 3419 1216 de
3468 1165 3628 1217 terra
3660 1180 3785 1219 ara-

2124 1251 2230 1308 bili
2289 1250 2539 1307 bunaria
2591 1268 2739 1316 XLVI,
2809 1251 2879 1305 de
2938 1249 3101 1323 sylva
3151 1248 3381 1305 minuta
3431 1250 3691 1307 bunaria
3731 1270 3782 1307 X.

2127 1342 2313 1396 Mansi
2346 1356 2409 1395 ιιι
2442 1356 2544 1411 per
2574 1339 2823 1394 bunaria
2873 1356 2972 1406 XII,
3028 1354 3164 1394 cum
3213 1337 3396 1393 servis
3442 1356 3515 1407 II;
3559 1345 3621 1396 et
3652 1341 3787 1397 facit

2127 1448 2191 1486 ιιι
2238 1430 2361 1484 dies
2393 1428 2452 1484 in
2484 1428 2874 1483 hebdomada.
2926 1432 3199 1500 Ingenuze
3249 1444 3311 1484 ιιι
3366 1426 3621 1497 feminae,
3655 1430 3788 1486 facit

2128 1535 2495 1590 unaquaeque
2520 1517 2853 1573 ladmonem
2884 1516 3267 1585 dimidium;
3299 1516 3437 1572 facit
3481 1519 3786 1575 servitium

2129 1606 2282 1663 sicut
2305 1607 2366 1661 in
2399 1607 2525 1678 ipsa
2559 1605 2712 1661 Villa.
2745 1607 2813 1661 Et
2844 1606 3017 1661 habet
3045 1604 3328 1662 bunarios
3358 1621 3463 1675 VII;
3509 1610 3569 1663 et
3614 1608 3791 1665 habet

2130 1695 2435 1751 ecclesiam
2466 1695 2773 1750 dimidiam
2823 1711 2957 1750 cum
3018 1694 3282 1750 bunariis
3339 1711 3458 1762 VIII,
3509 1700 3567 1753 et
3621 1713 3786 1752 man-

2131 1785 2284 1857 cipia
2312 1802 2387 1853 II;
2435 1788 2494 1841 et
2540 1783 2889 1840 luminarios
2935 1801 3026 1839 XV.
3078 1783 3326 1839 Solvunt
3374 1784 3529 1841 inter
3581 1802 3789 1843 omnes

370 1881 608 1938 Mansos
638 1895 776 1936 XVIII
810 1896 823 1935 ε
855 1880 1054 1935 decem
1085 1894 1153 1933 eX
1180 1876 1275 1932 his
1306 1879 1577 1931 constant
1623 1893 1726 1948 per
1773 1875 2023 1931 bunaria
2055 1907 2104 1974 Β
2134 1874 2353 1930 solidos
2385 1890 2437 1929 IV
2468 1879 2525 1929 et
2554 1874 2826 1929 denarios
2855 1890 2977 1929 VIII.

367 1988 482 2039 XII;
517 1970 658 2025 item
687 1987 724 2025 V
752 1971 1025 2025 constant
1048 1964 1312 2022 bunariis
1341 1982 1409 2031 X;
1445 1970 1563 2020 tres
1595 1964 1860 2020 bunariis
1890 1980 2022 2035 VIII;

374 2076 510 2116 cum
544 2058 727 2115 servis
776 2075 877 2125 XII,
929 2054 1160 2112 ancillis
1207 2072 1325 2109 VIII.
1362 2053 1519 2108 Facit
1565 2053 1623 2107 in
1658 2052 2031 2110 hebdomada

376 2148 503 2205 dies
557 2162 648 2215 ιιι,
710 2152 768 2202 et
822 2144 1128 2200 ladmones
1174 2160 1297 2198 VIII.
1356 2142 1466 2197 Alii
1524 2142 1786 2215 ingenui,
1823 2143 1958 2197 facit
1987 2161 2029 2199 II

376 2237 503 2294 dies
535 2235 594 2291 in
626 2235 1017 2299 hebdomodu,
1051 2237 1107 2289 et
1156 2233 1227 2288 de
1275 2230 1547 2302 ingenuis
1579 2230 1812 2286 feminis
1858 2249 1895 2287 X
1937 2249 2030 2287 ve-

377 2325 551 2382 niunt
580 2324 884 2379 ladmones
913 2341 967 2379 v.
998 2323 1079 2377 Ad
1130 2322 1267 2377 host
1314 2337 1547 2375 carrum
1580 2319 1923 2389 dimidium;
1958 2322 2031 2377 ad

376 2395 579 2470 Vineas
610 2428 843 2468 carrum
876 2428 892 2465 ι
926 2409 1261 2465 dimidium.
1296 2406 1715 2478 Unusquisque
1748 2411 1914 2477 parat
1961 2408 2033 2463 de

375 2503 552 2559 brace
582 2502 812 2557 modios
857 2517 914 2564 x,
972 2499 1042 2553 de
1077 2497 1268 2553 farina
1321 2513 1409 2563 VI;
1464 2500 1521 2551 et
1576 2499 1720 2550 nant
1749 2494 1940 2566 pullos
1968 2513 2029 2565 ιι,

379 2608 487 2649 ova
540 2608 634 2648 XX.
696 2586 1085 2645 Praebendarii
1116 2604 1172 2653 V,
1224 2584 1440 2641 lunarii
1491 2601 1683 2651 XXXVI,
1732 2582 2033 2641 luminarii

380 2698 472 2739 LX.
505 2683 661 2735 Inter
689 2695 892 2735 omnes
925 2677 1158 2733 solvunt
1182 2674 1393 2730 libram
1426 2674 1621 2729 I.Sunt
1652 2674 1731 2728 ibi
1763 2673 2033 2731 homines

378 2787 497 2840 XXI;
530 2768 632 2841 qui
662 2768 886 2823 faciunt
943 2767 1002 2821 in
1061 2781 1215 2820 anno
1267 2779 1309 2819 ιι
1361 2763 1508 2818 dies.
1544 2763 1730 2818 Habet
1768 2762 1846 2819 ibi
1881 2763 2034 2819 sedi-

382 2854 497 2911 lias
525 2873 562 2909 X
594 2854 873 2911 :veniunt
902 2851 960 2906 in
989 2851 1296 2906 incensum
1328 2850 1398 2904 de
1428 2853 1668 2920 argento
1717 2848 1890 2904 solidi
1933 2867 2035 2906 VIII

383 2948 443 3000 et
469 2942 774 2998 dimidius.
806 2936 987 2995 Tu'nel
1022 2939 1199 2994 habet
1223 2937 1470 2993 bunaria
1499 2955 1615 3003 XIV,
1635 2942 1762 2993 arat
1789 2939 2038 2995 bunaria

382 3049 423 3087 ιι
454 3035 512 3086 et
540 3029 798 3085 custodit
826 3028 1069 3101 sylvam.
1095 3025 1461 3081 Molendinos
1492 3043 1552 3080 ιιι
1576 3043 1588 3080 :
1622 3027 2036 3099 unusquisque

385 3117 559 3176 solvit
591 3117 789 3173 modia
819 3116 1046 3186 majora
1074 3118 1275 3170 XXXJn
1318 3131 1434 3168 uno
1465 3131 1618 3170 anno
1649 3115 1881 3187 saginat
1909 3134 2038 3188 por-

383 3224 483 3266 cos
516 3223 583 3275 II;
613 3205 675 3260 in
709 3203 824 3261 alio
855 3221 903 3272 I;
932 3208 987 3258 et
1038 3203 1208 3258 debet
1260 3200 1451 3274 pullos
1498 3220 1591 3271 XX,
1627 3219 1733 3258 ova
1764 3220 1847 3258 cc.
1890 3204 2034 3261 Item

2208 1961 2478 2017 XXXI.In
2510 1960 2678 2018 Scala
2707 1961 2881 2017 habet
2912 1978 3111 2017 casam
3137 1961 3621 2020 indominicatam
3655 1980 3789 2022 cum

2139 2051 2271 2108 aliis
2302 2051 2579 2119 castitiis;
2614 2052 2686 2107 de
2717 2055 2881 2123 prato
2912 2050 3161 2107 bunaria
3205 2068 3305 2120 VII,
3356 2052 3429 2108 de
3476 2056 3633 2108 terra
3674 2071 3795 2109 ara-

2138 2139 2241 2195 bili
2273 2140 2524 2196 bunaria
2549 2158 2753 2209 LXXXII,
2789 2141 2860 2196 de
2890 2144 3133 2213 pastura
3162 2141 3461 2196 communi
3494 2142 3793 2199 sufficien-

2137 2233 2245 2286 ter.
2279 2230 2484 2285 Mansa
2512 2246 2625 2298 XVI,
2660 2246 2863 2287 omnes
2896 2246 2999 2302 per
3027 2230 3279 2286 bunaria
3300 2248 3407 2300 XII;
3441 2247 3577 2287 cum
3612 2234 3794 2289 servis

2138 2335 2193 2381 V,
2227 2317 2328 2390 qui
2376 2318 2513 2373 facit
2559 2334 2597 2374 II
2645 2318 2769 2374 dies
2823 2318 2882 2374 in
2932 2318 3335 2389 hebdomada;
3369 2319 3591 2376 ancillae
3622 2337 3663 2376 II
3694 2322 3794 2393 qui

2143 2406 2278 2462 facit
2303 2406 2607 2463 ladmones
2641 2424 2717 2475 II;
2751 2407 2879 2463 aliae
2926 2407 3193 2481 ingenuae
3242 2425 3612 2482 unaquaeque
3660 2410 3795 2466 facit

2140 2495 2475 2552 ladmonem
2508 2495 2841 2552 dimidium.
2875 2498 3050 2553 Parat
3083 2498 3492 2571 unusquisque
3521 2499 3596 2555 de
3627 2499 3795 2555 brace

2143 2585 2341 2640 media
2370 2602 2427 2653 ι,
2459 2586 2529 2640 de
2570 2586 2761 2641 farina
2816 2586 3125 2653 similiter;
3187 2586 3379 2659 pullos
3438 2603 3523 2654 III,
3574 2603 3685 2644 ova
3739 2604 3793 2643 X.

2143 2674 2293 2728 Sunt
2321 2672 2402 2729 ibi
2433 2674 2815 2745 praebendarii
2846 2690 2924 2743 VI,
2956 2674 3297 2732 Adalandus
3327 2675 3505 2732 habet
3548 2675 3801 2732 bunaria

2142 2779 2238 2829 XX,
2270 2767 2398 2818 arat
2428 2763 2677 2819 bunaria
2705 2780 2789 2819 III.
2826 2763 2926 2820 llle
2959 2765 3150 2836 major
3195 2764 3375 2821 habet
3420 2782 3581 2834 XXIV;
3628 2781 3799 2821 man-

2144 2850 2297 2923 cipia
2326 2869 2364 2905 ι.

2215 2939 2430 2995 XXXII.
2466 2941 2528 2995 In
2560 2940 2741 2996 Gisna
2768 2941 2948 2997 habet
2984 2940 3293 2998 ecclesiam
3341 2959 3477 2999 cum
3528 2942 3799 2998 bunariis

2144 3044 2258 3095 XII;
2294 3029 2589 3100 mancipia
2618 3045 2701 3084 III.
2736 3030 2922 3085 Habet
2952 3029 3033 3085 ibi
3063 3047 3263 3086 casam
3308 3030 3800 3088 indominicatam

2145 3133 2281 3171 cum
2314 3115 2445 3171 aliis
2477 3117 2752 3187 castitiis;
2773 3118 2843 3174 de
2874 3123 3041 3190 prato
3072 3118 3323 3174 bunaria
3347 3135 3519 3188 LXXX;
3549 3121 3626 3176 de
3645 3125 3803 3177 terra

2146 3205 2352 3261 arabili
2395 3206 2644 3261 bunaria
2694 3221 2918 3273 CXLVIII,
2967 3206 3039 3262 de
3086 3206 3248 3279 sylva
3295 3222 3503 3279 gressa
3548 3207 3807 3265 bunaria

383 3294 788 3352 molendinum
821 3310 869 3361 I;
905 3291 1124 3347 solidos
1172 3308 1228 3346 V.
1276 3290 1608 3346 Winetmar
1646 3293 1834 3364 major
1861 3292 2037 3349 habet
2066 3273 2109 3340 (ἶ
2145 3311 2277 3362 XXX,
2335 3295 2407 3350 ad
2468 3295 2825 3368 saginandos
2894 3312 3101 3368 porcos
3158 3312 3263 3363 XX;
3331 3294 3511 3368 sylvis
3571 3298 3806 3353 minuta

382 3385 454 3441 de
485 3387 647 3457 prato
679 3381 929 3438 bunaria
953 3379 1116 3447 III,de
1146 3383 1303 3435 terra
1328 3379 1538 3435 arabili
1568 3380 1819 3436 bunaria
1857 3399 2032 3451 XXXII,

382 3474 545 3547 sylva
575 3473 806 3528 minuta
834 3470 1085 3526 bunaria
1114 3487 1169 3526 v.
1202 3469 1440 3524 Manses
1470 3486 1531 3523 II.
1567 3469 1729 3525 Facit
1760 3470 1911 3526 sicut
1942 3489 2037 3526 su-

382 3561 659 3636 periores.
695 3558 929 3615 Lunarii
963 3576 1098 3613 XVII.
1135 3557 1421 3629 Illedeger
1459 3556 1812 3614 caballarius
1861 3560 2036 3616 habet

379 3667 657 3707 mansum
706 3647 1102 3713 dominicum;
1165 3646 1238 3701 de
1296 3652 1461 3718 prato
1521 3646 1770 3701 bunaria
1807 3664 1929 3716 VIII,
1962 3649 2034 3703 de

378 3743 537 3796 terra
566 3737 772 3795 arabili
816 3736 1066 3792 bunaria
1103 3751 1261 3801 XLIII,
1304 3733 1468 3806 sylva
1516 3734 1745 3790 minuta
1786 3736 2032 3794 bunaria

378 3845 498 3885 VIII.
528 3825 770 3883 Lunarii
790 3824 1229 3880 XXI.Gcrwinus
1261 3822 1613 3879 caballarius
1644 3824 1820 3880 habet
1834 3841 2031 3881 casam

380 3915 737 3973 dominicam
790 3930 925 3969 cum
975 3913 1243 3980 castitiis,
1302 3912 1373 3967 de
1420 3915 1576 3967 terra
1621 3912 1870 3969 bunaria
1919 3931 2029 3984 XV;

379 4002 675 4076 mancipia
703 4019 764 4057 ιι.

449 4092 615 4148 XXX.
640 4092 705 4147 In
735 4089 1081 4147 Aldemhcm
1113 4088 1289 4144 habet
1320 4106 1515 4144 casam
1548 4088 2030 4148 indominicatam

377 4199 512 4238 cum
543 4180 674 4238 aliis
705 4178 985 4245 castitiis;
1036 4179 1107 4234 de
1158 4183 1324 4250 prato
1374 4178 1622 4234 bunaria
1651 4196 1746 4245 XV,
1777 4180 1848 4235 de
1876 4184 2032 4236 terra

376 4268 583 4328 arabili
629 4268 879 4325 bunaria
924 4284 1119 4336 XCVIII,
1167 4267 1329 4340 sylva
1368 4283 1574 4340 gressa
1603 4267 1851 4323 bunaria
1879 4285 1920 4323 ι.
1956 4269 2028 4325 ad

376 4358 733 4432 saginandos
764 4374 970 4429 porcos
1001 4373 1129 4424 XXX,
1164 4355 1325 4428 sylva
1355 4356 1582 4412 minuta
1613 4356 1862 4413 bunaria
1908 4375 2024 4414 LIII.

376 4449 613 4505 Manses
644 4464 715 4502 XV
742 4463 848 4518 per
891 4445 1145 4500 bunaria
1186 4462 1287 4511 XII,
1330 4461 1464 4499 cum
1513 4445 1697 4500 servis
1737 4462 1834 4501 VII.
1869 4447 2030 4502 Facit

375 4536 437 4591 in
467 4536 838 4592 hebdomada
865 4535 990 4589 dies
1021 4551 1101 4589 III.
1134 4532 1370 4589 Ancillae
1421 4551 1488 4602 II;
1540 4532 1676 4589 facit
1722 4532 2027 4591 ladmones

2145 3382 2394 3439 bunaria
2450 3402 2549 3452 XL;
2601 3384 2671 3440 de
2728 3389 2971 3457 pastura
3023 3383 3325 3441 communi
3358 3385 3805 3455 convenienter;

2144 3488 2356 3529 mansa
2400 3490 2515 3528 XVI.
2547 3475 2631 3529 EX
2679 3473 2773 3529 his
2817 3477 3088 3530 constant
3116 3490 3194 3529 VII
3221 3472 3490 3529 bunariis
3518 3490 3627 3542 VII;
3661 3475 3805 3531 item

2142 3578 2206 3616 III
2238 3566 2510 3618 constant
2538 3562 2802 3619 bunariis
2849 3580 2935 3631 XI;
2985 3562 3125 3618 item
3175 3579 3235 3618 III
3290 3561 3557 3617 bunariis
3587 3579 3664 3618 IX.
3698 3564 3805 3619 Rc-

2143 3649 2339 3705 sident
2367 3650 2427 3705 in
2458 3650 2542 3707 eis
2569 3651 2720 3706 servi
2768 3669 2844 3717 IX,
2899 3651 2999 3723 qui
3055 3650 3281 3707 faciunt
3318 3650 3379 3705 in
3428 3649 3807 3707 hebdomada

2142 3737 2200 3792 in
2233 3738 2386 3807 dies;
2418 3738 2641 3795 ancillae
2689 3757 2771 3805 III,
2824 3739 2962 3795 facit
3011 3738 3319 3795 ladmones
3350 3755 3412 3793 III
3442 3754 3455 3794 :
3485 3736 3585 3793 alii
3634 3738 3803 3811 inge—

2142 3827 2264 3894 nui,
2300 3828 2438 3883 facit
2464 3846 2504 3883 ιι
2533 3828 2659 3884 dies
2691 3828 2750 3883 in
2782 3828 3181 3896 hebdomada;
3206 3826 3329 3883 alia:
3358 3826 3803 3899 ingenuzn,facit

2141 3933 2509 3989 unaquaeque
2539 3916 2844 3973 ladmones
2875 3917 3211 3972 dimidium.
3242 3915 3327 3972 Ad
3380 3914 3515 3970 host
3563 3931 3803 3971 carrum

2140 4004 2484 4072 dimidium;
2518 4006 2590 4061 ad
2613 4007 2814 4061 vineas
2841 4022 3006 4061 carra
3022 4003 3507 4077 II.Unusquisque
3531 4003 3603 4059 de
3627 4003 3805 4059 brace

2140 4099 2309 4165 parat
2350 4093 2550 4150 media
2590 4111 2655 4163 X;
2705 4095 2778 4149 de
2826 4093 3015 4150 farina
3064 4093 3262 4150 media
3316 4110 3408 4160 VI;
3467 4090 3661 4164 pullos
3715 4110 3797 4160 III,

2139 4199 2245 4238 ova
2268 4199 2362 4237 XX.
2394 4182 2631 4237 Lunarii
2659 4199 2816 4251 XVIII,
2844 4181 3145 4238 luminarii
3182 4197 3317 4237 XCIII
3352 4198 3365 4237 :
3398 4180 3552 4236 inter
3592 4197 3800 4237 omnes

2139 4271 2369 4327 solvunt
2410 4270 2621 4327 libram
2671 4289 2690 4327 ι
2738 4275 2795 4328 et
2842 4271 3098 4327 solidum
3151 4288 3191 4339 I,
3243 4267 3479 4325 denaris
3525 4286 3647 4326 VIII.
3682 4272 3797 4325 Ho-

2139 4360 2353 4427 mines,
2386 4360 2487 4432 qui
2518 4359 2739 4415 faciunt
2786 4378 2826 4415 II
2875 4360 2999 4415 dies
3052 4360 3113 4415 in
3163 4375 3336 4427 anno,
3382 4375 3472 4413 XL.
3526 4358 3608 4414 De
3640 4362 3799 4414 terra

2137 4448 2358 4504 censali
2388 4448 2619 4504 lunaria
2663 4466 2764 4519 XII,
2819 4449 3055 4505 solvunt
3099 4447 3318 4504 solidos
3366 4464 3444 4502 IX.
3502 4447 3792 4519 Megentie

2137 4536 2314 4592 habet
2341 4536 2592 4592 bunaria
2614 4554 2722 4605 XII;
2756 4542 2846 4593 est
2874 4536 3263 4604 barbicarius,
3296 4539 3354 4591 et
3383 4536 3647 4608 providet
3679 4536 3796 4609 syl-

375 4642 438 4680 II.
481 4623 593 4679 Alii
639 4624 875 4697 ingenui
926 4624 1151 4678 faciunt
1195 4622 1256 4677 in
1311 4622 1680 4678 hebdomada
1712 4639 1751 4678 II
1782 4624 1936 4693 dies;
1973 4629 2028 4680 et
2061 4637 2105 4703 ι)
2135 4642 2289 4681 vam.
2323 4626 2393 4680 Et
2423 4629 2562 4681 sunt
2592 4626 2976 4698 praabendarii
3025 4641 3105 4682 Iv.
3148 4624 3250 4682 Ille
3312 4624 3569 4681 decanus
3622 4624 3797 4681 habet

373 4714 447 4769 de
478 4712 748 4786 ingenuis
790 4712 1023 4768 feminis
1070 4711 1313 4767 veniunt
1360 4711 1664 4767 ladmones
1694 4729 1746 4767 V.
1781 4712 1863 4766 Ad
1897 4712 2032 4769 host

374 4818 607 4858 carrum
641 4801 990 4867 dimidium;
1024 4801 1095 4855 ad
1123 4799 1323 4857 vineas
1373 4816 1607 4856 carrum
1637 4817 1655 4856 ι
1687 4799 2024 4857 dimidium.

374 4891 544 4947 Parat
571 4890 982 4963 unusquisque
1028 4890 1099 4945 de
1159 4890 1331 4944 brace
1383 4889 1581 4945 media
1627 4907 1683 4955 X,
1717 4890 1788 4945 de
1840 4889 2029 4948 farina

371 4997 429 5036 VI
464 4998 477 5037 ε
510 4984 566 5036 et
594 4980 768 5036 debet
798 4978 989 5051 pullos
1040 4996 1115 5046 IV,
1164 4995 1269 5033 ova
1315 4996 1407 5033 XX.
1458 4982 1604 5032 Sunt
1652 4977 1732 5033 ibi
1765 4979 2025 5049 praeben-

373 5068 522 5124 daI-ii
552 5086 638 5138 VI;
671 5066 887 5123 lunarii
917 5082 1073 5131 XVIII,
1106 5065 1407 5120 luminarii
1432 5083 1583 5121 XXIV.
1620 5067 1775 5122 Inter
1821 5084 2026 5124 omnes

373 5156 610 5214 solvunt
640 5156 861 5213 solidos
906 5171 1008 5209 VIII
1056 5157 1113 5208 et
1159 5153 1492 5210 dimidium.
1528 5153 1892 5211 Molendinos
1932 5174 1973 5212 II
2008 5175 2021 5214 :

372 5262 443 5303 ex
498 5261 616 5300 uno
672 5244 917 5299 veniunt
976 5241 1172 5296 modia
1220 5243 1443 5312 majora
1490 5259 1619 5309 XXX,
1671 5247 1727 5297 et
1783 5260 1852 5299 ex
1908 5244 2022 5301 alio

373 5333 574 5389 modia
615 5348 710 5386 XX.
760 5330 886 5386 Uno
933 5346 1087 5384 anno
1136 5330 1369 5402 saginat
1418 5347 1623 5402 porcos
1675 5348 1737 5398 II,
1797 5332 1910 5388 alio
1967 5351 2020 5401 I;

374 5420 571 5494 pullos
595 5436 689 5489 XX,
722 5435 828 5474 ova
856 5434 939 5473 cc.
970 5418 1131 5483 Quod
1165 5416 1568 5474 melendinum
1600 5419 1775 5475 habet
1816 5421 2019 5478 Other-

451 5612 696 5679 (85)Hzec
717 5628 823 5685 veX
853 5610 1021 5666 nobis
1041 5610 1269 5667 videtur
1289 5629 1500 5668 nomen
1518 5615 1591 5668 ad
1611 5614 1927 5685 quemdam
1948 5614 2030 5671 lo-

381 5701 516 5742 cum
543 5683 932 5752 referendum,
949 5698 1051 5738 nec
1074 5700 1204 5739 vero
1236 5685 1569 5757 acceptione
1600 5683 1899 5742 communi
1930 5704 2033 5743 su-

2144 4714 2393 4770 bunaria
2420 4732 2453 4769 V
2482 4715 2554 4770 ad
2587 4715 2980 4787 praebendam.
3012 4714 3373 4783 Harduinus,
3426 4713 3793 4780 ferbicarius,

2141 4802 2318 4858 habet
2377 4802 2627 4859 bunaria
2680 4817 2776 4858 VIII
2829 4803 2903 4859 ad
2961 4803 3355 4876 praebendam.
3401 4802 3792 4870 Theodratus,

2140 4891 2700 4958 caballarius,habet
2719 4892 2967 4949 bunaria
2985 4892 3383 4948 XI.Stiwimus
3405 4891 3585 4947 habet
3608 4892 3794 4947 buna-

2138 4980 2226 5035 ria
2252 4997 2367 5050 XII;
2401 4985 2528 5035 arat
2558 4980 2789 5037 binaria
2819 4999 2888 5050 II;
2921 4982 3025 5037 dat
3053 4998 3217 5037 carra
3247 4982 3319 5037 ad
3358 4981 3653 5036 Wadnam
3689 4981 3792 5052 (85)

2137 5074 2194 5124 et
2224 5070 2295 5124 ad
2332 5069 2776 5126 monasterium.
2811 5071 2891 5127 De
2940 5070 3206 5127 bunariis
3236 5088 3294 5126 XI
3322 5073 3381 5126 et
3410 5068 3726 5142 mancipiis
3754 5086 3792 5124 II

2134 5157 2378 5213 veniunt
2398 5158 2469 5214 de
2492 5158 2604 5215 mel
2640 5159 2873 5216 sextarii
2902 5177 2980 5216 VI.
3015 5161 3156 5216 Item
3187 5159 3259 5215 de
3286 5158 3554 5215 bunariis
3595 5175 3650 5214 VI
3701 5174 3791 5213 ve-

2135 5245 2306 5301 niunt
2336 5247 2523 5319 pisces
2574 5249 2775 5319 qnanti
2827 5253 3096 5320 possunt.
3150 5248 3229 5304 De
3274 5253 3435 5304 terra
3483 5246 3705 5303 censali
3736 5244 3794 5301 ln

2133 5334 2380 5401 colonia,
2416 5340 2474 5391 et
2504 5336 2575 5391 de
2608 5337 2890 5405 frecariis,
2920 5338 3167 5394 veniunt
3197 5338 3268 5393 de
3301 5337 3627 5393 formaticis
3660 5351 3795 5409 pen-

2131 5439 2207 5479 sae
2242 5441 2331 5479 LX.
2364 5423 2464 5480 Ille
2498 5426 2687 5497 major
2733 5425 2911 5482 habet
2965 5443 3243 5483 mansum
3289 5424 3674 5483 dominicum.
3706 5424 3793 5480 De

2142 5619 2817 5696 menda,uti_conjicitur
2844 5623 2999 5696 apud
3024 5619 3521 5696 Ducangium,ubi
3543 5623 3795 5693 stagnum

2143 5689 2339 5746 valere
2369 5689 2762 5749 crediderunt.
