3882 6512
284 541 440 602 1239

1351 544 1717 616 FOLQIYINI
1766 544 1830 604 S.
1878 543 2194 604 BERTINI
2241 541 2624 604 MONACHI.

3546 542 3715 605 1240

280 674 605 732 Munninio.
641 674 903 747 Stipatus
945 675 1138 747 itaque
1173 676 1571 741 multitudine,
1624 695 1758 732 cum
1794 677 1924 749 ipso
1957 679 2011 745 Α
2042 693 2183 734 auro
2214 676 2668 748 margaritisque
2700 674 2942 731 miriﬁce
2969 674 3310 749 insignitam
3347 676 3485 749 (87).
3510 677 3707 751 Hujus

281 765 624 836 crepusculo
648 782 710 820 se
740 782 843 836 per
864 765 1022 819 illam
1047 767 1399 837 pertransire
1424 767 1930 833 auimzulverteret,

290 854 487 910 subito
520 870 580 909 se
610 853 670 907 in
700 857 856 909 terra
897 855 1060 923 jecit.
1109 856 1373 926 Cumque
1407 857 1665 911 adversis
1698 856 1828 911 telis
1861 856 1935 910 ab

286 943 542 999 inimicis
566 944 1220 999 ducentibustondcndo
1245 951 1548 1014 cogeretur
1572 950 1932 1015 uisui-geret,

288 1037 345 1087 et
368 1032 465 1087 ille
497 1050 557 1087 se
576 1036 1071 1102 protestarctursc
1096 1033 1443 1088 nullomodo
1457 1034 1727 1097 velle,st
1747 1034 1934 1099 magis

286 1120 431 1176 inihi
468 1138 570 1192 pro
593 1121 817 1175 Christo
850 1126 1141 1193 appetere,
1177 1124 1397 1177 crebris
1430 1123 1767 1177 lancearum
1803 1125 1932 1177 fun-

288 1210 579 1265 ctionibus
614 1212 933 1281 perfossus,
981 1230 1097 1266 uno
1150 1230 1282 1265 cum
1317 1212 1619 1281 sanguinis
1653 1212 1935 1267 effusione

288 1300 544 1353 animam
573 1300 780 1353 efflans
810 1300 1038 1355 Christo
1072 1300 1291 1355 libavit.

286 1406 637 1461 XXXVII.Dc
657 1409 1055 1461 rcstaurafz'mzc
1072 1408 1403 1471 monasterii,
1440 1411 1491 1461 at
1517 1407 1582 1461 (te
1614 1407 1786 1463 illmso
1807 1425 1937 1463 casu

787 1479 1073 1547 cujusdam
1112 1480 1468 1548 carpmztarii.

359 1566 497 1621 Post
544 1565 903 1620 discriminis
970 1566 1191 1637 prazfati
1242 1566 1671 1631 liberationem,
1730 1568 1938 1624 fratres

290 1657 557 1728 ejusdem
590 1656 835 1711 ccenobii
860 1656 1288 1723 c-mvenientes,
1314 1656 1705 1711 communiter
1731 1660 1940 1712 tracta-

291 1750 502 1801 verunt
534 1749 597 1801 ut
626 1749 777 1800 tecta
800 1744 1178 1800 ecclesiarum
1204 1749 1657 1817 caeterarumque
1681 1746 1940 1801 officina-

295 1852 428 1889 rum
463 1834 713 1906 pleniter
760 1835 1127 1889 resarcirent.
1163 1835 1346 1902 Quod,
1388 1835 1541 1890 sicut
1571 1854 1807 1891 summa
1838 1837 1937 1891 dc-

287 1924 517 1979 votione
539 1923 1001 1993 estinchoatum,
1026 1924 1109 1979 ita
1128 1925 1380 1980 velocius
1404 1942 1577 1996 quam
1599 1927 1935 1997 putabatur,

290 2017 406 2068 Deo
439 2014 768 2083 adiuvante,
803 2013 1194 2084 pulcherrime
1226 2019 1315 2069 est
1368 2016 1718 2085 perfectum;
1753 2015 1933 2071 eccle-
1970 2054 2017 2118 Β

290 2104 494 2174 siaque
516 2102 700 2158 sancti
716 2103 930 2157 Bertiui
957 2103 1256 2157 celerrime
1279 2104 1586 2171 estextitit,
1604 2104 1751 2159 miro
1767 2122 1939 2176 opere

289 2191 533 2264 plumbo
548 2196 839 2263 cooperta,
870 2193 968 2246 sed
994 2196 1049 2246 et
1080 2191 1291 2247 turillee
1324 2194 1510 2263 ipsius
1540 2195 1695 2247 mira:
1721 2194 1942 2265 magni-

288 2280 513 2336 tudinis
545 2280 947 2351 mirabilisque
971 2281 1219 2348 fabricac,
1247 2283 1599 2337 studuerunt
1631 2283 1936 2337 (edificare.

289 2370 468 2439 Cujus
491 2368 792 2441 longitudo
816 2370 1191 2425 consistentis
1216 2371 1269 2423 in
1296 2375 1509 2425 terram
1533 2373 1802 2442 aequabat
1819 2371 1942 2425 alti-

287 2459 552 2513 tudinem
568 2459 844 2513 culminis
865 2457 1117 2513 ccclesire
1137 2460 1228 2514 cui
1258 2477 1320 2514 su
1334 2462 1767 2531 perponendum
1785 2465 1937 2516 erat:

291 2565 397 2602 nec
446 2548 702 2613 mirum;
737 2549 980 2616 tristega
1029 2549 1183 2603 enim
1232 2549 1360 2620 (hoc
1418 2554 1506 2604 est
1546 2549 1940 2604 tricameratio

290 2635 499 2707 ipsius)
517 2637 706 2691 tribus
733 2637 1036 2691 Ordinibus
1057 2637 1207 2692 facta
1230 2641 1414 2703 erant,
1439 2642 1677 2709 excepta
1707 2655 1944 2693 summa

293 2723 645 2780 claxendice.
673 2726 871 2796 Itaque
908 2725 1161 2780 ecclesia:
1195 2727 1564 2797 suppositum
1586 2744 1717 2781 cum
1740 2726 1944 2781 trium-

290 2813 686 2885 phalesanctz-n
713 2815 900 2869 crucis
924 2815 1177 2885 desuper
1190 2815 1507 2886 erigeretur
1524 2816 1943 2886 signum,unus

292 2903 609 2969 artiﬁcum,
654 2903 887 2957 nomine
935 2904 1161 2967 Bertus,
1198 2908 1360 2957 stans
1391 2904 1660 2973 desuper,
1697 2903 1945 2975 arripuit

293 2990 597 3058 malleum,
612 2994 667 3044 et
680 2990 845 3060 quasi
864 2989 1257 3057 gratulabund
1270 3009 1335 3044 us
1359 3008 1458 3061 pro
1475 2990 1945 3061 appropinquata

292 3093 439 3150 pene
468 3078 975 3132 consummatione
1009 3081 1126 3131 tam
1153 3076 1285 3131 miri
1317 3077 1529 3148 operis,
1564 3078 1743 3133 ictum
1765 3079 1941 3134 veluti

283 3166 580 3235 jactanter
598 3164 833 3235 longius
854 3165 1266 3235 incautejecit,
1288 3166 1411 3228 sed,
1445 3165 1621 3221 eheu!
1648 3167 1942 3223 resiliente

288 3258 416 3309 roto
447 3257 503 3309 et
539 3253 858 3324 quatiente,
893 3252 1172 3308 vacillans
1204 3254 1570 3326 pedibusque
1617 3255 1938 3322 lubricans,

287 3343 358 3398 de
388 3346 553 3398 tanta
581 3342 917 3405 altitudine,
950 3358 1204 3413 praeceps
1230 3347 1385 3398 terra
1407 3348 1578 3399 tenus
1599 3346 1775 3399 venit.
1808 3346 1942 3410 Sed,

2046 771 2240 821 autem
2276 772 2439 838 pater
2468 767 2793 830 Hunrocus,
2845 783 2994 837 quos
3026 783 3207 838 supra
3231 766 3517 823 memoria
3544 769 3708 824 exei-

2046 855 2150 923 dit,
2184 855 2241 909 in
2276 854 2626 911 monasterio
2659 855 2850 910 Sithiu
2884 872 3113 910 comam
3162 856 3371 927 capitis
3403 858 3705 929 deposuit,

2048 945 2577 1016 monachicumque
2614 944 2905 1009 habitum,
2932 945 3076 1015 jugo
3108 961 3169 1000 se
3201 945 3415 1001 Christi
3450 947 3706 1002 submit-

2045 1038 2195 1099 tens,
2248 1034 2612 1105 desumpsit;
2674 1038 2730 1087 et
2775 1034 2912 1104 quia
2942 1050 3136 1089 comes
3175 1039 3300 1089 erat
3347 1035 3705 1102 ditissimus,

2046 1122 2401 1177 haereditatis
2427 1141 2543 1177 sum
2562 1122 2877 1178 maximam
2901 1126 3125 1194 partem
3148 1124 3386 1194 praefato
3410 1130 3711 1181 monaste-

2046 1212 2131 1265 rio
2164 1217 2249 1266 est
2299 1212 2561 1282 largitus.
2608 1213 2687 1266 Ex
2719 1211 2934 1283 quibus
2987 1228 3104 1266 una
3134 1216 3221 1267 est
3266 1212 3426 1279 villa,
3476 1214 3709 1270 Hunela

2047 1300 2559 1371 dictam,quameo
2585 1304 2784 1355 tenore
2817 1300 3190 1367 contradidit,
3216 1304 3281 1354 ut
3303 1306 3501 1357 custos
3526 1303 3709 1359 eccle-

2048 1389 2145 1442 sia:
2180 1390 2249 1443 ad
2282 1405 2455 1459 quem
2488 1406 2616 1444 eam
2640 1388 3086 1456 tradidit,annis
3120 1388 3391 1461 singulis,
3426 1393 3706 1464 postejus

2045 1478 2173 1531 vitae
2215 1478 2543 1545 decessum,
2599 1480 2658 1533 in
2710 1479 2840 1549 ejus
2887 1479 3361 1534 anniversarium
3421 1483 3703 1549 annuale,

2045 1567 2254 1621 exinde
2287 1568 2566 1622 fratribus
2590 1572 2939 1639 praepararet
2966 1567 3335 1640 obsequium.
3369 1570 3475 1635 Qui
3499 1575 3707 1642 postea

2047 1655 2191 1710 inibi
2222 1656 2553 1723 defunctus,
2607 1673 2803 1711 coram
2851 1655 3034 1712 altare
3066 1657 3253 1712 sancti
3287 1658 3608 1723 Laurentii,
3644 1662 3706 1715 in

2049 1745 2290 1800 sinistra
2315 1752 2477 1817 parte
2525 1744 3002 1817 ingredientium,
3045 1751 3134 1801 est
3163 1746 3466 1813 humatus,
3500 1748 3707 1807 Idibus

2048 1834 2414 1895 Novembris:
2437 1833 2683 1905 ipsoque
2701 1834 2793 1889 die
2825 1851 2940 1906 quo
2970 1839 3027 1889 et
3059 1834 3342 1890 festivitas
3372 1835 3711 1893 translatio-

2049 1924 2141 1978 nis
2173 1924 2356 1978 sancti
2394 1923 2659 1995 Folquini
2695 1929 2752 1978 et
2783 1924 2967 1978 sancti
3001 1923 3205 1979 Briccii
3239 1925 3528 1996 depositio
3560 1925 3711 1982 cele-

2049 2012 2270 2079 bratur,
2302 2013 2443 2068 satis
2474 2012 2821 2081 lautissima,
2857 2013 2939 2067 uti
2972 2014 3234 2069 custodis
3268 2029 3439 2086 posse
3469 2018 3582 2081 est,
3616 2032 3707 2071 re-

2050 2101 2218 2156 fectio
2242 2101 2547 2157 hactenusi
2574 2102 2849 2157 fratribus
2877 2102 3200 2158 exhibetur.
3227 2104 3441 2159 Eodem
3467 2120 3709 2176 quoque

2049 2194 2330 2261 tempore,
2353 2192 2565 2264 Zeppo,
2591 2191 2862 2257 vicarius,
2887 2191 3064 2245 simili
3088 2190 3371 2264 exemplo,
3405 2193 3465 2248 in
3496 2193 3707 2250 eodem

2050 2280 2405 2335 monasterio
2429 2285 2720 2344 attonsus,
2744 2280 3015 2336 monachi
3036 2280 3305 2337 habitum
3327 2286 3416 2337 est
3429 2282 3705 2354 adeptus.

2245 2369 2479 2423 XXXIX.
2517 2374 2593 2426 De
2623 2370 2910 2441 Ilum/“ride
2940 2372 3183 2441 ρμτζςίξορο
3213 2379 3263 2425 et
3293 2371 3502 2426 abbate.

2127 2459 2261 2512 Post
2290 2463 2535 2513 mortem
2571 2460 2939 2530 quoquejam
2971 2459 3109 2513 dicti
3145 2459 3374 2515 abbatis
3403 2459 3704 2529 Adalardi,

2051 2546 2251 2622 eodem
2274 2564 2425 2600 anno
2442 2548 2570 2616 (88),
2587 2547 2953 2614 Humfridus;
2974 2547 3373 2603 Taruanensis
3389 2548 3705 2622 episcopus

2052 2640 2107 2690 et
2141 2612 2501 2689 Prumiensis
2534 2636 2869 2691 monasterii
2916 2636 3262 2704 monachus,
3288 2641 3446 2692 totus
3478 2637 3618 2693 cleri
3651 2644 3709 2694 et

2053 2723 2252 2795 populi
2282 2725 2533 2795 optione,
2561 2724 2857 2779 abbatiam
2883 2725 3193 2796 regendam
3221 2726 3477 2797 suscepit
3505 2726 3707 2782 Idibus

2054 2812 2266 2879 Martii,
2294 2817 2523 2867 tantum
2570 2817 2807 2883 propter
2855 2830 3116 2868 amorem
3165 2818 3223 2869 et
3264 2814 3535 2869 timorem
3578 2814 3703 2870 Dei.

2053 2902 2188 2955 Erat
2221 2902 2403 2957 isdem
2437 2902 2911 2974 Humfridus,qui
2955 2903 3123 2957 beato
3167 2902 3447 2974 Folquino
3481 2919 3713 2960 succes-

2055 2994 2209 3044 serat
2238 2989 2298 3043 in
2321 2990 2682 3061 episcopatu,
2716 2992 2805 3044 vir
2833 2991 2995 3045 omni
3021 2992 3282 3046 bonitate
3306 2996 3364 3046 et
3396 2993 3712 3048 sanctitate

2052 3077 2320 3132 refertus.
2358 3078 2523 3132 Rexit
2554 3083 2747 3133 autem
2779 3077 2931 3133 hanc
2962 3081 3369 3134 tantummodo
3404 3098 3507 3152 per
3536 3082 3711 3137 bien-

2053 3165 2239 3220 nium.
2264 3167 2382 3221 Sub
2406 3182 2522 3236 quo
2554 3168 2795 3237 quidam
2820 3166 3237 3237 Mcgenfridus,
3258 3184 3292 3221 a
3318 3174 3484 3238 patre
3516 3169 3712 3225 Ruod-

2050 3253 2249 3309 waldo
2300 3253 2554 3320 oblatus,
2601 3254 2854 3309 efﬁcitur
2902 3253 3266 3321 monachus;
3312 3271 3448 3309 cum
3501 3274 3622 3328 quo
3654 3262 3714 3313 et

2053 3341 2486 3412 portiunculam
2520 3358 2637 3395 sua:
2664 3340 3036 3413 proprietatis
3068 3341 3124 3394 in
3160 3358 3308 3413 pago
3340 3340 3704 3414 Bononensi,

287 3432 505 3487 mirum
539 3431 717 3501 dictu,
741 3431 1070 3487 mirabilius
1102 3431 1340 3499 miratu,
1387 3432 1611 3488 nullam
1642 3433 1937 3489 lmsionem
1969 3421 2011 3489 C
2053 3431 2110 3485 in
2143 3430 2268 3485 loco
2301 3435 2676 3502 nuncupante
2698 3430 3288 3502 Diorwaldingatum,
3315 3430 3370 3484 id
3404 3435 3495 3485 est
3522 3432 3709 3489 buna—

285 3538 517 3593 passus,
544 3521 685 3594 quin
710 3521 883 3577 etiam
923 3522 1145 3577 risibile
1166 3526 1222 3576 et
1254 3522 1563 3594 plausibile
1586 3540 1934 3594 responsum

286 3611 749 3678 occurrentibus,
775 3614 827 3665 et
852 3628 1063 3682 aquam
1089 3610 1200 3665 sibi
1234 3627 1337 3681 pro
1362 3610 1782 3668 refocillatione
1805 3616 1939 3670 olfe-

284 3699 570 3768 rentibus,
597 3699 724 3757 sine
753 3700 971 3755 doloris
1004 3700 1293 3754 anxietate
1324 3699 1586 3771 protulit,
1640 3702 1841 3757 dicens
1874 3722 1935 3760 se

276 3788 501 3861 jugiter
531 3788 724 3860 potius
780 3789 924 3844 velle
973 3789 1133 3844 sitim
1182 3789 1315 3843 vino
1366 3787 1714 3860 restringere
1757 3809 1933 3863 quam

284 3894 456 3948 aqua,
490 3894 595 3933 nec
626 3877 820 3933 oblato
850 3883 989 3933 tunc
1019 3895 1187 3949 egere
1229 3877 1466 3949 limphae
1510 3877 1752 3950 liquore.
1776 3882 1931 3936 Arti~

283 3966 421 4020 ﬁces
444 3969 660 4031 autem,
686 3966 795 4020 hac
826 3967 895 4020 de
922 3984 1119 4031 causa,
1146 3968 1359 4021 nedum
1376 3967 1643 4022 dicamus
1667 3969 1930 4036 animati,

280 4070 483 4108 verum
533 4058 590 4109 et
648 4056 926 4119 roborati,
974 4055 1312 4109 inchoatum
1362 4072 1510 4126 Opus
1561 4057 1934 4128 expleverunt

281 4146 618 4197 constantes
650 4148 707 4198 et
736 4143 851 4198 laeti
878 4162 887 4203 :
943 4161 1048 4199 nec
1081 4145 1301 4199 exstitit
1332 4145 1576 4200 dubium
1610 4146 1719 4203 alis
1752 4148 1928 4204 inter-

278 4230 611 4287 cessionum
642 4232 797 4287 beati
844 4233 1027 4305 patris
1073 4233 1312 4299 Bertini,
1347 4235 1439 4288 cui
1484 4235 1739 4304 servivit,
1774 4237 1929 4294 hunc

276 4320 460 4377 fuisse
492 4322 891 4393 deportatum.

518 4410 803 4468 XXXVIII.
835 4414 909 4468 De
952 4420 1124 4467 morte
1156 4411 1419 4467 Azlalardz'
1450 4414 1684 4469 abbatis.

350 4499 533 4570 Igitur
553 4500 646 4556 his
672 4500 935 4572 expletis,
952 4518 1104 4555 anno
1120 4499 1432 4555 Dominicae
1456 4502 1779 4559 nativitatis
1799 4505 1925 4570 86l,

274 4587 511 4643 abbatia
532 4590 657 4659 jam
690 4590 844 4645 dicto
867 4589 1116 4661 Hulgoni
1140 4588 1354 4655 ablata,
1389 4589 1604 4645 iterum
1637 4591 1925 4649 Adalardo

274 4679 363 4730 est
392 4677 619 4732 reddita
646 4696 744 4733 VIII
791 4678 912 4733 Kal.
959 4678 1228 4749 Augusti,
1283 4695 1436 4732 anno
1488 4680 1651 4751 regni
1699 4683 1925 4752 praefati

275 4764 428 4836 regis
459 4764 648 4821 Caroli
678 4784 771 4821 xxr
805 4769 933 4837 (86),
984 4768 1086 4823 sed
1134 4784 1249 4822 non
1294 4766 1463 4833 hanc,
1508 4769 1617 4824 nisi
1672 4769 1922 4825 triennio
1954 4791 2000 4856 Ι)

273 4859 405 4925 post
450 4852 591 4921 haec,
645 4857 810 4912 rexit.
857 4859 1023 4912 Anno
1086 4871 1341 4927 namque
1389 4874 1463 4923 ιν,
1521 4859 1674 4929 apud
1735 4861 1920 4915 sancti

269 4943 520 4998 Amandi
552 4945 974 5001 monasterium
998 4949 1307 5015 aegrotans.
1334 4944 1509 5001 exivit
1529 4946 1829 5003 hominem
1855 4967 1917 5004 ιη

270 5030 465 5087 Nonas
489 5033 808 5097 Februarii,
843 5035 942 5105 qui
974 5038 1097 5088 erat
1130 5050 1321 5088 annus
1353 5034 1669 5090 Dominicm
1704 5038 1916 5091 nativi-

268 5120 377 5175 tati
407 5123 531 5187 864,
588 5123 973 5193 sepultusque
1018 5127 1107 5177 est
1136 5121 1195 5175 in
1227 5122 1429 5176 eodem
1471 5126 1825 5181 monasterio
1857 5127 1914 5182 in

270 5209 477 5280 cripta,
512 5210 870 5266 intrantibus
914 5212 972 5264 in
1022 5210 1202 5265 latere
1245 5210 1505 5267 sinistro.
1551 5213 1653 5269 Hic
1695 5221 1913 5285 autem,

268 5296 423 5351 inter
469 5296 696 5367 reliqua
743 5299 986 5353 donaria
1033 5315 1160 5369 quae
1203 5298 1341 5352 huic
1372 5316 1534 5355 sacro
1566 5302 1691 5357 loco
1722 5303 1913 5358 Sithiu

266 5383 575 5451 concessit,
592 5385 1080 5456 deditquamdam
1103 5385 1362 5442 casulam
1387 5386 1576 5443 colore
1598 5407 1914 5463 purpureo,

337 5489 450 5559 (86)
484 5489 755 5543 Fortasse
786 5491 1000 5545 rectius
1030 5508 1166 5544 xxii.

337 5558 449 5629 (87)
481 5560 617 5614 Post
650 5563 972 5628 inm’gm’tam
1005 5562 1218 5631 legitur
1268 5558 1324 5631 in
1353 5562 1478 5614 cod.
1513 5564 1636 5619 Aud
1665 5583 1676 5620 :
1712 5590 1741 5617 ‹‹
1782 5569 1915 5631 Quae

264 5646 451 5707 psque
482 5632 548 5707 ad
584 5636 849 5707 tempora
880 5629 1086 5707 domui
1110 5629 1380 5707 Antonini
1406 5632 1711 5706 deBergis,
1740 5629 1917 5707 hujus

259 5700 371 5756 loci
404 5703 653 5763 abbatis,
689 5710 1022 5758 eonservata
1059 5705 1186 5761 fuit.
1224 5707 1285 5755 ut.
1318 5710 1517 5771 postea
1550 5700 1767 5763 mentio
1798 5700 1914 5766 cla-

262 5774 393 5852 rius
419 5774 544 5830 fleri
592 5774 848 5852 poterit).
875 5775 1099 5852 volente
1152 5772 1403 5852 Christo,
1439 5779 1561 5852 sub
1590 5797 1704 5851 quo
1736 5781 1916 5852 hujus

264 5845 486 5916 pagina:
512 5842 1035 5917 scriptor,Alardus
1048 5848 1334 5919 peccator,
1360 5842 1625 5906 habitum
1645 5842 1918 5909 monachi

2047 3521 2132 3576 ria
2161 3538 2260 3587 xu,
2305 3526 2372 3574 ut
2422 3518 2582 3574 filius
2626 3521 2753 3589 ejus
2803 3535 2983 3589 supra
3024 3522 3385 3574 memoratus
3433 3519 3705 3578 debitum

2046 3610 2440 3665 monasticam
2476 3609 2533 3663 in
2582 3609 2737 3663 victu
2770 3608 3103 3680 vestituque
3154 3607 3299 3662 inibi
3348 3607 3565 3665 habere
3608 3612 3710 3666 de-

2044 3698 2226 3754 beret.

2206 3786 2569 3841 XL.Tradz'tz'o
2602 3785 2879 3841 Rodwaldi
2907 3784 2971 3839 de
3003 3783 3539 3857 Diorwaldz'ngatum

2116 3877 2241 3948 (864
2273 3877 2355 3929 vel
2385 3877 2532 3945 865.)
2567 3896 2594 3923 ‹‹
2648 3876 2707 3929 In
2743 3874 2973 3929 Christo
3022 3874 3239 3929 domno
3270 3880 3327 3928 et
3378 3876 3699 3932 venerabili

2042 3965 2192 4038 patri
2226 3964 2554 4029 Humfrido,
2588 3964 2859 4035 episcopo
2891 3967 3065 4035 atque
3113 3962 3308 4017 abbati
3354 3966 3701 4020 monasterii

2043 4056 2227 4110 sancti
2261 4052 2431 4119 Petri,
2482 4053 2764 4108 vocabulo
2798 4052 3012 4119 Sithiu,
3064 4055 3524 4123 sanctorumque
3556 4069 3706 4109 con-

2044 4144 2332 4197 fessorum
2364 4142 2679 4196 Audomari
2707 4146 2880 4212 atque
2911 4140 3147 4195 Bcrtini.
3186 4140 3320 4212 Ego,
3354 4139 3411 4194 in
3457 4141 3557 4196 Dei
3590 4159 3702 4199 no-

2041 4233 2220 4299 mine,
2256 4230 2958 4299 Roudwaldus,traditor,
2995 4230 3259 4301 perhanc
3284 4230 3560 4301 paginam
3587 4236 3703 4288 tra-

2041 4320 2299 4383 ditionis,
2333 4320 2501 4375 trado
2552 4320 2623 4374 ad
2672 4320 2978 4391 praefatum
3033 4319 3455 4376 monasterium
3506 4321 3697 4376 sancti

2036 4410 2189 4465 Petri
2224 4407 2653 4481 portiunculam
2688 4407 3061 4480 proprietatis
3094 4424 3235 4462 mea;
3253 4408 3311 4461 in
3335 4424 3484 4478 pago
3508 4409 3693 4466 Bono-

2039 4498 2225 4563 nensi,
2260 4498 2319 4552 in
2350 4496 2475 4552 loco
2508 4502 2884 4569 nuncupante
2915 4495 3700 4569 Diorwaldingatum,super

2038 4588 2409 4643 ﬂuviolum...
2430 4586 2543 4657 (89)
2560 4586 2897 4642 bunariam
2911 4591 2965 4641 et
2979 4585 3358 4657 mancipiaiv.
3379 4602 3446 4640 ea
3460 4587 3695 4643 ratione

2037 4685 2101 4733 ut
2131 4675 2289 4731 filius
2320 4692 2488 4731 meus
2530 4675 2945 4746 Megenfridus,
2996 4675 3260 4745 quandiu
3296 4674 3601 4740 advixerit,
3636 4676 3693 4731 in

2038 4766 2165 4838 ipso
2198 4765 2452 4820 camobio
2484 4763 2750 4819 debitum
2784 4763 3179 4818 monasticum
3228 4763 3285 4816 in
3319 4765 3482 4816 vesta
3510 4764 3691 4819 vesti-

2031 4858 2214 4923 tuque
2248 4852 2496 4924 pleniter
2544 4851 2821 4907 obtineat.
2854 4852 2958 4906 Est
2988 4855 3184 4906 autem
3212 4850 3412 4922 petitio
3444 4867 3597 4915 mea,
3628 4857 3693 4907 ut

2031 4942 2221 5013 ipsam
2248 4945 2463 4995 terram
2487 4940 2749 5010 quandiu
2764 4940 2978 5004 vixero,
3002 4936 3084 4996 ad
3101 4956 3276 4994 usum
3297 4940 3688 4996 fructuarium

2028 5028 2363 5085 sensualem
2400 5034 2648 5096 teneam,
2674 5028 2904 5085 solvens
2936 5028 3060 5083 Kal.
3096 5028 3440 5084 Novembris
3483 5044 3687 5085 mona-

2027 5119 2154 5175 chis
2177 5119 2303 5190 jam
2336 5118 2473 5172 dicti
2527 5117 2866 5173 monasterii
2916 5118 3144 5189 argenti
3192 5116 3513 5184 solidosn;
3546 5118 3685 5190 ipsi-

2027 5225 2139 5280 que
2171 5211 2300 5279 post
2324 5223 2520 5261 meum
2554 5207 2800 5274 obitum,
2825 5207 3093 5262 eamdem
3120 5211 3338 5261 terram
3374 5204 3445 5260 ad
3473 5206 3690 5261 utilita-

2027 5303 2140 5352 tem
2177 5296 2493 5369 propriam,
2530 5296 2654 5350 sine
2686 5295 2804 5350 ulla
2833 5296 3270 5361 contrarietate,
3295 5294 3600 5366 recipiant.
3624 5295 3683 5350 Si

2029 5387 2160 5459 quis
2188 5403 2339 5451 vero,
2376 5385 2529 5457 quod
2555 5385 2821 5440 futurum
2836 5400 2967 5440 esse
2997 5401 3113 5440 non
3138 5384 3330 5452 credo,
3355 5383 3405 5438 si
3429 5399 3537 5456 ego
3559 5384 3682 5456 ipse

2028 5498 2083 5549 et
2115 5490 2494 5564 professionis
2516 5491 2790 5563 sumpsit,
2816 5490 2919 5564 illi
2935 5490 3192 5564 serviens
3222 5491 3281 5545 in
3309 5487 3679 5564 capellanum

2028 5560 2142 5636 pro-7
2189 5564 2326 5636 anni
2390 5560 2727 5636 praesentis,
2777 5562 2850 5636 ab
2906 5561 3311 5636 incarnatione
3359 5560 3678 5617 Salvatoris

2029 5632 2327 5690 iuillesimi
2359 5632 2819 5704 quingentesimi
2848 5634 3005 5700 noni,
3038 5632 3347 5690 curriculo.
3384 5655 3411 5682 »

2097 5710 2208 5777 (88)
2241 5709 2404 5760 Anno
2437 5708 2559 5760 864.

2098 5780 2209 5849 (89)
2244 5778 2478 5833 Vacuus
2510 5780 2597 5832 est
2627 5776 2882 5833 nominis
2916 5776 3103 5832 locus.
