1941 3248
98 271 173 302 1241

765 62 1277 72 fw

792 274 1117 307 CIIAIITULARIUM.

1734 275 1811 307 1242

96 339 187 375 (quod
204 338 292 375 absit)
309 340 360 366 aut
374 338 453 367 ullus
469 339 504 367 de
520 339 684 369 hrcredibus
711 342 761 369 aut
784 341 928 377 prohare-
944 343 971 377 Α
986 345 1014 371 et
1029 343 1117 372 aliam
1132 345 1242 372 terram
1258 343 1398 372 arabilem
1414 345 1442 372 et
1457 344 1585 381 pratum,
1601 342 1811 372 bunariaxxxn

96 385 186 413 dibus
210 384 293 419 meis,
317 393 367 412 seu
391 385 530 421 quislibet
558 388 723 420 extraneus,
749 386 818 414 huic
840 388 929 415 tradi-

96 430 168 458 tioni
182 429 362 457 calumniam
377 429 519 464 intulerit,
537 430 732 467 distringente
747 431 825 465 ﬁsco,
842 432 929 459 libra-

95 483 163 502 rum
178 483 235 502 xxx
252 474 398 502 solutione
415 475 557 502 multetur
571 484 577 508 ;
596 483 647 503 nec
664 475 702 503 sit
717 477 794 511 quod
825 477 931 512 repetit

96 519 250 553 evindicet,
269 519 319 547 sed
340 519 401 546 hzec
430 520 547 547 traditio
574 520 653 547 omni
685 522 816 556 temporc
845 521 930 548 ﬁrma

97 565 269 600 permaneat
284 572 350 591 cum
368 563 555 599 stipulatione
566 564 700 592 subnixa.

135 621 149 634 «
172 610 275 636 Actum
306 609 401 636 Sithiu
433 609 620 642 monasterio,
647 609 676 637 in
703 609 824 637 ecclesia
852 610 928 637 beati

97 654 176 681 Petri
192 653 326 690 apostoli,
343 662 419 681 anno
431 663 507 687 xxvr,
524 656 664 690 regnante
691 655 798 682 domno
828 655 929 682 Carolo

100 707 180 735 rege.

134 754 148 768 «
164 743 286 779 Signum
303 743 477 770 Roudwaldi
493 743 542 779 qui
559 743 635 771 hanc
650 743 837 772 traditionem
863 744 930 771 fecit

95 786 294 823 ﬁrmavitque.

133 844 147 858 «
161 833 284 869 Signum
300 833 468 860 Trudberti.
485 833 609 869 Signum
624 833 771 866 Hucberti,
787 833 928 861 advocati.

93 877 223 914 Signum
240 877 379 912 Adalgisi.
397 877 521 913 Signum
537 877 690 905 Guntardi.
707 878 830 913 Signum
849 877 929 905 Hild-

92 922 184 949 mari.
202 922 326 958 Signum
344 921 508 957 Regemari.
524 921 646 957 Signum
664 922 789 949 Folradi.
807 922 930 958 Signum

91 965 236 993 Folmari.
252 965 375 1000 Signum
390 965 577 993 Vuillebaldi.

134 1021 148 1034 ι‹
166 1010 226 1045 Ego
239 1009 425 1043 Holdbertus,
442 1010 583 1037 diaconus
596 1012 624 1038 et
639 1010 809 1043 monachus,
825 1010 928 1046 scripsi

91 1056 125 1081 et
139 1053 313 1089 subscripsi.
332 1065 345 1078 ››

318 1098 387 1125 XLI.
407 1101 447 1126 De
462 1099 593 1126 Hilduz’no
608 1099 714 1126 abbate.

133 1142 221 1178 (866.)
236 1142 368 1178 Itemque
380 1145 446 1178 post
459 1143 528 1175 haec,
543 1152 619 1170 anno
635 1143 847 1171 incarnationis
877 1144 930 1171 D0-

93 1186 213 1214 minica:
229 1187 291 1219 866,
309 1187 430 1215 Carolus
444 1197 493 1215 rex
518 1188 669 1215 Humfrido
685 1188 832 1215 abbatiam
862 1197 929 1215 cum

93 1231 239 1259 dedecore
254 1231 400 1264 auferens,
421 1232 568 1264 IIilduino,
592 1232 742 1266 canonico,
771 1240 866 1268 nuper
894 1233 929 1260 de

94 1275 228 1303 Lotharii
245 1275 393 1303 senioratu
410 1275 445 1302 ad
463 1285 493 1304 sc
517 1285 665 1310 converso,
691 1277 781 1310 dedit,
812 1280 930 1313 propter

94 1320 189 1348 libras
205 1329 262 1347 xxx
278 1320 352 1355 auri,
366 1329 415 1347 xm
432 1320 584 1348 Kal.Julii.
612 1321 675 1354 Qui,
694 1324 723 1349 ut
751 1322 845 1355 credo,
867 1321 930 1349 loco

93 1364 178 1398 huic,
189 1365 251 1400 jam
265 1373 336 1400 pene
352 1365 484 1399 deciduo,
498 1365 623 1393 donatus
636 1375 652 1393 θ.
666 1366 800 1400 Domino,
813 1369 930 1402 excepto

95 1409 208 1437 domno
224 1409 353 1441 Bertino,
372 1410 422 1445 qui
433 1410 546 1445 primus
561 1410 653 1446 hujus
669 1409 723 1437 loci
741 1412 869 1438 structor
883 1419 931 1438 ex-

94 1453 184 1487 stitit,
202 1453 335 1481 omnium
353 1454 600 1489 praedecessorum
626 1463 748 1482 suorum
779 1457 862 1482 actus
892 1455 932 1483 ita

95 1506 220 1525 suorum
229 1498 467 1534 compensatione
476 1499 646 1533 annullavit,
659 1502 690 1527 ut
698 1499 813 1532 merito,
821 1500 932 1535 absque

95 1542 201 1578 aliqua
216 1542 374 1576 oblivione,
386 1551 491 1571 nomen
508 1544 571 1579 ejus
583 1544 612 1571 in
627 1544 767 1572 saeculum
783 1545 860 1580 apud
879 1553 931 1572 nos

94 1586 245 1614 habeatur
262 1587 292 1614 in
317 1587 529 1616 benedictione.
557 1588 652 1616 Fallor
675 1589 731 1616 nisi
760 1589 815 1617 hoc
844 1589 931 1617 etiam

93 1633 245 1659 testantur
261 1634 346 1659 curta:
368 1641 441 1668 quae,
460 1633 515 1660 sub
530 1634 595 1668 ejus
626 1636 756 1669 tempore
782 1634 874 1665 factae.
904 1636 933 1661 et

94 1676 161 1711 ejus
179 1676 279 1704 labore
293 1676 454 1712 acquisitae,
467 1678 531 1713 jam
544 1678 592 1706 hic
608 1680 677 1705 sunt
692 1678 863 1705 inserendas.

130 1729 220 1757 XLII.
265 1730 383 1758 Traditz‘o
425 1731 560 1758 Hc-rz'bcrti
611 1731 643 1759 de

433 1767 596 1800 Quertlz'aco.

128 1811 216 1837 Anno
246 1818 374 1846 namque
405 1811 556 1846 rcgiminis
579 1811 625 1838 sui
654 1820 685 1843 ιι,
715 1820 744 1839 Ill
783 1811 929 1839 Kalendas

93 1854 280 1890 Septembris
297 1855 364 1890 (90),
379 1855 499 1891 quidam
511 1856 563 1888 vir,
581 1856 751 1883 Heribertus
760 1856 887 1889 nomine,
901 1858 928 1883 et

93 1900 203 1934 conjux
219 1900 283 1934 ejus
300 1899 478 1935 Megcsinda,
491 1908 558 1927 cum
575 1900 642 1928 ﬁliis
653 1900 826 1927 Ellemberto
841 1902 929 1935 atque

93 1943 260 1979 Egilberto,
278 1944 462 1971 tradiderunt
479 1945 597 1980 praefato
611 1944 718 1971 domno
729 1942 878 1975 Hilduino,
891 1944 927 1970 ad

94 1995 169 2023 opus
188 1988 369 2016 monasterio
385 1988 430 2015 sui
447 1988 554 2020 Sithiu,
568 1997 614 2015 res
630 1987 818 2023 proprietatis
831 1988 927 2014 suaein

92 2031 156 2060 loco
174 2034 368 2068 nuncupante
380 2032 581 2068 Campaniam,
596 2032 625 2059 in
643 2040 715 2068 pago
724 2031 927 2064 Tarwanensi,

93 2078 121 2104 et
136 2077 166 2104 in
182 2076 241 2103 alia
257 2076 518 2112 loconuncupante
543 2076 716 2110 Quertliaco,
737 2076 781 2104 vel
812 2076 926 2109 Broma,

95 2120 155 2148 sive
170 2120 334 2148 Minthiaco
349 2130 355 2154 ;
373 2121 551 2157 expetiitque
567 2129 618 2157 per
632 2121 801 2156 praecariam
815 2129 859 2147 res
870 2128 928 2147 mo-

94 2164 219 2193 nasterii
235 2165 348 2201 praefati
364 2165 596 2198 abbatis,inloco
608 2167 795 2200 nuncupantc
803 2164 926 2200 Uphem,

94 2209 124 2236 in
140 2217 218 2246 pago
233 2209 409 2243 Bononensi,
427 2210 470 2237 vel
487 2209 610 2237 Vuilerae
624 2209 652 2236 in
665 2209 728 2245 ipso
740 2217 824 2245 pago,
842 2209 871 2236 in
894 2217 927 2236 eo

93 2255 207 2286 tenore,
226 2256 259 2281 ut
275 2254 378 2281 ambas
394 2262 440 2281 res
456 2254 579 2282 traditas
591 2256 618 2281 et
631 2256 780 2289 praecatas,
793 2253 863 2280 dum
880 2253 928 2281 ad-

93 2298 229 2332 viverint,
246 2300 379 2326 tenerent
395 2299 449 2326 sub
466 2307 557 2326 censu
572 2298 649 2325 infra
665 2298 783 2334 scripto.

311 2343 408 2371 XLIII.
421 2344 554 2379 Exempla
565 2342 697 2379 ejusdem.

697 1731 848 1759 Camrania
903 1733 927 1759 et

945 1716 964 1748 C

129 2388 175 2423 (28
191 2388 258 2415 Nov.
275 2388 349 2422 867.)
365 2399 378 2413 ‹‹
394 2387 560 2415 Venerabili
575 2387 606 2414 in
618 2387 741 2415 Domino
766 2386 843 2414 Patri
863 2387 923 2414 Hil-
941 2398 963 2430 D

95 2431 196 2465 duino,
214 2432 314 2460 abbati
330 2432 500 2460 monasterii
517 2432 611 2459 sancti
627 2431 714 2465 Petri,
725 2432 866 2459 vocabulo
878 2432 923 2459 Si-

94 2475 167 2510 thiu,
185 2476 236 2504 ubi
259 2485 380 2512 corpora
392 2476 499 2504 Christi
511 2476 626 2504 Domini
642 2477 843 2504 confessorum
866 2477 923 2504 Au-

94 2519 207 2548 domari
224 2523 311 2557 atque
327 2521 436 2549 Bertini
451 2521 648 2557 requiescunt,
667 2529 729 2553 nos,
753 2521 782 2548 iu
807 2521 857 2548 Dei
873 2529 924 2548 no-

94 2564 183 2600 mine,
200 2565 372 2593 Heribertus
388 2567 416 2593 et
431 2567 538 2601 conjux
549 2573 614 2593 mea
624 2565 924 2601 Megesinda,necnon

94 2611 121 2636 et
135 2608 189 2636 ﬁlii
206 2609 300 2637 nostri
313 2609 508 2637 Ellembertus
525 2612 612 2645 atque
627 2609 803 2645 Egilbcrtus,
816 2610 925 2646 pariter

95 2653 253 2682 traditores
269 2656 297 2682 et
312 2656 494 2691 prmeatores.
508 2653 665 2681 Tradimus
680 2653 779 2689 itaque
796 2654 831 2681 ad
856 2662 925 2690 prae-

95 2698 240 2734 scriptum
257 2699 469 2727 monasterium
484 2697 579 2725 sancti
592 2697 668 2725 Petri
677 2706 723 2725 res
735 2698 922 2734 proprietatis

96 2744 200 2770 nostra:
217 2742 348 2779 legitime
365 2751 517 2780 possessas
532 2742 561 2770 in
578 2750 653 2779 pago
669 2742 862 2776 Taruanensi,
892 2743 923 2771 in

94 2785 156 2814 loco
171 2790 362 2823 nuncupante
376 2787 566 2823 Campaniam
579 2795 585 2814 :
597 2795 735 2814 mansum
747 2795 814 2814 cum
823 2790 925 2815 casaet

95 2830 158 2859 aliis
171 2832 296 2860 castitiis
308 2834 336 2860 et
349 2832 493 2867 arboreta,
510 2834 547 2866 et,
564 2831 640 2859 inter
663 2831 762 2867 ipsum
787 2839 924 2860 mansum

94 2884 320 2956 seggllhegitur
334 2894 361 2913 ιν
377 2885 440 2913 Kal.
457 2885 592 2913 Deccmb.
610 2884 640 2912 in
657 2884 758 2913 charta
768 2885 843 2921 ipsa,
860 2894 924 2921 quae

985 391 1012 416 et
1028 389 1202 424 dimidium;
1217 392 1244 417 et
1257 390 1291 417 de
1305 389 1384 425 sylva
1395 389 1493 424 fagina
1507 389 1633 417 bunaria
1642 398 1681 416 v11
1691 391 1719 416 et
1727 388 1812 416 dimi-

986 434 1086 465 (lium;
1106 434 1232 469 itemque
1246 434 1274 460 in
1292 434 1347 461 alio
1364 434 1426 461 loco
1443 437 1629 469 nuncupantc
1649 433 1811 466 Quertliuco

985 479 1026 505 vel
1046 479 1148 505 Broma
1160 479 1218 505 sive
1232 479 1387 506 Mintliiaco
1404 479 1528 505 bunuriu
1542 487 1578 505 xx
1596 479 1621 504 in
1635 487 1709 513 pago
1718 478 1810 504 Bono—

987 524 1067 550 nvnsi
1087 533 1174 557 super
1191 524 1274 550 fluvio
1293 523 1380 554 Elnu;
1397 526 1422 550 et
1436 523 1580 558 mancipia
1593 532 1648 554 XIX,
1660 522 1706 550 his
1722 522 1812 549 nomi-

986 568 1072 595 nibus
1091 576 1096 594 ;
1114 568 1236 598 'l‘liiollu,
1262 568 1408 600 liutlialcr,
1438 568 1607 603 chent‘t-th.
1638 567 1812 602 \Valdburg,

985 613 1272 646 litlehorg.(lllodlia,
1286 612 1448 642 Siuebcrtli,
1468 612 1616 646 ltudlmrg,
1638 611 1810 643 Ilirmclinrl,

987 658 1163 691 Irmengarll.
1180 657 1345 691 llildugaril,
1364 656 1536 690 I‘Ingclgurtl.
1550 656 1702 691 Limigard,
1720 656 1813 682 Tunc-

984 710 1075 732 \vuru,
1095 701 1279 731 \"urli'vlhcrta.
1297 702 1386 734 liv-tto,
1405 701 1572 730 Thiodt'red,
1593 699 1732 727 lluothnlt
1747 699 1811 734 (SH).

985 746 1048 773 llarc
1065 746 1206 773 omniaad
1225 745 1426 780 praescriptum
1443 744 1651 772 monasterium
1683 743 1814 779 lcgalitcr

985 791 1465 825 trmlimusatquetrunstirmzunus
1479 789 1684 824 perpetualiter
1695 789 1730 815 ad
1745 797 1813 823 pos—

985 835 1188 862 sidendumtlt
1200 837 1349 870 propterea
1361 834 1524 869 expetimus
1536 842 1552 859 a
1567 833 1649 860 vobis
1665 841 1710 859 res
1722 832 1813 859 eccle-

986 888 1034 905 SHB
1051 882 1151 906 vestra:
1165 880 1192 905 in
1206 879 1266 905 loco
1284 881 1470 913 nuncupante
1489 878 1613 913 Uplicm,
1625 878 1653 904 in
1670 885 1744 912 pago
1760 877 1813 903 Bo—

986 924 1120 951 noneusi.
1138 932 1225 958 super
1242 923 1362 949 fluvium
1378 922 1565 949 Hclicbruma
1580 929 1733 948 :mansum
1746 929 1813 948 cum

986 977 1053 994 casa
1068 970 1095 994 et
1113 967 1214 994 aliisut
1230 967 1363 999 cnstitiis,
1383 966 1621 1001 interqueipsum
1637 974 1773 993 mansum
1786 968 1815 992 et

986 1015 1093 1039 terram
1112 1012 1251 1039 urabilcm
1269 1014 1295 1038 et
1312 1014 1439 1047 pratum,
1457 1010 1581 1037 bunaria
1597 1021 1610 1038 ε
1626 1012 1652 1037 ct
1673 1018 1692 1036 II
1707 1019 1713 1043 ;
1731 1012 1758 1036 et
1786 1010 1813 1036 in

986 1057 1041 1083 alio
1054 1057 1114 1084 loco
1134 1059 1320 1092 nuncupautc
1335 1056 1458 1083 \\'ilcria
1478 1056 1505 1082 in
1534 1055 1596 1090 ipso
1622 1063 1705 1090 pago,
1728 1055 1815 1090 juxta

985 1102 1154 1136 praedictum
1174 1101 1300 1128 rivulum
1318 1101 1441 1128 hunaria
1454 1110 1470 1127 Χ
1487 1102 1513 1127 et
1531 1109 1579 1126 vni
1597 1108 1664 1126 cum
1682 1099 1811 1134 ipsorum

985 1146 1114 1173 locorum
1133 1146 1237 1181 perviis
1255 1145 1393 1179 legitimis
1409 1148 1436 1171 et
1447 1144 1658 1179 \vaulriscapis;
1688 1146 1715 1170 et
1732 1151 1814 1169 man-

985 1191 1059 1225 cipia
1068 1193 1210 1217 xxxetvm
1220 1190 1265 1217 his
1275 1190 1441 1217 nominibus
1455 1190 1622 1219 :Ashertus,
1637 1187 1815 1219 Hilbewura,

985 1235 1178 1265 t’lrimlm-tus,
1196 1234 1359 1269 ligelxvaru,
1377 1234 1571 1262 Ostoibcrtus.
1597 1233 1699 1260 Radliu
1728 1232 1813 1259 Geld-

984 1289 1075 1311 wuru,
1095 1280 1247 1308 Lioi'lrzulu,
1266 1279 1402 1314 Ereprad,
1429 1278 1603 1311 Stillowara,
1633 1276 1814 1308 Ilarduinus,

988 1325 1137 1359 Hilrlborg,
1168 1324 1271 1355 Immo,
1299 1324 1483 1359 Thegenrnd,
1515 1322 1669 1357 Megelind,
1710 1321 1814 1352 Alfrcc,

987 1369 1124 1399 Folcliml,
1143 1368 1275 1400 Adalinil,
1289 1368 1357 1394 item
1376 1367 1531 1402 Mcgelind,
1556 1365 1728 1401 Regcnlind,
1758 1365 1815 1391 Me-

987 1413 1137 1441 tomlrmlh.
1157 1414 1350 1445 Mumbertus,
1368 1412 1515 1443 llincmar,
1537 1410 1669 1441 llotsind,
1700 1410 1816 1444 Megen-

987 1467 1087 1491 guard,
1102 1457 1274 1489 Thiodsinrl,
1288 1456 1436 1486 lrrnclind,
1455 1455 1624 1486 Lodwinus,
1653 1453 1815 1489 Ehgelhild,

989 1501 1158 1530 Irmcnhild,
1202 1502 1380 1536 lirkenbrog,
1426 1500 1608 1536 Megensind,
1639 1499 1815 1531 Markwara,

989 1548 1127 1581 l’rungcr,
1148 1546 1287 1580 ldwiuus,
1298 1545 1622 1579 Folcwnra,Trasborg,
1641 1543 1815 1578 Regcnlind;

988 1591 1082 1621 nobis,
1102 1594 1157 1617 tam
1177 1590 1248 1617 mihi
1266 1599 1353 1625 quam
1370 1587 1816 1625 etconjugimearMegensindm,

988 1635 1029 1662 vel
1048 1635 1194 1670 pramlictis
1212 1634 1278 1661 filiis
1296 1633 1718 1665 nostris,velsinobisduobus
1728 1631 1816 1658 simul

988 1679 1227 1706 convenientibus
1245 1680 1321 1707 Deus
1337 1679 1433 1705 adhuc
1450 1678 1557 1706 liberos
1582 1676 1704 1710 dederit,
1725 1676 1816 1702 ambae

986 1733 1031 1750 res
1048 1724 1232 1759 praescriptas,
1251 1726 1309 1750 tam
1327 1731 1376 1750 eas
1393 1731 1466 1757 quas
1483 1722 1618 1749 dedimus
1638 1728 1725 1755 quam
1752 1719 1817 1746 illas

985 1777 1000 1803 (ι
1007 1777 1057 1795 nus
1067 1768 1239 1803 expetimus,
1248 1768 1332 1794 nobis
1340 1768 1478 1794 omnibus
1486 1764 1674 1802 prrcscriptis,
1685 1763 1816 1799 quandiu

985 1812 1141 1839 allvixcrim
1148 1812 1420 1847 us.perpr:ecariam
1428 1810 1593 1838 concedatis
1601 1809 1635 1835 ad
1643 1808 1815 1835 usitandum

984 1865 1015 1883 ar
1034 1848 1246 1883 fneliorandum
1261 1865 1266 1888 ;
1281 1864 1313 1882 ea
1328 1855 1440 1882 ratione
1455 1857 1497 1885 ut,
1514 1853 1598 1881 annis
1610 1852 1745 1888 singulis,
1779 1852 1814 1879 ad

985 1901 1168 1927 festivitatem
1188 1900 1280 1926 sancti
1299 1899 1418 1932 Bertini,
1432 1908 1494 1935 quae
1511 1900 1555 1926 est
1566 1897 1656 1925 Nonis
1680 1897 1813 1932 Septem-

984 1945 1054 1976 bris,
1074 1944 1184 1971 solidos
1201 1944 1401 1971 mincensum
1415 1941 1812 1979 persolvamusmonarhisin

983 1989 1046 2024 ipso
1065 1989 1239 2016 monasterio
1255 1989 1312 2015 Deo
1329 1988 1553 2020 famulantibus,
1569 1990 1596 2014 et
1608 1989 1674 2023 post
1699 1986 1812 2014 obitum

984 2036 1117 2060 nostrum
1130 2034 1266 2065 duorum,
1284 2033 1335 2060 filii
1353 2034 1443 2060 nostri
1458 2033 1567 2060 solidos
1596 2041 1623 2065 ν,
1654 2032 1683 2058 in
1709 2031 1811 2058 eadem

983 2078 1139 2104 festivitate
1156 2077 1332 2112 persolvant,
1348 2078 1486 2113 ipsasque
1497 2078 1525 2104 in
1538 2077 1618 2104 nullo
1641 2076 1815 2111 naufragare

983 2125 1161 2157 pt‘tT‘Stlmtlnt
1177 2130 1241 2153 res;
1260 2122 1320 2151 sed.
1339 2124 1403 2157 post
1417 2124 1584 2149 nostrorum
1602 2120 1734 2147 omnium
1752 2119 1810 2146 dis-

983 2175 1109 2199 cessum,
1130 2167 1207 2202 ipsas
1220 2175 1275 2198 res,
1293 2169 1353 2192 tam
1371 2174 1444 2201 quas
1471 2166 1618 2193 tradimus
1644 2172 1734 2199 quam
1764 2172 1813 2190 eas

983 2219 1057 2245 quas
1074 2210 1233 2245 aeepimus,
1258 2209 1393 2237 monachi
1411 2210 1521 2245 praefati
1552 2207 1721 2236 monasterii
1746 2216 1812 2234 cum

983 2255 1061 2282 omni
1079 2255 1306 2282 enuchorntione
1323 2254 1473 2290 recipiant.
1491 2253 1520 2281 Si
1547 2253 1595 2288 qui
1626 2260 1703 2285 vero,
1733 2251 1811 2287 quod

983 2300 1114 2327 futurum
1127 2308 1183 2325 non
1202 2299 1298 2332 credo,
1314 2299 1337 2325 si
1360 2301 1473 2325 nosmet
1503 2297 1570 2333 ipsi,
1596 2298 1646 2324 aut
1675 2295 1814 2331 quislibet

983 2343 1381 2376 extruncus,huictrutlitioni
1400 2342 1560 2378 frangendo
1578 2340 1739 2372 tentavcrit,
1749 2340 1812 2367 auri

984 2389 1085 2415 uncias
1100 2397 1135 2415 xx
1152 2387 1263 2424 argenti
1277 2387 1467 2423 ponderaxxx
1478 2385 1656 2422 praescriptis
1673 2385 1811 2412 fratribus

981 2434 1098 2458 coactus
1115 2431 1253 2463 exsolvat,
1272 2439 1322 2457 nec
1340 2431 1461 2466 repetita
1477 2430 1621 2457 evindicet
1637 2439 1643 2463 ;
1671 2430 1721 2456 sed
1751 2429 1812 2456 haec

981 2475 1097 2503 traditio
1114 2476 1197 2502 firma
1214 2478 1383 2510 permaneat
1394 2484 1460 2501 cum
1473 2474 1661 2510 stipulatione
1675 2473 1810 2507 subnixa,

1016 2532 1027 2543 τι
1046 2522 1149 2547 Actum
1167 2520 1195 2546 in
1213 2519 1388 2546 monasterio
1405 2519 1499 2546 sancti
1516 2518 1602 2552 Petri,
1617 2518 1694 2553 quod
1714 2517 1810 2545 Sithiu

979 2567 1107 2593 vocatur.
1127 2573 1150 2591 iv
1167 2564 1311 2590 Kalendas
1327 2563 1504 2596 Decembris,
1523 2571 1598 2589 anno
1610 2571 1697 2590 xxvm
1716 2561 1809 2589 Caroli

981 2609 1057 2643 regis
1075 2608 1124 2635 lilii
1142 2608 1290 2635 Ludovici.

1018 2665 1030 2677 ιι
1044 2654 1166 2689 Signum
1187 2653 1325 2680 Ilcriberti
1343 2655 1370 2679 ct
1387 2651 1809 2688 McgesindanmetEllemberti

978 2700 1006 2725 ct
1029 2698 1183 2733 Egelbcrti,
1216 2697 1265 2732 qui
1291 2697 1366 2724 hanc
1394 2697 1552 2725 traditione
1578 2705 1645 2724 cum
1671 2696 1811 2732 praecaria

980 2743 1120 2769 fecerunt.

1016 2799 1028 2811 ιι
1045 2787 1167 2821 Signum
1178 2786 1482 2822 Vulframni.Signum
1490 2785 1676 2822 Eigclramni.
1685 2785 1808 2820 Signum

980 2831 1148 2859 Fridcbcrti.
1179 2831 1300 2867 Signum
1334 2831 1476 2859 Rodfridi.
1503 2831 1625 2866 Signum
1661 2828 1806 2859 Hucberti,

1016 2885 1071 2920 (91)
1088 2884 1233 2920 Mancipia
1246 2893 1316 2913 xvm
1331 2885 1536 2913 tantummodo
1552 2882 1752 2911 nominantur.
