1941 3250
133 282 214 314 1245

829 285 1152 318 CHARTULARIUM.

1764 291 1777 321 1
1783 287 1843 322 246

132 350 372 387 Euoch.signum
384 351 960 388 anfradi.SignumAdolbaldi.Signum
974 352 1003 386 Α
1019 353 1190 383 fecissemus
1206 355 1474 394 auctoritatem,per
1484 356 1559 386 hanc
1570 357 1654 392 illud,
1668 366 1734 386 cum
1751 358 1844 386 omni-

131 395 262 423 Albuini.
275 395 399 432 Signum
411 395 566 425 Vuilharii.
578 396 699 433 Signum
710 396 963 431 Odberti,advoca-

132 439 166 467 ti.
184 440 308 476 Signum
324 440 492 469 Godoberti.

171 495 185 509 «
195 485 253 521 Ego
265 484 482 521 Megenharius,
496 486 648 522 presbyter
662 487 691 514 et
707 486 879 519 monachus,
890 485 961 514 scri-

133 529 179 565 psi
196 531 223 556 et
238 529 411 565 subscripsi.
426 541 440 554 η

241 573 336 601 XLIX.
352 575 389 601 De
403 575 477 609 fama
489 576 514 601 et
527 575 684 610 pestilentia
700 575 853 603 hominum.

171 618 256 654 (884.)
281 618 312 646 In
328 619 393 654 ipso
409 627 485 646 anno
500 619 565 653 (874
588 619 664 647 facta
678 624 722 647 est
745 620 838 647 fames
854 627 962 656 magna

134 665 163 691 et
179 662 340 691 mortalitas
356 663 510 691 hominum
527 672 578 699 per
599 664 796 700 pestilentiam
817 664 961 700 permaxi-

134 715 193 734 ma.
203 707 310 735 Vinum
320 710 416 735 autem
429 708 522 736 extitit
530 708 728 742 abundanter;
742 709 961 744 annoqueinse-

134 753 213 786 cuto,
223 751 300 788 ignis
308 752 413 789 globus
420 752 576 786 maximus,
584 753 613 780 in
621 762 726 781 auroro
736 753 803 787 diei,
812 754 847 780 de
856 753 962 780 aetherc

135 798 180 824 est
194 796 306 832 lapsus,
319 797 448 833 itemque
465 797 551 825 stella
566 800 694 825 cometes
709 798 845 834 apparuit
859 797 962 825 xtldus

133 840 227 869 Junﬁ.

242 886 349 914 XLlX'.
367 887 496 914 Tradilz'lo
511 886 654 915 Realwaldi
669 886 701 914 de
713 887 854 914 Flitmum.

172 929 327 957 Residente
343 930 452 958 interea
474 930 593 966 praefato
610 930 767 958 venerabili
783 930 888 958 abbate
904 929 964 957 Hil-

135 974 227 1002 duino
235 974 264 1001 in
271 974 449 1001 monasterio
460 974 567 1008 Sithiu,
576 974 604 1002 in
614 973 735 1002 ecclesia
746 974 838 1001 sancti
846 973 964 1008 Bertini,

136 1026 215 1045 anno
223 1020 406 1054 nx,regnante
413 1018 539 1054 glorioso
547 1027 613 1055 rege
619 1017 720 1045 Carolo
727 1027 803 1046 anno
809 1019 963 1053 xxvnl(93),

135 1062 182 1089 vir
199 1062 319 1098 quidam
333 1061 466 1096 illustris,
481 1062 796 1095 Rodwaldusnomine,
809 1063 963 1091 fraterMe-

133 1106 367 1142 genfridi,cujus
383 1106 520 1142 superius
534 1107 589 1134 sub
599 1106 750 1135 Humfrido
768 1107 872 1134 abbate
884 1115 965 1134 men-

133 1148 245 1177 tionem
263 1150 327 1184 feci,
345 1159 445 1178 secum
461 1151 545 1186 caapit
566 1150 692 1187 cogitare
711 1153 744 1179 ut
764 1151 963 1180 haereditatem

133 1194 435 1223 suaminterinfantes
445 1204 514 1223 suos
521 1195 660 1223 divideret
668 1204 674 1228 ;
683 1195 760 1230 quod
773 1198 801 1223 et
808 1195 966 1223 fecitJnter

132 1238 207 1267 alios
219 1239 417 1273 autem,dedit
425 1240 461 1267 ad
477 1242 612 1267 sanctum
630 1240 847 1276 Bertinum,pro
857 1240 907 1267 filii
918 1241 963 1268 sui

129 1282 196 1311 loco
210 1283 394 1320 Megenfridi,
407 1292 494 1319 quem
503 1283 649 1311 inibiante
658 1284 836 1312 monachum
847 1284 962 1319 fecerat,

130 1326 164 1354 in
181 1327 333 1362 Flitmum,
350 1337 488 1356 mansum
502 1337 511 1356 1
528 1337 595 1356 cum
612 1337 670 1356 uno
686 1336 768 1356 servo
783 1331 812 1357 et
827 1338 916 1357 uxore
936 1332 965 1357 et

132 1372 215 1407 ﬁliis,
231 1381 328 1401 coram
349 1372 453 1401 multis
469 1373 605 1401 testibus.

171 1416 370 1452 Grimbaldus,
396 1417 537 1446 diaconus
553 1420 581 1445 et
603 1417 776 1452 monachus,
798 1418 917 1454 scripsit
936 1421 965 1446 et

132 1461 325 1497 subscripsit.

132 1514 168 1542 L.
186 1514 222 1542 De
235 1515 382 1550 privilegio
398 1514 490 1542 Caroli
510 1516 582 1549 regis
600 1516 630 1543 in
643 1516 789 1543 securitate
802 1517 965 1544 monasterii

178 1550 281 1584 Sithiu,
297 1555 323 1578 ει
337 1551 370 1578 de
384 1551 515 1584 thelaneo,
532 1553 651 1587 tempore
664 1551 794 1579 Ηίιίίιιίηί
807 1551 922 1579 abbatis.

174 1595 260 1631 (874.)
282 1596 366 1623 Anno
393 1603 510 1631 quoque
523 1595 604 1632 regni
626 1595 744 1632 gloriosi
766 1596 843 1632 regis
868 1595 962 1624 Caroli

133 1647 232 1672 xxxiv,
250 1638 301 1675 qui
316 1641 379 1667 erat
395 1648 491 1667 annus
507 1640 668 1668 nativitatis
684 1640 798 1668 Domini
815 1641 878 1674 8’73,
892 1641 963 1669 resi-

135 1684 223 1711 dente
239 1684 342 1711 eodem
368 1692 434 1720 rege
458 1684 488 1712 in
514 1685 607 1713 sancti
628 1685 758 1717 Quintini
774 1685 961 1718 monasterio,

1017 398 1073 426 bus
1089 399 1124 427 ad
1141 408 1172 427 se
1183 400 1408 436 pertinentibus,
1417 402 1472 430 sub
1484 404 1584 431 nostra
1594 403 1843 431 constitueramus

1017 443 1185 472 defensione
1194 447 1222 472 et
1237 446 1440 474 mundeburdo
1450 449 1538 483 atque
1554 448 1751 476 immunitatis
1759 448 1844 476 tutio-

1018 497 1179 520 ne,necnon
1191 499 1293 518 omnes
1305 491 1392 518 cellas
1399 494 1426 519 et
1437 491 1521 519 villas
1533 501 1583 520 seu
1598 496 1717 520 crateras
1729 502 1842 528 posscs-

1018 533 1126 567 siones,
1144 543 1205 569 qua)
1219 535 1247 561 in
1266 535 1445 570 quibuslibet
1459 537 1541 572 pagis
1558 540 1584 564 et
1599 538 1752 565 territoriis
1768 538 1843 564 infra

1017 577 1157 605 ditionem
1175 579 1255 614 regni
1272 581 1361 607 nostri
1373 581 1549 614 consistunt,
1567 585 1598 608 ut
1615 590 1667 608 nec
1680 591 1732 609 nos
1749 591 1842 617 neque

1018 623 1244 657 pl‘ilNlCCBSFOI‘CS
1258 624 1347 651 nostri
1361 626 1558 652 divideretaut
1568 626 1596 653 in
1611 626 1683 653 alios
1695 635 1765 653 usus
1777 635 1844 653 con-

1017 669 1150 699 verteret,
1168 670 1260 702 utque
1282 669 1392 695 familia
1416 670 1548 704 ejusdem
1567 671 1736 698 monasterii
1755 670 1842 698 nullis

1017 710 1187 738 hominibus
1206 713 1337 739 feriarum
1354 714 1443 744 daret,
1455 714 1543 749 regali
1562 715 1733 742 auctoritote
1745 715 1842 741 decre-

1016 764 1171 789 veramus;
1190 759 1291 791 petens
1306 760 1335 784 ut
1352 759 1484 786 eamdem
1493 762 1623 786 nostram
1640 759 1842 786 auctoritatem

1018 808 1070 827 suo
1085 809 1201 835 quoque
1214 802 1721 838 nominerenovarijuberemus.Nos
1734 803 1843 839 itaque,

1018 845 1053 871 ob
1071 853 1200 871 amorem
1217 845 1348 872 divinum
1361 849 1389 873 et
1399 848 1588 874 reverentiam
1598 848 1767 875 eorumdem
1780 856 1845 874 san-

1019 890 1142 919 ctorum,
1160 889 1362 917 auctoritatem
1374 892 1504 918 nostram
1515 891 1591 918 circa
1599 892 1735 918 eumdem
1747 891 1843 919 locum

1020 933 1150 959 renovari
1167 933 1347 965 censuimus,
1360 937 1388 962 et
1403 943 1437 962 ea
1452 944 1515 971 quae
1532 935 1590 962 illic
1602 937 1718 963 decreta
1732 936 1845 964 fuerant

1020 977 1155 1011 prmsenti
1181 977 1267 1005 etiam
1289 979 1459 1006 auctoritate
1489 980 1773 1013 roborare.Proinde,
1791 981 1845 1008 hos

1021 1024 1137 1048 nostros
1148 1022 1259 1057 regales
1271 1023 1368 1058 apices
1384 1024 1445 1051 fieri
1457 1024 1615 1060 jussimus,
1633 1034 1684 1061 per
1698 1034 1771 1060 quos
1783 1034 1846 1053 suc-

1020 1073 1150 1093 cessores
1163 1069 1277 1094 nostras
1291 1068 1619 1102 admonemus,ut,sicut
1633 1070 1768 1105 praedicto
1781 1079 1844 1098 mo-

1020 1110 1146 1138 nasterio
1158 1112 1367 1146 concessimus,
1384 1113 1424 1140 ita
1444 1113 1486 1140 illi
1508 1116 1603 1141 ratum
1622 1117 1650 1142 et
1665 1114 1769 1142 stabile
1780 1124 1843 1150 per-

1021 1162 1137 1182 manere
1154 1156 1338 1190 permittant;
1349 1160 1382 1184 ut
1394 1157 1504 1185 nullam
1522 1158 1693 1186 divisionem
1707 1158 1735 1185 in
1746 1167 1845 1186 mona-

1020 1199 1108 1225 sterio
1125 1202 1174 1226 aut
1190 1200 1255 1227 aliis
1271 1209 1321 1228 seu
1347 1202 1458 1229 czeteris
1479 1203 1718 1238 possessionibus
1739 1203 1845 1231 faciant

1020 1246 1065 1270 aut
1086 1243 1178 1271 facere
1190 1245 1370 1279 permittant,
1386 1246 1472 1273 autin
1481 1246 1553 1274 alios
1564 1256 1636 1275 usus
1646 1250 1843 1283 retorqueant.

1019 1287 1071 1313 Sed
1089 1290 1117 1314 et
1132 1287 1185 1315 hoc
1202 1297 1252 1324 per
1267 1289 1320 1317 hos
1341 1290 1452 1325 regales
1468 1291 1565 1326 acipes
1583 1292 1733 1319 sancimus
1758 1294 1845 1327 atque

1020 1331 1215 1365 decernimus,
1234 1336 1263 1360 ut
1277 1333 1375 1361 nullus
1388 1335 1478 1369 judex
1494 1336 1628 1370 publicus
1641 1338 1691 1363 aut
1706 1335 1845 1371 quislibet

1020 1376 1220 1409 exjudiciaria
1249 1380 1403 1413 potestate,
1426 1380 1454 1406 in
1482 1379 1605 1407 ecclesia
1629 1383 1679 1407 aut
1706 1380 1775 1407 locis
1800 1380 1843 1407 vel

1019 1420 1096 1455 agris
1106 1430 1155 1448 seu
1165 1422 1286 1457 reliquis
1299 1424 1535 1458 possessionibus
1542 1425 1651 1459 praefati
1665 1425 1843 1458 monasterii,

1020 1473 1092 1500 quas
1110 1467 1249 1493 moderno
1266 1470 1395 1502 tempore
1407 1469 1487 1503 juste
1508 1471 1536 1495 et
1556 1468 1689 1505 legaliter
1704 1469 1843 1505 possidet,

1019 1509 1061 1535 vel
1079 1519 1141 1545 qua:
1156 1511 1291 1546 deinceps
1305 1512 1333 1539 in
1348 1513 1398 1547 jus
1414 1521 1445 1540 ac
1462 1513 1659 1541 dominatione
1673 1514 1766 1549 ipsius
1777 1522 1845 1541 san-

1020 1554 1056 1580 cti
1074 1553 1127 1581 loci
1146 1555 1268 1583 voluerit
1284 1557 1376 1591 pietas
1394 1558 1491 1585 divina
1507 1567 1612 1594 augere
1630 1559 1665 1586 ad
1678 1567 1782 1586 causas
1795 1559 1845 1594 ju-

1021 1598 1139 1626 diciario
1175 1608 1254 1627 more
1280 1602 1451 1635 audiendas,
1482 1602 1525 1630 vel
1549 1604 1629 1631 freda
1657 1606 1707 1630 aut
1733 1604 1845 1631 bannos

1020 1644 1239 1679 exigendos,aut
1252 1646 1419 1673 mansiones
1430 1647 1473 1674 vel
1488 1650 1604 1683 paratas
1620 1648 1777 1682 faciendos,
1796 1650 1846 1675 aut

1021 1687 1152 1715 foderum
1165 1689 1351 1725 exigendum,
1368 1694 1418 1718 aut
1429 1692 1617 1727 fidejussores
1633 1692 1846 1725 tollendos,aut

134 1727 208 1755 adiit
220 1728 485 1764 jamdictusabbas
496 1729 725 1765 Hilduinusjam
734 1729 961 1766 dictumregem,
979 1720 1000 1753 C
1021 1731 1155 1760 homines
1172 1734 1266 1768 ipsius
1290 1736 1461 1763 monasterii
1478 1720 1537 1763 tam
1554 1737 1696 1771 ingenuos
1708 1744 1796 1771 quam
1819 1739 1847 1764 et

133 1772 291 1808 postulans
307 1775 339 1800 ut
355 1773 433 1801 sicut
447 1773 682 1802 antecessoribus
691 1774 752 1802 suis
767 1774 966 1810 ipsevelante-

134 1824 268 1845 cessares
280 1826 287 1851 ;
297 1818 343 1845 sui
359 1826 452 1853 reges,
470 1826 521 1854 per
533 1818 642 1854 regalia
654 1818 814 1854 privilegia,
825 1819 964 1846 securita-

131 1863 195 1889 tem
209 1862 379 1890 monasterii
390 1862 484 1890 Sithiu
497 1863 701 1895 condonasset,
717 1862 758 1889 ita
769 1863 855 1890 etiam
873 1863 963 1890 suoin

132 1908 268 1942 tempore
284 1909 444 1935 renovaret.
461 1907 551 1942 Cujus
559 1907 691 1943 petitioni
703 1915 752 1934 rex
761 1915 905 1939 annuens,
920 1907 963 1934 di-

132 1950 261 1987 ligenter
276 1950 461 1987 adimplevit;
477 1951 682 1987 ,superaddens
697 1951 785 1978 etiam
806 1951 883 1987 quod
899 1950 964 1978 aliis

133 1995 248 2023 uimine
269 1998 463 2029 concesserat,
495 1995 614 2023 mercati
643 1994 754 2022 scilicet
782 1994 961 2028 theloneum,

133 2039 224 2068 sicuti
237 2039 366 2075 idipsum
375 2039 558 2077 privilegium
571 2048 638 2067 cum
654 2039 848 2075 impressione
860 2039 962 2067 annuli

132 2084 255 2121 regalis,
271 2086 396 2112 testatur
412 2084 441 2112 in
456 2084 535 2112 hunc
551 2084 684 2112 modum.

171 2129 217 2156 LI.
236 2129 290 2165 (12.
306 2129 371 2156 Feb.
388 2129 464 2163 874.)
476 2140 490 2154 ‹‹
508 2129 539 2157 In
556 2128 673 2156 nomine
686 2130 795 2156 sanctaa
810 2130 839 2156 et
854 2127 960 2156 indivi—

133 2174 199 2201 dum
206 2173 360 2201 Trinitatis
370 2173 491 2201 Carolus
502 2173 596 2210 gratia
612 2173 662 2201 Dei
683 2181 741 2201 rex.
751 2172 778 2200 Si
786 2181 886 2209 preces
898 2172 964 2201 ﬁde-

132 2218 208 2246 lium
217 2221 384 2246 nostrorum
401 2218 501 2246 devote
512 2217 595 2246 nobis
606 2217 813 2245 famulantium
824 2217 860 2245 ad
885 2220 965 2254 opta-

131 2265 199 2291 tum
215 2262 363 2296 effectum,
388 2261 480 2290 solita:
495 2262 686 2298 benignitatis
698 2261 883 2295 liberalitate,
900 2270 964 2298 per-

131 2305 236 2335 venire
252 2305 451 2339 concedimus,
478 2306 592 2342 regium
611 2307 640 2333 et
661 2305 772 2333 avitum
796 2307 963 2333 nostrorum

133 2349 238 2387 procul
254 2350 343 2378 dubio
359 2358 471 2378 morem
487 2358 666 2378 exercemus.
684 2350 865 2386 Quapropter
880 2358 965 2378 nove-

1021 1777 1408 1813 servosdistringendos,nec
1418 1779 1718 1812 ullas,redhibitiones
1732 1782 1782 1807 aut
1792 1779 1847 1807 illi-

1021 1820 1092 1847 citas
1108 1821 1274 1848 occasiones
1287 1823 1486 1857 requirendas.
1500 1823 1559 1851 ullo
1576 1832 1705 1859 unquam
1715 1826 1846 1859 tempore

1021 1864 1131 1900 ingredi
1150 1866 1266 1898 audeat,
1287 1866 1329 1893 vel
1355 1875 1388 1894 ea
1402 1875 1465 1902 qua:
1482 1876 1572 1903 supra
1601 1870 1762 1895 memorata
1777 1871 1846 1896 sunt

1020 1909 1138 1943 penitus
1159 1912 1290 1937 exactare
1315 1914 1488 1946 prmsumat;
1512 1913 1562 1940 sed
1579 1912 1664 1940 liceat
1686 1916 1845 1941 memorato

1020 1953 1116 1979 abbati
1134 1954 1254 1989 suisque
1264 1956 1483 1983 successoribus
1496 1965 1541 1984 res
1558 1957 1687 1993 praedicti
1698 1960 1844 1986 monaste-

1021 1997 1132 2027 rii,\'el.
1160 1998 1236 2026 sicut
1256 2000 1285 2026 in
1306 2004 1449 2037 prmcepto
1472 2003 1548 2037 quod
1572 2003 1716 2031 avunculo
1747 2006 1844 2030 nostro

1020 2042 1134 2077 Hugoni
1163 2045 1373 2078 concessimus,
1403 2047 1577 2081 continetur,
1610 2056 1677 2074 cum
1708 2047 1844 2075 omnibus

1020 2086 1109 2114 frerlis
1129 2090 1178 2114 aut
1196 2088 1301 2115 bannis
1322 2090 1377 2117 sibi
1406 2092 1562 2125 concessis,
1580 2092 1635 2119 sub
1650 2092 1845 2120 immunitatis

1020 2133 1126 2158 nostrae
1143 2132 1320 2164 defensione,
1331 2134 1429 2169 quieto
1446 2135 1545 2163 ordine
1566 2137 1724 2171 possidere.
1735 2137 1844 2164 Merca-

1021 2178 1083 2202 tum
1100 2184 1216 2212 quoque
1228 2178 1306 2204 omni
1322 2180 1462 2214 tempore,
1480 2180 1507 2206 in
1525 2180 1570 2207 die
1586 2180 1716 2213 Veneris,
1734 2189 1845 2216 praeno-

1021 2220 1131 2247 minato
1152 2224 1252 2248 sancto
1278 2222 1339 2249 loco
1360 2224 1570 2258 concessimus,
1602 2227 1634 2251 ut
1653 2224 1795 2260 quidquid
1812 2233 1846 2252 ex

1021 2265 1084 2300 ipso
1101 2268 1228 2293 mercato
1245 2266 1304 2293 sive
1320 2267 1453 2295 districto
1461 2271 1548 2304 atque
1563 2269 1660 2296 hanno
1676 2268 1845 2304 acquiripo-

1021 2311 1085 2342 test,
1103 2310 1138 2336 ad
1170 2310 1327 2339 luminaria
1347 2311 1477 2347 ipsorum
1498 2315 1667 2341 sanctorum
1687 2313 1845 2341 Audomari

1021 2356 1107 2389 atque
1124 2354 1232 2381 Bertini
1250 2356 1407 2390 perveniat,
1424 2359 1463 2390 et,
1480 2357 1569 2384 semel
1586 2358 1615 2385 in
1641 2366 1728 2391 anno,
1746 2360 1845 2386 custos

133 2395 174 2423 rit
189 2394 324 2422 omnium
348 2394 481 2422 ﬁdelium
502 2396 609 2423 sancta
625 2394 675 2422 Dei
691 2393 825 2422 Ecclesia:
849 2397 962 2423 nostro-
979 2403 1002 2435 D
1020 2397 1141 2425 ecclesia
1172 2399 1311 2427 fratribus
1337 2400 1430 2436 ipsius
1461 2402 1553 2429 sancti
1580 2402 1635 2430 loci
1659 2402 1845 2430 refectionem

133 2447 273 2475 rumque,
307 2441 369 2467 tam
399 2439 581 2475 presentium
613 2447 702 2475 quam
731 2440 759 2466 et
783 2439 961 2471 futurorum,

133 2483 293 2517 industria,
306 2484 376 2519 quia
390 2483 565 2512 venerabilis
578 2483 669 2511 abbas
680 2482 962 2517 Hilduinus,ﬁdelis-

133 2528 231 2557 simus
246 2529 356 2561 noster,
372 2530 461 2564 atque
476 2527 678 2556 ministerialis
695 2529 794 2555 noster
812 2527 961 2561 librarius,

134 2572 228 2601 abbas
244 2572 355 2601 scilicet
379 2572 549 2600 monasterii
566 2572 673 2605 Sithiu,
690 2572 739 2600 siti
757 2572 787 2599 in
802 2580 877 2608 pago
892 2573 963 2600 Tar-

132 2617 279 2652 wanensi,
292 2617 492 2645 constructiin
505 2617 645 2645 honorem
655 2617 747 2645 sancti
758 2616 964 2653 Petri,aposto-

133 2662 232 2690 lorum
247 2661 400 2698 principis,
412 2661 443 2689 in
459 2670 517 2698 quo
533 2669 656 2697 corpora
668 2663 835 2689 sanctorum
853 2661 964 2689 confes-

134 2714 236 2734 sorum
252 2706 410 2734 Audomari
437 2708 525 2742 atque
540 2705 649 2734 Bertini
677 2705 824 2733 tumulata
840 2713 963 2733 noscun-

133 2753 184 2779 tur
199 2753 306 2779 nostraa
321 2750 450 2779 innotuit
466 2750 623 2786 majestati,
641 2750 767 2786 qualiter
783 2750 962 2785 jamdudum

133 2797 267 2832 tempore
291 2794 514 2832 praedecessoris
545 2795 590 2823 sui
628 2794 804 2822 venerabilis
831 2794 962 2830 Hugonis

133 2839 260 2875 abbatis,
270 2839 407 2868 avunculi
416 2839 519 2873 nostri,
536 2839 631 2867 eidem
646 2838 824 2867 monasterio
831 2840 961 2866 nostram

1019 2442 1121 2469 eximie
1139 2443 1261 2477 tribuat;
1281 2447 1426 2479 quatenus
1444 2446 1523 2481 ipsos
1539 2455 1638 2474 servos
1656 2447 1715 2480 Dei,
1728 2447 1777 2482 qui
1790 2447 1845 2474 ibi-

1019 2486 1084 2513 dem
1100 2487 1156 2514 Dco
1175 2488 1366 2521 famulantur,
1382 2498 1433 2524 pro
1450 2490 1533 2517 nobis
1547 2499 1580 2517 ac
1599 2491 1698 2526 regina
1720 2494 1749 2518 et
1765 2491 1846 2527 prole

1019 2533 1128 2566 nostra,
1144 2531 1187 2558 vel
1204 2532 1291 2559 etiam
1308 2542 1358 2568 pro
1373 2534 1530 2562 stabilitate
1546 2535 1637 2562 totius
1654 2535 1735 2571 regni
1754 2536 1846 2563 nostri

1020 2583 1035 2601 a
1061 2574 1118 2602 Deo
1148 2576 1232 2603 nobis
1255 2578 1385 2605 concessi
1409 2580 1496 2614 atque
1521 2580 1847 2616 conservandi,jugiter

1019 2619 1133 2646 Domini
1153 2620 1382 2649 misericordiam
1400 2631 1516 2651 exorare
1533 2624 1665 2652 delectet.
1683 2625 1717 2652 Et
1738 2627 1770 2652 ut
1786 2625 1845 2652 haec

1019 2664 1176 2691 auctoritas
1191 2666 1298 2693 nostris
1326 2667 1491 2704 futurisque
1511 2669 1704 2705 temporibus,
1722 2669 1845 2697 Domino

1019 2710 1196 2743 protegente,
1214 2710 1715 2747 valeatinconvulsamanere,manu
1729 2713 1845 2750 propria

1019 2753 1118 2779 subter
1129 2762 1192 2781 eam
1205 2755 1562 2794 ﬁrmavimus,anulique
1574 2758 1664 2786 nostri
1681 2757 1845 2793 impressio-

1019 2805 1053 2823 ne
1070 2799 1214 2833 assignari
1226 2800 1385 2834 jussimus.

1054 2852 1067 2865 ‹‹
1084 2842 1205 2878 Signum
1222 2844 1314 2872 Caroli
1330 2845 1508 2881 gloriossimi
1525 2846 1611 2882 regis.

170 2893 227 2930 (93)
252 2893 359 2933 Parum
383 2892 681 2933 convenitjlilduinig
691 2892 805 2921 abbatis
828 2900 924 2921 annus
935 2901 972 2927 1v,
988 2893 1036 2929 qui
1053 2894 1082 2922 in
1100 2904 1116 2923 δ.
1131 2896 1199 2925 Chr.
1216 2897 1272 2925 869
1286 2897 1330 2926 vel
1355 2898 1408 2926 870
1431 2899 1544 2933 incidit,
1560 2906 1626 2927 cum
1651 2896 1743 2925 Caroli
1765 2895 1840 2931 regis

133 2938 161 2958 a.
175 2928 280 2963 xxvm,
292 2929 343 2966 qui
359 2931 404 2958 est
418 2928 484 2957 Chr.
502 2929 555 2956 867
570 2928 614 2957 vel
629 2929 692 2957 868.
