3882 6498
246 531 403 596 {847

1315 531 1686 608 FOLQUINI
1733 533 1798 598 Β.
1846 532 2163 599 BERTINI
2206 536 2589 600 MONACHI.

3509 536 3671 601 ιω

318 688 347 720 ‹‹
379 667 645 737 Gammo,
676 667 961 741 notarius,
1005 667 1078 724 ad
1106 667 1290 724 vicem
1322 668 1556 725 Goizeni
1602 685 1884 743 recogno-
1915 672 1969 739 Α
2001 671 2175 729 rebus
2196 689 2342 746 quas
2365 672 2436 729 ad
2456 689 2594 730 suos
2610 688 2754 729 usus
2774 668 3062 731 hactenus
3085 669 3671 745 possederunt;qua—

242 756 325 813 vit
350 762 407 814 et
436 759 807 830 subscripsit.

317 870 345 898 ‹‹
380 852 524 904 Data
554 864 595 904 ιι
627 848 765 904 Idus
797 846 1115 917 Februarii,
1136 845 1453 902 indictione
1483 864 1539 902 VI
1573 847 1704 918 (94),
1738 862 1890 901 anno

240 953 413 992 xxxw
438 937 600 1010 regni
634 937 836 992 nostri.
870 941 925 991 et
954 936 1014 991 in
1038 935 1699 999 successioneLotharii
1737 936 1890 1007 regie

241 1042 395 1080 anno
425 1043 499 1080 IV.

319 1138 340 1165 α
374 1117 580 1170 Actum
613 1114 1147 1179 Sancto-Quintino.
1186 1136 1212 1163 η

505 1205 618 1261 LII.
651 1206 723 1263 De
750 1206 1004 1260 unctione
1036 1204 1217 1259 Caroli
1250 1205 1620 1274 imperatoris.

309 1294 480 1367 (875.)
512 1294 649 1351 Post
680 1293 821 1362 haec,
855 1293 1114 1360 Carolus,
1150 1310 1245 1346 rex
1292 1291 1671 1347 occidentalis
1706 1292 1888 1346 Fran-

240 1382 364 1449 ciae,
398 1400 551 1439 anno
580 1383 751 1438 Verbi
785 1383 1069 1437 incarnati
1098 1382 1222 1449 877,
1274 1382 1518 1436 Romam
1551 1381 1707 1435 venit
1755 1397 1889 1434 cum

240 1471 502 1527 donariis
533 1470 760 1539 multis;
794 1472 1038 1543 ipsoque
1070 1471 1164 1526 die
1199 1469 1407 1525 natalis
1442 1469 1665 1524 Domini
1697 1469 1754 1523 in
1787 1469 1891 1524 im-

240 1566 566 1632 peratorem
598 1561 838 1627 electus,
880 1565 938 1614 et
964 1577 997 1614 a
1026 1560 1251 1615 Joanne
1302 1577 1453 1631 papa
1484 1562 1883 1625 consecratus,

236 1649 465 1705 Italiam
497 1650 810 1721 regendam
858 1649 1136 1720 suscepit.
1195 1650 1317 1714 Quo
1365 1647 1424 1701 in
1459 1647 1763 1703 Franciam
1799 1664 1887 1701 re-

236 1755 425 1807 verso,
459 1738 806 1804 Ludovicus,
853 1738 1032 1793 frater
1077 1738 1207 1808 ejus
1250 1754 1349 1791 rex
1377 1735 1675 1791 orientalis
1712 1738 1885 1790 Fran-

237 1827 358 1895 cia),
393 1828 704 1883 defunctus
736 1830 842 1883 est.
870 1828 1034 1882 Tunc
1054 1825 1296 1882 Carolus
1324 1826 1658 1897 imperator,
1683 1825 1888 1896 Aquis-

195 1981 203 1990 .
234 1917 402 1990 grani
434 1916 717 1989 palatium
741 1932 1010 1988 pergens,
1044 1915 1220 1970 etiam
1242 1914 1513 1971 Rhenum
1534 1931 1720 1985 usque
1752 1931 1884 1968 cum

235 2005 487 2062 exercitu
514 2004 794 2077 pervenit.
827 2005 936 2060 Sed
981 2004 1331 2071 Ludovicus,
1370 2021 1550 2075 nepos
1584 2005 1735 2074 ejus,
1768 2003 1885 2058 col-

232 2093 398 2151 lectis
429 2094 809 2150 orientalibus
842 2093 1077 2149 Francis
1103 2098 1160 2148 et
1178 2092 1527 2157 Saxonibus,
1550 2097 1757 2163 patruo
1789 2092 1884 2146 ob-

232 2184 389 2240 viam
436 2183 612 2250 venit,
682 2184 1027 2253 Renumque
1088 2198 1223 2237 cum
1271 2181 1526 2237 exercitu
1590 2180 1883 2252 pervenit;

234 2272 604 2343 transitoque
642 2270 760 2337 illo,
795 2271 855 2325 in
880 2270 1021 2326 villa
1039 2269 1402 2325 Anderniaca
1430 2286 1688 2341 pugnam
1722 2268 1880 2336 iniit;

233 2365 291 2416 et
302 2361 546 2416 victores
568 2359 807 2415 extitere
823 2357 1152 2427 orientales,
1173 2357 1630 2413 occidentalibus
1646 2357 1880 2429 fugatis.

233 2454 354 2505 Hoc
383 2453 679 2521 patratum
710 2452 800 2504 est
828 2465 925 2503 νιιι
956 2448 1093 2504 Idus
1124 2447 1361 2518 Aprilis.

307 2538 450 2594 LIII.
489 2538 852 2610 Privilegium
884 2537 1068 2662 θανοιέ
1107 2536 1454 2608 imperatoris
1482 2535 1548 2592 de
1582 2537 1808 2590 Turrin-

965 2626 1029 2662 aa
1073 2625 1157 2662 cm

963 2625 1157 2679 gancm

303 2698 499 2755 Hisita
517 2698 787 2771 peractis,
804 2698 991 2769 rogati
1016 2697 1270 2769 prmdicti
1291 2694 1643 2751 venerabilis
1656 2695 1883 2751 abbatis

230 2786 511 2855 Hilduini,
543 2787 832 2844 concessit
872 2787 1025 2842 idem
1060 2804 1158 2840 rex
1190 2783 1429 2841 Carolus
1465 2785 1537 2839 ad
1588 2790 1881 2840 monaste-

230 2877 385 2932 rium
409 2876 621 2945 Sithiu,
655 2876 727 2932 ad
751 2892 895 2932 usus
919 2874 1365 2944 monachorum,
1400 2873 1461 2927 in
1484 2871 1621 2927 villa
1643 2873 1883 2928 Turrin-

229 2965 462 3039 gahem,
496 2981 771 3020 mansum
817 2963 1330 3028 indominicatum,
1359 2978 1494 3017 cum
1525 2960 1881 3033 appenditiis

230 3072 358 3127 qure
390 3055 449 3109 in
483 3053 661 3127 regali
703 3053 1003 3127 privilegio
1037 3051 1514 3116 denominantur,
1548 3049 1702 3121 quod
1734 3067 1877 3121 prae-

229 3144 384 3199 fatus
414 3143 752 3215 imperator,
779 3142 851 3197 ob
884 3140 1150 3197 eamdem
1182 3155 1443 3206 causam,
1469 3137 1592 3193 fieri
1618 3137 1799 3208 jussit
1821 3137 1878 3193 in

228 3231 351 3288 haec
376 3230 530 3288 dicta
559 3248 622 3287 se
653 3230 990 3287 habentem.

270 3336 278 3343 '
822 3318 960 3376 LIV.
996 3317 1295 3390 Exemplar

2000 762 2133 818 liter
2163 781 2264 836 pro
2297 767 2498 819 nostra
2526 766 2583 818 et
2613 760 2883 834 conjugis
2917 766 3091 834 atque
3136 760 3320 834 prolis
3343 759 3661 818 incolumi-

2000 856 2137 919 tate,
2174 857 2230 907 et
2258 852 2437 908 totius
2469 851 2698 923 imperii
2735 869 2768 906 a
2799 852 2914 906 Deo
2954 851 3126 906 nobis
3150 850 3454 906 commissi
3478 855 3660 920 statu,

2001 958 2101 996 eos
2133 942 2374 997 liberius
2397 958 2633 996 exorare
2654 940 3097 1011 delcctet,atque
3121 945 3203 1007 ut,
3228 941 3302 995 ob
3319 940 3651 996 remedium

1994 1030 2120 1100 jam
2153 1031 2289 1084 dicti
2324 1030 2585 1084 IIilduini
2621 1030 2869 1094 abbatis,
2897 1029 3213 1084 Dominum
3254 1029 3662 1085 indesinenter

2002 1119 2311 1190 deprecare
2358 1119 2651 1172 studeant.
2685 1118 2752 1171 Et
2783 1120 2844 1170 ut
2867 1116 2977 1171 hoc
3008 1133 3111 1187 per
3141 1116 3341 1171 omnia
3392 1121 3664 1188 tempora

2002 1206 2412 1262 inviolabiliter
2432 1211 2822 1273 conservetur,
2852 1222 3031 1260 manu
3064 1205 3303 1276 propria
3332 1206 3536 1260 subter
3566 1204 3663 1259 fir-

2002 1295 2316 1359 mavimus,
2352 1299 2411 1349 et
2439 1294 2657 1349 annulo
2690 1298 2887 1348 nostro
2918 1293 3529 1365 insignirijussimus.

2072 1382 2986 1454 «SignumCaroli,gloriosissimi
3005 1382 3660 1455 imperatorisAugusti.

2074 1495 2101 1523 «
2132 1472 2530 1538 Audacherus,
2562 1471 2845 1538 notarius,
2880 1471 2952 1526 ad
2985 1471 3167 1526 vicem
3189 1470 3475 1539 Gauzlini,
3503 1488 3664 1527 reco-

1998 1560 2194 1632 gnovit
2228 1565 2285 1614 et
2316 1559 2688 1630 subscripsit.

2070 1672 2097 1699 «
2134 1648 2338 1703 Datam
2363 1666 2397 1702 v
2427 1648 2554 1702 Kal.
2605 1648 2768 1716 Julii,
2811 1646 3131 1703 indictione
3160 1664 3216 1712 x,
3255 1663 3409 1702 anno
3439 1658 3658 1705 mvul

1998 1738 2159 1808 regni
2195 1736 2395 1792 domni
2427 1735 2615 1791 Caroli
2665 1735 3039 1808 imperatoris
3086 1736 3146 1791 in
3179 1735 3423 1792 Francia
3451 1740 3510 1793 et
3540 1737 3657 1792 im-

1999 1827 2143 1898 perii
2176 1827 2454 1882 secundo.

2070 1938 2098 1965 «
2134 1918 2343 1971 Actum
2372 1915 2655 1971 Pontione
2684 1913 2922 1986 palatio.
2957 1932 2984 1963 »

1998 2004 2110 2059 LV.
2147 2007 2222 2059 Dc
2250 2005 2400 2059 obitu
2428 2003 2684 2059 Hilduz'ni'
2713 2004 2952 2077 abbatis,
2984 2008 3037 2059 et
3068 2003 3133 2059 de
3179 2005 3454 2077 exsequiis
3485 2007 3539 2060 et
3567 2021 3656 2060 se-

2625 2076 2853 2145 pultura
2880 2077 3017 2147 ejus.

2072 2164 2288 2220 Relatis
2320 2165 2498 2235 igitur
2517 2164 2935 2220 traditionibus
2956 2182 3084 2237 qua
3108 2165 3217 2220 sub
3241 2163 3655 2221 amantissimo

1999 2254 2206 2309 abbate
2237 2253 2512 2309 Hilduino
2544 2258 2686 2308 sunt
2707 2253 3026 2324 acquisitie,
3054 2253 3341 2309 incumbit
3359 2254 3489 2326 jam
3510 2258 3658 2310 tem-

1997 2360 2108 2415 pus
2131 2344 2342 2397 referre
2356 2359 2531 2413 quem
2558 2341 2875 2397 terminum
2900 2341 3484 2414 habueritpresentis
3499 2342 3654 2398 vitas.

1995 2434 2324 2503 Antequam
2338 2430 2611 2502 incipiam
2628 2429 2919 2485 calamum
2938 2431 3382 2502 ponere,horreo
3397 2430 3658 2488 tremula

1995 2521 2085 2575 vix
2118 2538 2297 2575 manu
2320 2519 2623 2592 attingere,
2659 2519 2941 2591 quoniam
2967 2525 3098 2591 post
3119 2518 3293 2586 hunc,
3328 2535 3502 2575 nemo
3530 2519 3657 2575 cle-

1994 2610 2249 2665 ricorum
2284 2608 2496 2663 similis
2519 2608 2802 2664 successit
2834 2609 2892 2663 in
2923 2606 3084 2663 nulla
3115 2607 3370 2663 bonitate
3395 2625 3408 2676 ;
3430 2608 3490 2662 in
3513 2608 3655 2680 ipso

1993 2716 2248 2771 namque
2289 2698 2419 2753 vitae
2450 2698 2721 2765 termino,
2759 2698 3015 2753 ostendit
3059 2713 3235 2769 quam
3268 2695 3647 2753 dilectionem

1992 2791 2393 2843 consecrasset
2410 2787 2682 2858 praedicto
2714 2785 2860 2842 loco.
2894 2786 3155 2857 Denique
3185 2801 3338 2839 anno
3368 2784 3650 2840 incarna-

1990 2877 2171 2932 tionis
2217 2875 2533 2931 Dominicze
2564 2875 2688 2943 877,
2715 2875 2813 2947 qui
2845 2879 2969 2930 erat
3011 2892 3202 2929 annus
3232 2873 3461 2947 praefati
3491 2873 3651 2946 regis

1992 2965 2181 3023 Caroli
2201 2982 2393 3020 xxxvn
2410 2965 2543 3036 (95),
2557 2968 2613 3020 et
2630 2963 2879 3035 imperiii
2901 2964 3165 3034 ejusdem
3194 2980 3252 3029 ιι,
3277 2962 3337 3018 ἰιι
3359 2961 3652 3020 Carisiaco

1992 3054 2170 3126 regali
2205 3053 2420 3126 palatio
2449 3053 2635 3108 isdem
2666 3051 2958 3124 gloriosus
2983 3052 3163 3107 abbas
3197 3050 3514 3107 Hilduinus
3537 3052 3645 3107 de-

1992 3144 2169 3199 cessit
2197 3160 2231 3198 a
2261 3141 2493 3210 saeculo,
2530 3158 2683 3197 anno
2706 3141 3011 3214 regiminis
3033 3142 3122 3196 sui
3142 3158 3219 3197 χιι
3233 3140 3364 3210 (96),
3399 3157 3478 3195 v11
3510 3140 3654 3196 Idus

1994 3232 2179 3290 Junii.
2221 3232 2444 3304 Corpus
2474 3235 2670 3287 autem
2702 3232 2851 3302 ejus,
2885 3229 3038 3286 sicut
3066 3232 3124 3285 et
3149 3229 3276 3302 ipse
3304 3229 3502 3284 vivens
3534 3245 3644 3301 po-

1994 3321 2332 3389 stulaverat,
2366 3320 2438 3375 ad
2493 3324 2766 3376 sanctum
2798 3318 3099 3375 Bertinum
3150 3321 3240 3373 est
3267 3316 3650 3373 translatum.

302 3406 398 3480 (27
425 3409 553 3465 Jun.
586 3408 736 3481 877.)
766 3430 793 3459 ‹‹
837 3407 900 3463 In
935 3406 1172 3462 nomine
1214 3407 1427 3461 sancta:
1473 3407 1530 3459 et
1571 3403 1880 3459 individua‘.
1913 3413 1959 3481 α
1994 3409 2249 3465 Veniens
2279 3412 2473 3465 autem
2529 3408 2836 3475 Atrebatis,
2869 3406 2926 3461 in
2961 3407 3147 3463 sancti
3177 3406 3412 3462 Vedasti
3445 3422 3653 3462 mona-

231 3494 555 3553 Trinitatis.
590 3495 853 3567 Carolus,
903 3495 1167 3568 ejusdem
1189 3494 1296 3549 Dei
1328 3493 1747 3566 omnipotentis
1770 3494 1880 3548 mi-

231 3585 567 3657 sericordia,
599 3586 919 3657 imperator
946 3586 1272 3656 Augustus.

304 3697 333 3725 ‹‹
368 3674 427 3730 Si
459 3674 602 3730 locis
634 3673 829 3729 divino
860 3672 1003 3729 culti
1036 3671 1386 3742 mancipatis
1417 3669 1881 3726 emolumentum

232 3762 553 3835 imperialis
583 3760 949 3818 celsitudinis
967 3760 1333 3824 exhibemus,
1357 3763 1412 3814 et
1444 3759 1514 3815 ad
1540 3765 1881 3831 praesentem

231 3852 411 3907 vitam
445 3849 676 3907 facilius
696 3849 1155 3922 transigendam,
1184 3852 1239 3903 et
1261 3849 1331 3903 ad
1364 3847 1623 3903 futuram
1657 3848 1883 3905 felicius

235 3940 617 3995 obtinendam
640 3939 748 3993 hoc
770 3939 940 3993 nobis
962 3937 1239 4010 prodesse
1271 3937 1489 4009 absque
1507 3934 1685 3994 dubio
1712 3939 1886 3993 conﬁ-

234 4028 451 4082 dimus.
488 4026 720 4081 Noverit
751 4026 929 4099 igitur
961 4024 1228 4081 omnium
1263 4024 1523 4081 ﬁdelium
1546 4031 1761 4081 sancta:
1780 4026 1882 4082 Dei

236 4114 495 4172 Ecclesia
525 4119 998 4186 nostrorumque,
1048 4118 1165 4171 tam
1216 4114 1589 4186 praesentium
1622 4132 1798 4188 quam
1831 4118 1889 4171 et

238 4204 596 4274 futurorum,
623 4203 934 4272 industria,
963 4203 1263 4276 quoniam,
1298 4221 1400 4276 per
1418 4204 1885 4277 deprecationem

236 4288 517 4364 Hilduini,
565 4291 911 4348 venerabilis
956 4293 1205 4361 abbatis,
1260 4293 1636 4348 concedimus
1683 4298 1886 4349 sancto

236 4382 469 4438 Bertino
501 4386 557 4438 et
583 4381 864 4438 fratribus
884 4381 1102 4437 ibidem
1130 4381 1371 4438 Domino
1397 4382 1889 4449 militantibus,ac

237 4488 376 4529 suos
398 4489 564 4540 usus,
590 4472 649 4526 in
685 4488 833 4544 pago
862 4471 1166 4538 Ternensi,
1200 4471 1260 4527 in
1291 4470 1431 4526 villa
1460 4470 1887 4544 Turringahem

236 4577 511 4617 mansum
537 4559 1045 4627 indominicatum,
1067 4565 1142 4628 et,
1169 4561 1323 4616 inter
1354 4558 1576 4632 sylvam
1595 4564 1653 4615 et
1673 4566 1888 4616 terram

237 4648 488 4704 bunaria
518 4666 629 4716 LIV,
664 4653 720 4703 et
767 4648 1062 4721 mancipia
1085 4666 1206 4715 xm,
1238 4653 1295 4704 et
1326 4665 1533 4704 mansa
1573 4647 1807 4705 servilia
1836 4666 1893 4706 ιν

1994 3498 2172 3554 sterio
2206 3515 2324 3553 una
2354 3496 2717 3569 pernoctavit
2747 3501 2934 3564 nocte,
2978 3500 3154 3569 atque
3189 3511 3374 3551 unum
3399 3493 3653 3567 pallium

1995 3588 2138 3643 satis
2169 3585 2665 3660 pretiosissimum
2696 3602 2799 3658 pro
2831 3585 2930 3640 illo
2960 3584 3105 3640 inibi
3134 3588 3221 3641 est
3243 3585 3468 3640 datum.
3495 3585 3651 3640 Tan-

1994 3676 2127 3735 dem
2160 3677 2231 3732 ad
2263 3675 2451 3731 Sithiu
2476 3679 2842 3747 perventum,
2865 3674 3011 3729 satis
3034 3672 3321 3729 luctuosis
3338 3673 3655 3745 exsequio-

1995 3781 2126 3819 rum
2175 3763 2493 3836 ejulatibus
2543 3762 3031 3828 concelebratum,
3066 3762 3126 3817 in
3172 3760 3420 3818 ecclesia
3461 3761 3658 3817 sancti

1994 3852 2238 3922 Bertini,
2269 3856 2474 3907 contra
2514 3852 2704 3909 sancti
2735 3850 2968 3907 Martini
3018 3850 3201 3906 altare
3247 3850 3649 3923 capitaneum,

1996 3946 2083 3997 est
2112 3940 2497 3997 tumulatum.
2547 3942 2735 4012 Atque
2784 3941 2939 3996 inter
2967 3944 3175 3995 caetera
3213 3939 3478 4008 donaria,
3511 3940 3656 3997 huic

1997 4047 2162 4085 sacro
2193 4029 2317 4085 loco
2348 4028 2595 4102 pallium
2628 4029 2943 4102 quemdam
2977 4028 3265 4084 concessit
3293 4028 3658 4101 pretiosissi-

1999 4136 2186 4187 mum,
2219 4135 2592 4191 cappamque,
2616 4117 2766 4173 nivei
2797 4116 3008 4172 coloris
3043 4116 3242 4171 rubeis
3272 4116 3653 4174 intersertam

1997 4206 2302 4262 volucrum
2316 4207 2542 4280 ﬁguris,
2558 4205 2962 4274 cortinamque
2980 4204 3052 4259 de
3070 4203 3249 4275 pallio
3272 4206 3460 4276 pretio
3482 4206 3661 4262 raris—

1999 4294 2540 4351 simam.Gloriosus
2554 4298 2747 4349 autem
2762 4293 3076 4363 imperator
3086 4290 3373 4359 Carolus,i
3381 4294 3473 4365 psi
3482 4312 3552 4350 us
3564 4295 3664 4351 ab-

2000 4383 2152 4439 batis
2170 4383 2344 4439 ﬁdem
2359 4380 2824 4453 obsequiumque
2842 4395 3262 4448 rememorans,
3277 4379 3660 4456 privilegium

2001 4472 2298 4545 quoddam
2326 4471 2452 4543 ipso
2474 4474 2678 4527 sancto
2704 4468 2828 4525 loco
2847 4468 3138 4524 concessit
3163 4486 3175 4538 ;
3200 4469 3261 4524 in
3286 4485 3402 4541 quo
3425 4472 3663 4527 ordina-

1999 4562 2220 4617 tionem
2243 4558 2603 4628 monasterii,
2630 4558 2781 4614 sicut
2801 4557 3002 4613 vivens
3024 4557 3361 4630 expetierat,
3380 4563 3515 4631 post
3529 4561 3661 4632 ejus

2003 4654 2250 4705 mortem
2274 4648 2432 4721 regia
2453 4646 3116 4718 auctoritate,disposuit
3132 4646 3194 4725 in
3206 4647 3364 4703 hunc
3386 4649 3658 4704 modum.

239 4737 611 4846 pfﬁbunajrjal
632 4752 735 4793 VIII
757 4755 770 4803 ;
793 4743 849 4792 et
877 4738 935 4793 in
967 4737 1471 4846 Monoljinsehem
1492 4738 1739 4846 IIIIna'riI}
1758 4755 1887 4837 IIXII.
1921 4781 1969 4846 Β
2003 4755 2139 4810 LVI.
2176 4755 2539 4826 Priviiegium
2588 4753 2772 4846 qargii
2811 4755 3168 4846 imperatoris
3196 4753 3263 4809 de
3303 4753 3664 4826 ἀίδροείιίοπι

239 4826 311 4880 ad
336 4825 461 4896 jam
497 4824 722 4881 dictum
746 4842 1018 4881 mansum
1043 4825 1392 4897 pertinentia
1420 4844 1432 4894 ;
1462 4831 1516 4881 et
1548 4826 1607 4881 in
1642 4825 1890 4881 Belrimo

237 4912 489 4969 bunaria
507 4917 663 4978 xv,et
686 4913 743 4968 in
769 4913 1041 4969 Menteka
1061 4913 1311 4969 bunaria
1328 4931 1450 4981 VIII,
1475 4919 1532 4970 et
1555 4914 1614 4968 in
1635 4914 1893 4971 Vertune

239 5003 489 5059 bunaria
501 5002 805 5059 xxx.Unde
826 5002 937 5057 hoc
956 5006 1166 5059 nostrae
1189 5002 1518 5059 altitudinis
1541 5010 1892 5075 praeceptum

242 5090 368 5145 ﬁeri
400 5095 456 5146 et
486 5091 827 5147 memoratis
856 5090 1133 5146 fratribus
1152 5092 1343 5146 sancti
1368 5091 1589 5147 Bertini
1622 5093 1745 5147 dari
1761 5095 1891 5164 jus-

242 5178 431 5233 simus
455 5196 471 5246 ;
495 5195 598 5251 per
629 5179 785 5250 quod
816 5180 1188 5252 praecipimus
1211 5182 1384 5251 atque
1405 5181 1801 5252 jubemus,ut,
1819 5182 1891 5238 ab

242 5265 528 5321 hodierna
546 5266 639 5320 die
661 5271 716 5321 et
737 5267 1031 5338 deinceps,
1056 5267 1363 5339 praedictas
1386 5285 1476 5322 res
1500 5268 1559 5322 in
1584 5286 1723 5324 suos
1749 5287 1894 5325 usus

242 5356 569 5424 assumant,
603 5358 661 5409 et
704 5353 909 5408 exinde
959 5353 1169 5427 agendi
1224 5354 1566 5424 bujusmodi
1596 5354 1892 5412 licentiam

241 5442 497 5499 habeant
525 5445 584 5496 et
611 5441 960 5496 mternaliter
995 5443 1368 5514 disponendi,
1398 5442 1550 5497 sicut
1578 5447 1637 5499 et
1664 5460 1733 5499 ex
1762 5444 1892 5501 aliis

316 5548 428 5620 (94)
458 5546 614 5602 Fort.
661 5544 889 5616 legend.
925 5546 1117 5601 indict.
1149 5561 1248 5615 v11,
1281 5560 1409 5616 quin
1443 5546 1711 5600 convenit
1758 5562 1893 5603 cum

245 5620 715 5762 ajggthegend.
744 5701 938 5762 xxviii,
970 5691 1035 5742 ut
1064 5686 1311 5762 videtur.

315 5755 426 5836 (96)
459 5755 958 5842 Fortelehendum
987 5776 1082 5841 χιε
1113 5756 1425 5812 Hilduinus
1462 5755 1755 5883 siqpidem
1775 5759 1896 5883 regi

315 5851 379 5883 sn
412 5833 754 5883 monasterii
787 5828 1099 5883 Sithiensis
1132 5831 1469 5883 susceperat
1498 5830 1521 5883 4
1595 5825 1733 5883 Jun.
1768 5828 1838 5883 86
1880 5870 1893 5883 .

245 5825 380 5893 men
409 5825 754 5891 monasterii
787 5828 1099 5888 Sithiensis
1132 5831 1469 5900 susceperat
1498 5825 1567 5885 49
1595 5825 1733 5884 Jun.
1768 5828 1838 5883 86

2609 4824 2773 4897 hujus
2806 4826 2910 4881 loci
2941 4825 3053 4897 (97)

2073 4914 2165 4982 (20
2199 4917 2335 4969 Jun.
2379 4913 2531 4982 877.)
2562 4935 2590 4964 ‹‹
2627 4913 2690 4968 In
2724 4912 2962 4968 nomine
3008 4917 3224 4968 sanctae
3254 4916 3312 4968 et
3343 4911 3663 4969 individua;

2002 5000 2309 5059 Trinitatis
2339 5000 2597 5069 Carolus,
2630 5001 2896 5071 ejusdem
2924 5001 3023 5056 Dei
3057 5000 3477 5073 omnipotentis
3490 5002 3666 5058 mise-

2002 5092 2275 5164 ricordia,
2302 5091 2625 5163 imperator
2657 5091 2977 5162 Augustus.
3012 5089 3129 5159 (98)
3158 5088 3378 5146 Priscis
3430 5088 3577 5146 locis
3607 5095 3666 5147 et

2002 5181 2063 5236 in
2093 5179 2197 5246 eis,
2231 5195 2333 5250 pro
2382 5179 2564 5233 totius
2615 5178 2889 5235 Ecclesia
2935 5182 3150 5233 sancta:
3177 5181 3355 5246 statu,
3405 5177 3523 5235 Deo
3554 5179 3663 5233 mi-

2003 5268 2333 5337 litantibus,
2360 5267 2618 5324 debitam
2666 5283 2869 5324 curam
2910 5271 2967 5323 et
2995 5267 3398 5323 defensionem
3429 5266 3661 5341 impen-

2005 5358 2201 5415 dimus
2223 5375 2236 5426 ;
2262 5357 2636 5430 profuturum
2669 5355 2840 5411 nobis
2871 5356 2943 5412 ad
2978 5358 3322 5429 praesentem
3351 5353 3533 5411 vitam
3574 5356 3659 5411 fe-

2004 5443 2191 5500 liciter
2210 5443 2651 5518 transigendam
2668 5448 2726 5499 et
2746 5444 3028 5513 futuram,
3048 5444 3163 5500 Deo
3186 5441 3661 5516 opitulante,om-

2002 5550 2311 5643 “51:39?!
2311 5567 2349 5643 ἓ
2376 5566 2427 5632 °:
2459 5550 2550 5643 Ἂ-

2076 5622 2191 5692 (97)
2220 5620 2370 5677 Edit.
2406 5620 2463 5675 in
2499 5621 2638 5678 Gall.
2674 5620 2877 5677 Christ.
2908 5637 3040 5677 nov.
3075 5624 3220 5677 tom.
3245 5621 3344 5691 III,
3377 5620 3660 5677 instrum.

2005 5693 2264 5775 colzmi‘lq,
2296 5697 2353 5773 et
2383 5692 2560 5775 Scrz’p.
2593 5693 2793 5775 Fraag.
2823 5697 2966 5749 tom.
3000 5692 3146 5749 VIII.
3183 5708 3315 5766 pag.
3356 5693 3477 5747 664.

2076 5764 2191 5832 (98)
2220 5764 2434 5820 Omiss.
2467 5764 2703 5820 videtur
2732 5764 2812 5820 Si.
