1941 3249
123 274 203 310 1249

816 272 1138 306 CHARTULARlUM.

1756 278 1769 307 1
1776 276 1835 307 250

122 341 243 371 nimodo
258 349 317 369 non
335 341 517 369 dubitamus.
530 340 669 369 Noverint
684 340 783 376 itaque
798 347 902 368 omnes
917 340 953 366 ﬁ-
967 340 996 373 Α
1011 339 1150 369 humatus
1168 341 1258 377 jacet,
1284 342 1506 371 conﬁrmamus.
1534 342 1727 371 Decernimus
1745 342 1834 370 etiam

123 385 204 413 deles
213 388 320 413 sanctas
327 385 378 413 Dei
386 385 520 414 Ecclesiae
530 388 559 413 et
572 384 678 418 nostri,
692 386 851 421 praesentes
865 387 954 420 atque

124 429 226 463 futuri,
242 430 312 466 quia
337 430 512 458 venerabilis
535 430 580 457 vir
594 429 762 461 Ailduinus,
783 429 875 457 abbas
896 437 953 456 cae-

125 474 204 502 nobii
221 474 313 502 sancti
330 475 407 502 Petri
434 475 510 510 quod
536 477 656 502 vocatur
684 473 791 506 Sithiu,
810 473 860 501 ubi
885 481 955 500 con-

126 518 271 546 fessorum
287 518 394 546 Christi
410 519 569 546 Audomari
596 521 684 554 atque
709 518 817 546 Bertini
835 526 955 553 corpora

125 563 210 590 beata
229 563 326 599 quiete
343 563 492 597 fruuntur,
510 562 679 590 celsitudini
696 564 802 590 nostrae
820 562 955 597 frequen-

126 605 241 634 tissime
257 607 415 642 suggessit,
432 607 567 634 eumdem
586 608 720 633 sanctum
735 605 843 640 locum,
856 613 954 632 rerum

126 658 249 678 suarum
260 650 454 678 diminutione
467 650 591 678 nimium
600 650 755 686 periclitari
767 658 772 683 ;
785 656 955 677 memorans

127 694 279 731 Hugonem
295 694 490 722 venerabilem
506 695 654 727 abbatem,
669 694 818 730 quondam
836 693 953 721 ordina-

127 739 237 767 tionem
254 739 333 767 illius
350 739 443 767 sancti
460 739 513 767 loci
528 741 741 774 competentem
749 739 956 766 summadevo-

127 783 204 811 tione
230 784 386 819 disponere
411 783 538 812 voluisse
561 786 589 811 et
614 783 746 819 ccepisse,
778 784 839 817 sed,
863 785 956 810 morte

128 829 319 864 praeventum,
346 837 404 855 non
432 828 611 864 perfecisse;
638 836 668 855 se
691 836 768 861 vero,
797 828 958 863 praedeces-

128 872 204 901 soris
217 872 426 900 benevolentiae
443 872 599 904 litercdem,
618 871 785 899 humillima
806 871 958 899 devotione

127 919 160 943 ut
178 917 369 952 perﬁceretur
383 925 513 944 exorare.
532 917 590 943 Nos
612 916 721 951 itaque,
733 916 797 951 jam
813 915 882 942 dicti
898 915 958 943 cari

127 961 223 988 nostri
236 960 376 994 Hilduini,
389 960 557 996 nuperrime
573 960 712 992 defuncti,
730 959 892 995 supplicem
908 960 958 986 (le-

126 1005 277 1033 votionem
293 1006 321 1032 et
337 1004 481 1032 sinceram
503 1012 571 1039 erga
594 1013 646 1031 nos
664 1004 749 1030 ﬁdem
766 1003 956 1038 obsequium-

129 1057 188 1083 que
197 1048 406 1076 multimodum
414 1048 742 1084 recolentes,ipsiusque
752 1048 957 1084 supplicationi

128 1092 158 1119 in
171 1093 340 1120 memoratis
349 1096 522 1125 annuentes,
536 1093 959 1124 decernimusauctoritateim-

128 1137 286 1171 peratoria,
305 1139 336 1164 ut
353 1137 382 1164 in
395 1137 573 1164 monasterio
585 1137 678 1164 sancti
692 1137 777 1169 Petri,
796 1137 844 1164 ubi
857 1137 959 1164 beatus

126 1180 266 1208 Bertinus
274 1181 440 1216 requiescit,
453 1182 510 1209 Deo
523 1182 711 1214 famulantes,
731 1182 766 1208 ad
781 1184 891 1209 statum
904 1181 958 1209 loci

127 1225 225 1252 sancti
249 1225 346 1258 istius,
372 1225 424 1252 has
448 1234 493 1253 res
516 1226 664 1261 deinceps,
691 1225 753 1253 sine
779 1224 869 1253 ullius
898 1234 959 1252 mo-

126 1269 214 1297 lestia
244 1269 288 1297 vel
314 1269 522 1302 diminutione,
547 1270 726 1303 contineant,
753 1269 903 1297 videlicet:
921 1270 958 1296 ad

128 1322 266 1341 mansum
278 1314 449 1341 monasterii
462 1313 680 1347 dominicalcm,
697 1313 878 1348 vaccaritias,
891 1322 956 1341 cum

130 1358 220 1394 sylvis
235 1359 449 1394 adjacentibus,
463 1358 491 1385 in
501 1359 721 1394 Witlingaham,
739 1358 958 1394 Wolingaham,

129 1402 370 1439 Vumpingaham
387 1411 452 1429 cum
467 1403 629 1436 Limchold,
642 1403 785 1430 Hilsferod
799 1411 865 1430 cum
874 1403 960 1430 Lard-

130 1447 224 1474 bruca
247 1449 275 1474 et
299 1448 411 1479 Grevia,
436 1447 597 1481 Hirnetbol,
627 1447 837 1480 Daliinbahcm,
869 1447 960 1475 Grue-

130 1492 276 1528 nonberg,
294 1501 358 1519 cum
372 1492 483 1519 caeteris
508 1492 681 1527 adjacentiis
695 1492 884 1519 etterritoriis
898 1501 959 1519 car-

130 1536 334 1572 pentariorum
351 1545 367 1563 v
383 1536 454 1563 inibi
467 1536 653 1571 jar-antibus;
670 1538 698 1563 et
713 1536 795 1563 villas
804 1536 857 1563 has
871 1537 964 1564 :V'ue-

131 1581 193 1609 sari
199 1580 960 1615 nium,Tarncnna,Coiacus,Aiskinium,Alrlomhem,

131 1625 237 1659 Gisna,
253 1625 347 1657 Scala,
365 1625 617 1654 Thorbodashcm.
635 1625 904 1660 Pupurningahem,
922 1628 960 1659 et,

130 1670 160 1697 in
172 1669 308 1701 Marisco,
335 1669 556 1705 Buoningaliem
578 1679 584 1701 ;
603 1670 704 1701 Itecca,
722 1678 788 1697 cum
805 1669 958 1704 serlilibus,

1009 392 1131 420 quisque
1143 393 1159 412 a
1171 387 1302 421 tempore
1309 385 1438 421 praecelsi
1446 386 1586 422 genitoris
1599 387 1704 423 nostri,
1722 386 1835 415 collatis

1010 428 1179 457 devotorum
1198 430 1234 457 ad
1250 438 1350 458 eorum
1366 431 1675 458 commemorationem
1688 431 1836 459 celebrans

1010 473 1088 506 dam,
1106 473 1199 506 eidem
1215 477 1315 502 sancto
1331 474 1405 507 loco,
1428 478 1572 502 curiarum
1591 475 1834 511 rit-legationibus,

1010 525 1061 552 per
1075 518 1192 545 easdem
1218 519 1424 546 conﬁrmatum
1451 523 1504 551 est,
1522 520 1685 547 secundum
1701 519 1833 555 ipsorum

1011 561 1221 597 delegationem
1231 565 1258 590 et
1265 563 1459 591 ecclesiastica
1467 573 1492 591 ru
1502 568 1580 590 sanct
1587 565 1837 597 ionem,maneant

1011 606 1139 633 stabilita
1164 608 1192 634 et
1216 615 1280 642 qua:
1298 607 1325 634 in
1343 609 1530 642 postmodum
1548 608 1649 635 eodem
1666 610 1765 636 tenore
1781 609 1837 636 Do—

1011 650 1251 678 miniSalvazoris
1259 651 1404 678 addiderit
1415 651 1578 678 clementia.
1592 652 1756 680 Statuimus
1767 661 1837 688 quo-

1011 702 1067 730 que
1084 697 1115 722 ut
1131 694 1159 721 in
1176 695 1277 722 eodem
1294 696 1473 723 monasterio
1490 705 1631 723 numerus
1648 697 1835 724 Lmonacho-

1011 747 1088 771 rum,
1115 739 1278 767 secundum
1303 740 1541 767 constitutionem
1568 740 1667 768 rlomni
1696 741 1837 777 genitoris

1012 783 1114 816 nostri,
1140 786 1280 819 perpetuo
1302 786 1400 811 tenere
1425 788 1555 812 servetur
1576 794 1581 816 ;
1612 787 1641 812 et
1664 785 1837 821 prmpositus

1012 828 1165 863 canterique
1180 828 1388 856 ministeriules
1412 837 1599 864 nequaquam
1626 830 1708 862 ﬁant,
1732 829 1788 858 nisi
1804 839 1838 857 ex

1012 871 1085 906 ipsis
1102 871 1252 904 fratribus,
1270 880 1321 907 per
1336 872 1505 902 electionem
1527 882 1629 900 eorum
1649 875 1678 900 et
1692 882 1837 902 consensu

1013 915 1139 942 abbatis.
1165 915 1297 943 Habeant
1319 915 1410 950 igitur
1434 925 1536 944 omnes
1562 926 1606 944 res
1642 918 1837 954 praescriptas,

1012 959 1156 994 imperiali
1182 959 1354 987 auctoritate
1372 961 1531 993 roboratus,
1559 963 1705 996 quatenus
1720 963 1838 990 eosdem

1015 1003 1062 1031 Dei
1087 1003 1213 1031 famulos
1238 1012 1289 1039 pro
1312 1004 1396 1030 nobis
1420 1013 1453 1031 ac
1477 1006 1601 1041 conjuge
1623 1005 1667 1033 vel
1683 1006 1763 1041 prole
1779 1009 1839 1034 sta-

1015 1048 1228 1083 tuqueimperii
1241 1048 1343 1080 nostri,
1359 1048 1470 1075 Domini
1481 1049 1838 1079 misericordiamuberius

1015 1100 1133 1119 exorare
1149 1092 1281 1119 delectet.
1301 1092 1329 1119 Et
1350 1096 1380 1119 ut
1396 1093 1455 1119 lnec
1472 1093 1661 1121 auctoritatas
1676 1103 1727 1130 per
1740 1096 1840 1123 omnia

1015 1139 1148 1172 tempora
1169 1136 1376 1163 inviolabiliter
1398 1140 1594 1171 conservetur,
1617 1147 1705 1166 manu
1723 1140 1840 1175 propria

1015 1181 1116 1208 subter
1135 1180 1330 1212 ﬁrmavimus,
1355 1183 1385 1208 et
1411 1181 1511 1208 annuli
1530 1182 1620 1210 nostri
1645 1182 1839 1219 impressione

1015 1224 1150 1260 insigniri
1161 1225 1320 1260 jussimus.

1051 1281 1064 1293 «
1082 1269 1206 1305 Signum
1222 1269 1315 1297 Caroli
1332 1269 1536 1305 gloriosissimi
1554 1271 1749 1307 imperatoris.

1053 1324 1066 1337 ‹‹
1086 1313 1244 1348 Audather,
1272 1314 1415 1346 notarius,
1441 1315 1475 1342 ad
1502 1315 1593 1343 vicem
1620 1315 1739 1344 Gosleni
1762 1325 1840 1345 reco-

1015 1358 1124 1393 gnovit.

1052 1414 1065 1426 ‹‹
1083 1402 1155 1429 Data
1170 1411 1209 1429 xu
1227 1402 1287 1435 Kal,
1305 1403 1385 1437 Julii,
1404 1412 1480 1431 anno
1497 1413 1591 1431 xxxvu
1615 1404 1682 1441 (99),
1700 1408 1840 1441 regnante

1016 1447 1123 1474 domno
1139 1447 1250 1479 Carolo,
1268 1447 1441 1483 imperiique
1456 1448 1589 1482 ejusdem
1605 1457 1635 1476 ll.

1052 1503 1065 1515 ‹‹
1083 1492 1187 1518 Actum
1202 1491 1231 1519 in
1248 1491 1425 1527 Compendio
1436 1492 1543 1528 palatio
1558 1492 1714 1529 imperiali,
1732 1494 1778 1521 die
1793 1503 1841 1522 xxv

1016 1538 1082 1571 post
1098 1538 1222 1563 mortem
1239 1536 1348 1571 praefati
1366 1537 1491 1564 abbatis.
1504 1548 1517 1561 η

1159 1580 1240 1608 LVII.
1259 1581 1293 1608 De
1309 1583 1394 1608 morte
1410 1581 1502 1608 Caroli
1514 1582 1697 1617 imperatoris.

1052 1625 1138 1659 (877.)
1157 1625 1222 1652 Post
1232 1625 1303 1658 hac,
1320 1626 1421 1653 eodem
1437 1635 1525 1660 anno,
1542 1627 1662 1654 Carolus
1682 1627 1841 1664 imperator
1854 1648 1861 1655 ι

1017 1670 1140 1696 Romam
1157 1678 1311 1705 properare
1327 1670 1438 1703 volens,
1452 1673 1515 1706 post
1532 1672 1664 1699 medium
1679 1671 1791 1700 Julium
1803 1673 1839 1701 de

129 1714 162 1745 in
175 1714 280 1748 furnis,
298 1715 421 1749 etjuxta
438 1714 564 1742 Merkisa
579 1717 625 1747 ;et
642 1715 729 1741 Loom
748 1715 783 1741 ad
801 1714 935 1742 Sentinas
950 1724 957 1749 ;
975 1706 996 1739 C
1018 1714 1138 1740 Francia
1152 1713 1207 1740 iter
1222 1714 1355 1749 arripuit,
1374 1716 1402 1741 et
1417 1714 1446 1741 in
1463 1714 1575 1742 Italiam
1602 1715 1730 1750 veniens,
1752 1716 1841 1753 Papia
1863 1732 1870 1738 ι

129 1758 160 1786 in
177 1758 340 1786 Calmontis
368 1767 484 1794 quoque
508 1758 586 1792 villa,
610 1759 738 1794 exceptis
761 1758 807 1785 liis
829 1767 891 1794 qua:
908 1759 958 1786 be-

128 1802 268 1831 neﬁciata
285 1803 409 1837 fuerant,
437 1812 606 1830 mansorum
632 1804 818 1830 medietatem
838 1806 865 1831 et
879 1812 959 1830 mun-

128 1847 277 1885 cipiorum
300 1857 307 1881 ;
323 1847 473 1875 vinearum
489 1850 586 1875 autem
605 1848 666 1874 dum
684 1850 781 1882 partes
801 1856 958 1881 ;mansum

127 1892 377 1920 indominicatum
406 1901 471 1919 cum
500 1892 633 1919 bunariis
649 1901 676 1918 Χ.
693 1892 768 1919 Sunt
783 1900 899 1927 quoque
918 1892 958 1919 fa-

128 1936 222 1964 mulis
246 1937 414 1965 monasterii
432 1946 489 1963 uxti
515 1937 557 1963 llic
579 1936 653 1962 villa:
672 1936 815 1971 deputatae
836 1936 957 1969 Kelmis,

125 1981 314 2017 Atquinium,
339 1981 527 2016 Beingaliem,
553 1989 620 2007 cum
638 1980 792 2013 territorio,
819 1980 849 2007 in
866 1981 958 2008 Bum-

127 2026 313 2062 mingahem,
340 2025 563 2061 Sinningahcm,
593 2024 856 2060 Oklmningahcm;
880 2027 908 2051 et
928 2025 958 2052 in

126 2072 214 2098 vetus
232 2070 443 2098 monasterium
462 2069 663 2104 piscationem,
681 2068 756 2095 sicut
773 2071 801 2095 et
817 2069 956 2097 anterius.

126 2115 182 2143 His
204 2115 293 2142 rebus
321 2114 489 2149 adjicimus,
515 2114 549 2140 ad
576 2114 685 2140 victum
708 2113 842 2147 fratrum,
858 2113 957 2140 villam

127 2159 249 2187 nomine
259 2158 446 2195 Liegesborli,
473 2167 537 2185 cum
564 2158 642 2185 omni
668 2158 831 2193 integritate
846 2166 909 2190 sua,
926 2160 958 2185 ut

126 2203 199 2231 olim
214 2203 279 2236 fuit,
297 2203 425 2238 exceptis
442 2202 603 2229 cavallariis
622 2203 725 2229 tribus.
742 2202 783 2229 Ad
805 2203 956 2229 kamaram

127 2249 266 2282 fratrum,
291 2247 320 2275 in
345 2247 493 2277 vestiario.
519 2247 675 2282 adjicimus
693 2246 871 2274 Krokasbem
890 2255 956 2273 eum

126 2292 311 2326 Westkerda,
336 2294 364 2319 et
389 2300 456 2319 cum
478 2291 676 2327 appenditiis;
703 2291 777 2318 etin
793 2290 956 2318 Gelwalda-

126 2338 221 2373 storp.
248 2335 403 2364 ecclesiam
429 2338 457 2363 et
475 2336 572 2363 vineas
589 2338 615 2363 et
633 2344 735 2362 mansa
757 2343 796 2363 xu
822 2344 887 2362 cum
905 2335 955 2363 bo-

126 2381 280 2414 minibus;
302 2380 372 2417 item
404 2380 432 2407 in
448 2379 572 2412 Kasello,
590 2380 667 2407 ultra
691 2380 836 2410 Rhenum,
854 2388 958 2408 mansa
973 2389 995 2421 Β

126 2425 267 2453 similiter
289 2433 329 2452 xu
350 2433 356 2458 ;
384 2425 413 2451 in
438 2425 576 2457 Frekena,
604 2433 707 2452 mansa
731 2433 758 2457 Χ,
774 2433 839 2451 cum
864 2427 956 2453 matre

126 2469 261 2503 ecclesia,
277 2471 306 2497 et
330 2469 475 2496 decimam
501 2468 560 2496 illic
584 2469 762 2501 ordinatam,
780 2477 845 2496 cum
864 2468 957 2496 homi~

127 2513 238 2548 nibus;
254 2513 284 2541 in
302 2513 445 2541 Daventre
470 2515 566 2549 portu,
590 2522 693 2541 mansa
707 2522 746 2540 v11
764 2522 771 2547 ',
790 2513 825 2540 ad
842 2516 955 2549 portam

127 2560 238 2592 autem,
266 2559 333 2586 ante
349 2558 425 2586 fores
447 2557 584 2591 ecclesiae,
602 2558 787 2585 vaccoritiam
805 2567 872 2585 cum
889 2558 956 2585 hor-

127 2602 209 2637 tulo;
230 2605 272 2636 et,
298 2603 328 2630 in
354 2603 527 2635 Loconesse,
554 2611 657 2629 mansa
676 2611 726 2635 vn,
744 2611 810 2630 cum
827 2603 889 2630 suis
905 2612 955 2638 ap-

126 2647 267 2683 penditiis
274 2650 303 2675 et
312 2647 478 2683 mancipiis.
488 2647 678 2675 Tcrritorium
687 2655 803 2682 quoque
810 2650 837 2674 et
845 2647 954 2681 vineas,

126 2699 202 2727 quas
229 2691 389 2727 przedictus
412 2691 502 2719 abbas
525 2690 692 2725 Hilduinus,
720 2700 753 2718 ex
778 2692 956 2726 proprietate

126 2744 192 2770 sua,
209 2736 239 2764 in
255 2735 566 2772 pagoVermandense,
584 2734 612 2762 in
628 2734 690 2762 loco
708 2736 957 2771 nuncupatoHeb-

125 2779 260 2815 bencurt,
286 2780 383 2807 eidem
408 2779 597 2811 monasterio,
619 2787 671 2814 pro
697 2778 825 2806 remedio
851 2779 955 2806 animae

124 2832 196 2860 suis,
221 2823 358 2858 contulit,
389 2824 425 2852 ad
451 2823 609 2851 luminaria
634 2823 728 2859 ipsius
751 2822 878 2850 ecclesiae
904 2823 954 2851 ubi

1016 1758 1130 1785 obviam
1147 1757 1250 1785 habuit
1264 1758 1408 1785 Joannem
1424 1767 1541 1794 papam.
1565 1758 1710 1794 Venitque
1722 1759 1839 1788 Carolo-

1015 1810 1252 1837 mannus,nepos
1268 1801 1373 1835 Caroli,
1386 1810 1452 1830 cum
1466 1802 1567 1830 multis
1580 1802 1839 1832 millibusbellato-

1015 1855 1080 1873 rum
1097 1846 1132 1873 de
1148 1846 1282 1880 Bajoaria
1296 1847 1324 1873 et
1339 1845 1461 1882 reliquis
1480 1846 1693 1874 Germanorum
1711 1848 1839 1877 orienta-

1015 1890 1102 1923 libus,
1120 1890 1374 1918 contradicensilli
1391 1890 1480 1918 Italiae
1498 1899 1632 1927 regnum.
1648 1892 1762 1920 Etcum
1779 1902 1837 1921 non

1014 1935 1134 1962 haberet
1145 1935 1258 1969 copiam
1268 1934 1388 1962 Carolus
1404 1943 1454 1962 rex
1465 1935 1618 1963 resistendi
1640 1945 1731 1972 papa,
1749 1937 1839 1965 dona-

1014 1979 1065 2006 riis
1080 1979 1173 2006 sancti
1200 1979 1273 2006 Petri
1291 1979 1514 2014 commendatis,
1533 1988 1667 2009 reversus
1682 1983 1738 2014 est,
1755 1981 1839 2009 inﬁr-

1014 2026 1180 2058 matusque,
1198 2023 1274 2050 intra
1287 2023 1373 2059 Alpes
1384 2024 1455 2052 obiit
1471 2033 1501 2052 III
1513 2025 1611 2053 Nonas
1622 2025 1765 2054 Octobris.
1783 2027 1838 2054 Cu-

1009 2068 1060 2103 jus
1076 2076 1182 2102 corpus
1194 2067 1345 2095 militesxv
1359 2068 1463 2096 diebus
1483 2070 1665 2099 aromatibus
1681 2071 1835 2099 conditum

1014 2113 1150 2144 ferentes,
1167 2121 1232 2139 cum
1260 2113 1369 2145 fmtore,
1394 2115 1512 2149 propter
1533 2113 1670 2146 calorem,
1686 2123 1839 2150 gravaren-

1013 2158 1070 2191 tur,
1098 2156 1241 2183 miserunt
1266 2157 1295 2183 in
1319 2159 1440 2185 tonnam
1464 2158 1609 2186 vinariam
1626 2158 1698 2186 alios
1713 2167 1750 2187 xv
1765 2159 1837 2187 dies.

1012 2201 1152 2227 Tamdem
1176 2200 1267 2228 nimio
1290 2201 1390 2228 fmtore
1406 2201 1518 2236 gravati
1543 2202 1623 2236 (nam
1648 2202 1684 2229 ad
1701 2204 1836 2230 sanctum

1012 2245 1183 2281 Dyonisium
1204 2253 1271 2272 eum
1282 2245 1742 2281 transferrecupierant),demum
1757 2247 1836 2280 victi,

1011 2289 1041 2316 in
1059 2290 1236 2317 monasterio
1262 2289 1406 2317 Nontuato
1423 2290 1609 2326 Burgundizn,
1626 2290 1704 2326 quod
1729 2290 1839 2318 dicitur

1012 2336 1146 2361 sanctum
1165 2333 1343 2368 Marcellum,
1371 2333 1558 2369 sepelierunt.
1576 2333 1741 2362 Ludovicus
1757 2334 1836 2362 ﬁlius

1011 2379 1086 2413 ejus,
1104 2378 1388 2406 rexconstituiturin
1405 2378 1583 2413 Compendio
1598 2377 1710 2414 palatii.

1226 2422 1320 2450 LVIII.
1337 2423 1374 2450 De
1389 2423 1501 2450 Folcone
1515 2422 1622 2450 abbate.

1048 2467 1132 2502 (878.)
1145 2467 1291 2494 Successit
1306 2467 1422 2494 interim
1436 2466 1613 2494 Hilduinoin
1622 2467 1740 2495 abbatis
1753 2467 1836 2496 Folco

1012 2512 1180 2545 eanonicus,
1197 2520 1214 2538 v
1230 2512 1298 2538 Idus
1323 2511 1480 2544 Februarii,
1506 2511 1659 2539 Dominiea
1681 2520 1700 2544 ι,
1717 2511 1746 2539 in
1762 2520 1835 2547 qua-

1012 2556 1187 2592 dragesima,
1214 2555 1346 2591 rexitque
1371 2556 1447 2583 hanc
1463 2564 1513 2591 per
1529 2555 1761 2591 qua'triennium.
1777 2557 1837 2584 Sub

1011 2602 1096 2635 cujus
1106 2603 1245 2636 tempore,
1258 2600 1388 2627 ambitus
1404 2600 1515 2628 castelli
1531 2600 1608 2628 circa
1624 2601 1835 2629 monasterium

1011 2645 1105 2672 sancti
1121 2645 1228 2672 Bertini
1243 2647 1287 2672 est
1303 2645 1465 2678 dimensus,
1484 2647 1512 2672 et
1528 2653 1578 2680 per
1594 2645 1759 2673 ministeria
1775 2646 1834 2674 dis—

1010 2690 1138 2717 tributus
1154 2690 1222 2723 ;sed
1238 2689 1373 2725 pluribus
1389 2690 1476 2717 rebus
1493 2689 1690 2722 obstantibus,
1705 2698 1762 2717 non
1779 2692 1832 2723 est,

1010 2735 1166 2770 perfectus.
1184 2734 1278 2769 Hujus
1295 2743 1371 2762 anno
1388 2734 1492 2769 primo,
1509 2734 1722 2762 monasterium
1739 2734 1832 2762 sancti

1011 2779 1085 2806 Petri
1097 2781 1125 2806 et
1136 2779 1229 2806 sancti
1241 2778 1361 2810 Bertini,
1372 2779 1435 2814 jam
1449 2779 1509 2807 vice
1520 2778 1635 2806 alteras.
1644 2777 1833 2806 Nortmannis

1010 2826 1055 2851 est
1066 2824 1219 2851 incensum
1230 2832 1248 2851 v
1262 2822 1406 2852 Kalendas
1421 2823 1557 2860 Augusti,
1573 2824 1602 2852 et
1615 2822 1749 2860 ecclipsis
1762 2821 1833 2851 solis

157 2912 218 2952 (99)
233 2913 286 2942 Hic
294 2913 412 2943 initium
423 2913 504 2955 regni
516 2912 697 2942 CaroliCalvi
712 2913 889 2943 sumendum
910 2915 965 2950 est,
974 2915 1008 2943 ut
1021 2913 1146 2951 videtur,
1163 2912 1199 2941 ad
1215 2920 1291 2943 anno
1306 2912 1370 2943 840.
