3882 6438
246 410 399 472 1251

1317 407 1687 480 FOLQUINI
1729 407 1798 468 S.
1841 344 2163 465 BDRTINI
2207 400 2587 462 MONACHI.

3502 404 3670 464 1252

246 545 455 616 quarta
475 542 629 600 facta
642 544 733 599 est
752 540 995 599 Kalend.
1028 540 1371 597 Novembris
1414 540 1587 612 (100),
1618 555 1673 596 ιν
1722 536 1893 594 feria‘
1920 536 1977 604 Α
2005 532 2219 590 delicet
2247 536 2308 590 et
2327 533 2542 605 conjux
2569 549 2719 602 mea,
2751 535 2892 601 Ava,
2924 531 3149 607 ﬁliique
3193 533 3377 591 nostri
3407 537 3466 592 et
3503 534 3663 605 ﬁlia,

248 630 393 687 hora
421 647 499 699 Ix,
531 635 590 687 et
613 629 936 687 mortalitas
953 629 1262 685 hominum
1278 632 1335 685 et
1365 644 1642 702 pecorum
1657 642 1893 699 magna.

248 719 577 776 Ludovicus
625 724 843 784 autem,
899 718 1055 773 ﬁlius
1085 717 1273 773 Caroli
1315 717 1706 790 imperatoris,
1741 731 1895 770 anno

248 808 415 880 regni
443 808 535 864 sui
552 808 807 863 secundo
821 807 1070 862 necdum
1094 805 1341 878 expleto,
1367 806 1513 862 obiit
1541 803 1896 877 Compendio

245 897 479 969 palatio,
510 914 547 952 v
572 896 708 952 Idus
755 894 989 967 Aprilis,
1023 912 1177 952 anno
1214 893 1635 950 incarnationis
1664 891 1895 948 Domini

242 984 370 1041 879.
408 985 621 1040 Deinde
671 983 776 1039 ﬁlii
824 985 955 1055 ejus
1003 985 1332 1040 Ludovicus
1370 987 1427 1039 et
1469 982 1895 1039 Carlomannus

241 1090 490 1146 regnum
511 1074 639 1144 ejus
663 1072 817 1129 inter
839 1090 902 1130 se
933 1073 1311 1145 dispertiunt.
1346 1072 1539 1128 Isdem
1570 1074 1767 1126 autem
1798 1086 1898 1124 rex

239 1162 568 1218 Ludovicus
596 1162 656 1217 in
689 1179 838 1235 pago
887 1161 1149 1217 Vimiaco
1197 1176 1333 1217 cum
1362 1158 1743 1216 Nortmannis
1774 1156 1895 1213 bel-

238 1250 365 1306 lu‘m
394 1267 626 1324 gerens,
678 1249 1049 1323 triumphum
1094 1254 1184 1305 est
1224 1250 1494 1321 adeptus,
1528 1253 1587 1304 et
1616 1263 1731 1303 non
1764 1249 1898 1318 post

238 1338 426 1396 multo
456 1340 625 1408 obiit,
678 1356 735 1395 ιιι
768 1339 963 1395 Nonas
994 1339 1266 1411 Augusti,
1301 1354 1453 1393 anno
1498 1334 1730 1393 Domini
1761 1334 1891 1389 881.

240 1428 525 1501 Regnavit
566 1445 751 1485 annos
796 1445 855 1497 ιι,
880 1444 1113 1483 menses
1155 1445 1237 1483 ιιι.
1279 1427 1382 1483 Cui
1414 1442 1513 1482 rex
1545 1426 1893 1490 Suavorum,

240 1515 396 1572 ﬁlius
419 1516 691 1572 Ludovici
734 1516 887 1589 regis
918 1515 1281 1581 Noricorum,
1315 1514 1417 1587 qui
1448 1519 1574 1570 erat
1602 1513 1759 1568 ﬁlius
1785 1513 1895 1568 Lu-

241 1604 453 1672 dovici,
486 1604 591 1660 ﬁlii
614 1604 804 1661 Caroli
824 1603 1042 1676 magni,
1078 1603 1183 1659 ﬁlii
1208 1603 1461 1684 Pippjni,
1485 1600 1890 1658 monarchiam

238 1694 421 1750 totius
450 1693 681 1767 imperii
715 1694 1070 1750 Francorum
1103 1696 1161 1748 et
1187 1692 1587 1747 Romanorum
1620 1689 1892 1756 assumit,

235 1799 390 1838 anno
418 1782 589 1839 Verbi
641 1782 930 1839 incarnati
954 1782 1080 1837 885.
1103 1782 1270 1836 Anno
1304 1784 1500 1836 autem
1530 1779 1719 1852 primo
1744 1795 1890 1851 prac-

237 1872 337 1927 fati
368 1871 523 1943 regis
553 1870 945 1939 Carlomanni,
978 1871 1352 1937 Hincmarus,
1386 1867 1768 1941 archipraesul
1789 1867 1894 1922 Re-
1919 1903 1968 1969 B

235 1961 457 2017 mensis
470 1959 763 2030 Ecclesiae,
788 1959 967 2027 obiit;
993 1958 1084 2014 cui
1106 1958 1295 2027 Folco,
1323 1958 1450 2030 jam
1471 1958 1665 2012 dictus
1681 1956 1885 2023 abbas,

234 2049 291 2104 in
342 2049 548 2105 ordine
602 2048 906 2105 successit.
956 2048 1097 2120 (Suo
1151 2051 1350 2102 autem
1396 2050 1679 2117 tempore.
1711 2044 1768 2099 id
1800 2047 1891 2100 est

236 2154 389 2193 anno
402 2137 799 2208 octuagesimo
815 2136 1012 2191 minus
1030 2132 1892 2207 quinto(101),Balduinus,pri-

236 2243 372 2282 mus
394 2225 780 2282 Flandrarum
795 2222 1190 2290 comes,solvit
1205 2223 1472 2279 debitum
1490 2221 1717 2289 mortis,
1734 2224 1889 2294 post-

237 2332 414 2387 quam
438 2314 548 2370 sub
570 2313 838 2370 habitum
862 2312 1136 2369 monachi
1159 2311 1505 2383 aliquandiu
1533 2311 1593 2366 in
1624 2310 1886 2366 coenobio

236 2402 422 2459 sancti
441 2401 930 2469 Bertinivixisset,
954 2401 1094 2473 Ejus
1117 2416 1328 2455 carnea
1369 2398 1649 2455 mollesiu
1680 2399 1886 2454 eodem

236 2491 500 2547 cmnobio
524 2494 694 2547 terra
725 2490 1043 2546 mandatur
1082 2507 1097 2559 ;
1126 2506 1225 2545 cor
1260 2505 1395 2544 vero
1427 2493 1485 2544 et
1513 2487 1796 2544 intestina
1824 2487 1886 2543 in

236 2579 537 2636 Blandivio
568 2578 753 2637 sancti
786 2578 960 2645 Petri,
992 2578 1051 2633 in
1070 2578 1273 2633 Ganda
1323 2576 1678 2633 monasterio
1701 2575 1884 2649 sunt.)

679 2668 816 2724 LIX.
850 2670 924 2724 De
971 2668 1202 2738 Rodat/'0
1230 2666 1440 2722 abbate.

303 2757 504 2829 Itaque
540 2755 785 2813 Folcone
817 2756 890 2812 ad
944 2756 1511 2828 archiepiscopatum
1541 2753 1882 2821 sublimato,

235 2846 525 2902 Rodulfus
568 2845 865 2900 abbatiam
911 2845 1172 2917 suscepit
1202 2845 1263 2899 in
1307 2843 1510 2899 eodem
1543 2859 1719 2898 anno.
1753 2841 1881 2910 Cui,

234 2932 387 2989 anno
402 2932 593 3005 primo
610 2932 799 2988 Caroli
814 2933 970 3005 regis
988 2933 1310 2988 Suavorum
1331 2932 1504 2999 (102),
1521 2931 1762 3002 quidam
1773 2930 1881 2997 vir,

237 3021 502 3078 Rodinus
531 3020 790 3087 nomine,
823 3020 1087 3085 tradidit,
1108 3020 1182 3074 ad
1213 3033 1391 3075 usum
1421 3018 1759 3073 monasterii
1792 3016 1885 3073 sui

234 3109 450 3176 Sithiu,
482 3125 576 3164 res
621 3107 997 3181 proprietatis
1041 3124 1181 3176 suae,
1235 3123 1340 3179 per
1364 3106 1564 3162 omnia
1601 3106 1661 3161 in
1696 3106 1885 3179 ipsius

233 3197 569 3255 traditionis
621 3201 782 3252 carta
822 3196 1062 3265 inserta,
1096 3212 1223 3268 quae
1255 3195 1365 3251 sub
1403 3195 1514 3252 hoc
1562 3198 1763 3251 tenore
1794 3199 1882 3251 est

234 3289 407 3344 facta.

566 3374 677 3431 LX.
712 3374 950 3430 Traditz'o
981 3374 1189 3430 Ridini.
1232 3373 1548 3445 Exemplar.

303 3465 358 3538 (8
388 3464 532 3537 Sept.
566 3465 716 3533 883.)
748 3487 776 3514 «
806 3462 1053 3519 Domino
1104 3467 1308 3519 sancto
1339 3467 1395 3517 et
1422 3459 1739 3517 venerabili
1770 3460 1882 3515 Ro-

231 3554 417 3621 dulfo,
442 3552 639 3609 abbati
663 3553 735 3609 de
757 3551 1112 3608 monasterio
1139 3552 1324 3608 sancti
1341 3550 1491 3606 Petri
1514 3554 1882 3606 sanctorum-

231 3660 346 3716 que
386 3643 792 3699 confessorum
841 3641 1053 3697 Christi
1087 3638 1407 3696 Audomari
1434 3643 1608 3711 atque
1640 3637 1880 3705 Bertini,

230 3749 358 3804 ego,
391 3732 452 3787 in
487 3731 585 3787 Dei
616 3730 877 3796 nomine,
924 3729 1188 3785 Rodinus
1233 3728 1481 3784 traditor
1523 3731 1699 3799 atque
1731 3744 1882 3799 prae-

231 3825 413 3877 cator.
445 3819 636 3875 Trado
665 3818 865 3891 itaque
892 3834 985 3874 res
1017 3816 1389 3890 proprietatis
1420 3833 1562 3872 meas
1611 3816 1682 3871 ad
1731 3832 1882 3888 prae-

235 3909 524 3981 scriptum
556 3907 997 3974 monasterium,
1031 3906 1091 3962 in
1123 3923 1272 3980 pago
1305 3906 1751 3978 Pontivo,super
1779 3905 1884 3960 ﬁu-

232 3999 395 4054 vium
425 3996 643 4065 Alteiaa,
676 3995 736 4051 in
766 3994 908 4051 villa
935 4011 1062 4067 quae
1089 3995 1302 4051 dicitur
1331 3995 1600 4051 Remmia
1632 4010 1645 4049 :
1697 3993 1879 4050 eccle-

233 4085 383 4143 siam
398 4101 577 4141 unam
589 4089 646 4140 et
662 4100 938 4139 mansum
950 4082 1437 4139 indominicatum
1453 4100 1586 4139 cum
1606 4082 1877 4151 castitiis,

232 4179 311 4241 et,
344 4174 498 4229 inter
541 4173 738 4246 ipsum
788 4188 1063 4228 mansum
1116 4189 1182 4229 ac
1231 4177 1444 4228 terram
1477 4171 1761 4228 arabilem
1790 4171 1880 4226 vel

232 4268 464 4337 pratum
509 4263 629 4320 sive
674 4261 919 4335 sylvam,
967 4278 1176 4318 mansa
1216 4280 1271 4317 x1
1312 4279 1327 4330 ;
1376 4262 1631 4333 itemque
1679 4259 1736 4315 in
1774 4260 1879 4316 Ca-

230 4352 411 4419 thrin,
444 4351 503 4408 in
536 4352 739 4408 eodem
770 4367 919 4424 pago
949 4350 1351 4417 Ambianensi,
1383 4349 1444 4405 in
1494 4350 1650 4405 Sana
1678 4350 1877 4417 Terra,

231 4441 289 4496 in
321 4440 446 4497 loco
468 4441 569 4514 qui
589 4444 828 4497 vocatur
849 4438 1130 4510 Rosieria,
1156 4456 1431 4495 mansum
1453 4454 1587 4494 cum
1606 4437 1877 4505 castitiis,

230 4546 349 4585 una
378 4546 513 4584 cum
542 4528 806 4601 ipsorum
838 4527 1100 4584 locorum
1115 4527 1490 4593 communiis,
1511 4526 1723 4599 perviis
1741 4525 1881 4598 legi-

230 4618 414 4686 timis,
437 4616 825 4690 wadriscapis
849 4636 863 4686 ;
883 4622 939 4673 et
957 4617 1252 4689 mancipia
1269 4633 1362 4685 xx,
1382 4616 1475 4672 his
1499 4615 1838 4671 nominibus
1862 4630 1876 4669 ε
1912 4636 1959 4701 D

230 4705 603 4762 Anastasium
628 4723 761 4761 cum
786 4722 963 4763 uxore
984 4710 1164 4763 suaet
1182 4704 1752 4761 infantibusillorum
1785 4721 1838 4759 v1
1864 4721 1878 4772 ;

229 4795 523 4851 Adalrada
535 4811 666 4851 cum
686 4795 1013 4851 infantibus
1027 4795 1259 4850 duobus
1284 4812 1297 4850 :
1333 4793 1714 4859 Gerlandum,
1747 4791 1883 4847 Hal-

232 4883 478 4950 dolfum,
516 4884 1005 4951 Folcombertum,
1037 4882 1473 4948 Theodradum,
1498 4882 1879 4947 Rodbertum,

231 4972 598 5040 Restaldum,
631 4972 977 5039 Civiredam,
1013 4970 1371 5035 Rainildam,
1398 4971 1781 5025 Austrudam.
1817 4970 1885 5025 Et

231 5061 353 5116 hinc
385 5061 602 5127 omnia,
635 5066 701 5116 ut
731 5077 911 5132 supra
938 5060 1158 5114 dictum
1192 5063 1301 5126 est,
1349 5059 1419 5114 ad
1453 5058 1880 5114 monasterium

223 5150 351 5221 jam
384 5148 609 5203 dictum
640 5148 805 5203 trado
836 5148 1100 5220 legaliter
1122 5152 1296 5219 atque
1315 5148 1651 5203 transﬁrmo
1683 5163 1884 5219 perpe-

230 5241 332 5293 tuo
364 5236 743 5309 possidenda,
776 5246 845 5291 ea
871 5235 1095 5291 ratione
1143 5239 1226 5303 ut,
1259 5239 1386 5290 tum
1414 5235 1576 5307 ipsas
1607 5251 1699 5290 res
1732 5251 1881 5306 quas

230 5326 605 5398 trado,quam
627 5329 683 5380 et
703 5325 863 5397 ipsas
880 5340 1028 5395 quas
1042 5323 1562 5396 expecto,ecclesia¢
1585 5326 1788 5379 vestrm
1820 5322 1880 5379 in

232 5413 595 5486 precariam,
648 5430 752 5485 pro
774 5411 1057 5468 beneﬁcio
1089 5415 1282 5468 vestro
1314 5412 1621 5484 accipiam,
1661 5427 1766 5484 ego
1796 5410 1883 5466 vi-

304 5538 451 5609 (100)
476 5537 693 5609 Corrig,
712 5535 1035 5609 quartoKal,
1053 5536 1387 5609 Noaembris.
1405 5536 1444 5609 i.
1477 5553 1527 5609 ei.
1551 5536 1621 5591 29
1638 5534 1878 5609 Octobr.

302 5606 451 5677 (IOI)
486 5609 528 5665 Ι.
562 5626 611 5664 e.
644 5606 1416 5667 875.0bitusveroBalduini
1452 5608 1522 5668 ad
1538 5607 1881 5669 annum879

229 5678 463 5744 videtur
485 5678 898 5743 remittendus.

2006 622 2115 678 hoc
2148 626 2288 677 sunt
2311 622 2401 677 :in
2427 638 2574 695 pago
2592 622 3094 689 Ambianensis,in
3126 623 3283 679 Sana
3311 624 3513 691 Terra,
3533 640 3663 696 quas

2007 710 2222 766 dicitur
2239 709 2638 776 Rusticavilla,
2663 715 2720 766 et
2733 711 3026 777 Roserias,
3050 728 3327 767 mansum
3348 712 3669 769 indomini-

2006 804 2202 855 catum
2225 803 2302 867 et,
2334 799 2488 854 inter
2509 799 2703 871 ipsum
2735 816 3011 855 mansum
3043 805 3102 855 et
3132 804 3346 855 terram
3372 801 3665 857 arabilem

2004 888 2090 943 vel
2108 891 2363 959 pratum,
2387 904 2596 943 mansa
2613 905 2691 943 xu
2714 905 2727 956 ;
2750 888 2807 943 in
2833 887 3057 956 Contla,
3080 889 3494 958 mansum1;in
3508 890 3665 946 Hun-

2005 975 2325 1042 duncurth,
2379 992 2657 1031 mansum
2707 977 3200 1033 indominicatum
3232 982 3289 1034 et
3337 994 3609 1035 mansax
3643 997 3658 1049 ;

2005 1065 2145 1121 item
2194 1065 2254 1119 in
2299 1081 2448 1137 pago
2494 1067 2937 1132 Kamaracensi,
2988 1065 3046 1121 in
3096 1066 3257 1122 Finis
3308 1083 3518 1124 mansa
3550 1085 3657 1136 1v;

2004 1159 2062 1210 et
2110 1153 2408 1226 mancipia
2436 1154 2560 1209 haec
2588 1170 2601 1210 :
2634 1154 2885 1223 Adoher,
2928 1155 3275 1212 Folcardum
3324 1161 3383 1211 et
3413 1174 3659 1213 uxorem

2004 1260 2173 1299 suam
2205 1242 2518 1309 Odernam,
2568 1260 2703 1298 cum
2746 1242 3074 1301 infantibus
3103 1244 3229 1302 suis
3256 1261 3269 1299 :
3302 1246 3654 1303 Gerbertum

2001 1332 2434 1400 Abbonessum,
2469 1332 2825 1388 Rudoricum
2851 1333 3143 1405 Sigerum,
3165 1333 3515 1404 Rikardum,
3548 1336 3656 1392 Ba-

2003 1420 2433 1487 kalerum,cum
2465 1420 2657 1477 tribus
2680 1421 2946 1494 reliquis.
2978 1422 3088 1477 Pro
3112 1422 3238 1495 ipso
3256 1440 3488 1496 quoque
3513 1441 3657 1481 usu-

2002 1509 2345 1587 fructuario,
2364 1509 2534 1565 annis
2556 1510 3026 1583 singulis,Nonis
3042 1512 3425 1584 Septembris,
3458 1529 3566 1586 ego
3597 1517 3656 1569 et

2005 1599 2219 1670 conjux
2248 1615 2381 1655 mea
2409 1598 2628 1655 solidos
2676 1598 3081 1672 persolvamus
3118 1617 3192 1669 v;
3226 1604 3359 1673 post
3383 1606 3654 1658 nostrum

2000 1704 2137 1744 vero
2170 1688 2420 1759 obitum,
2448 1687 2553 1743 ﬁlii
2584 1688 2769 1744 nostri
2803 1688 3022 1746 solidos
3064 1707 3120 1746 v1
3153 1689 3507 1764 persolvant.
3541 1692 3654 1748 Sed

2001 1782 2135 1849 post
2166 1781 2434 1833 nostrum
2465 1777 2730 1833 omnium
2763 1779 3012 1847 obitum,
3046 1779 3233 1835 ambae
3264 1795 3357 1836 res
3378 1780 3653 1853 superius

2003 1864 2337 1934 nominatae,
2384 1883 2518 1922 cum
2569 1868 2729 1923 omni
2778 1866 3179 1924 melioratione
3227 1873 3285 1924 et
3315 1868 3655 1942 superposi-

1999 1954 2176 2022 tionc,
2211 1955 2283 2009 ad
2334 1972 2484 2027 opus
2516 1956 2764 2011 fratrum
2794 1956 2854 2012 in
2911 1957 3116 2013 eodem
3148 1957 3505 2014 monasterio
3538 1958 3652 2015 Do-

1999 2043 2160 2099 mino
2193 2044 2628 2113 famulantium,
2654 2046 2876 2118 absque
2907 2045 3087 2102 ullius
3113 2047 3549 2117 contrarietate,
3569 2065 3654 2105 re-

1999 2132 2313 2203 cipiantur,
2347 2134 2565 2205 quibus
2595 2139 2650 2189 et
2672 2151 2884 2191 census
2915 2135 3189 2207 persolvit
3215 2136 3380 2204 (103).
3426 2136 3487 2191 Si
3521 2136 3652 2209 quis

1998 2221 2199 2287 etiam,
2228 2221 2384 2293 quod
2408 2221 2623 2278 futuris
2645 2226 2952 2290 testamur,
2986 2224 3034 2279 si
3064 2241 3171 2280 nos
3202 2223 3315 2297 ipsi
3358 2229 3461 2280 aut
3489 2224 3652 2281 illius

1998 2308 2147 2380 (104)
2179 2308 2249 2363 de
2279 2308 2610 2366 haeredibus
2640 2310 2729 2366 vel
2762 2311 3199 2383 prohaeredibus
3251 2329 3355 2369 seu
3372 2312 3652 2385 quaelibet

1997 2401 2271 2453 extranea
2296 2414 2566 2469 persona,
2601 2398 2735 2454 huic
2763 2405 2973 2455 nostrae
3023 2400 3325 2458 traditioni
3365 2402 3650 2459 centraire

1996 2489 2099 2541 aut
2144 2485 2465 2560 infringere
2515 2488 2840 2557 tentaverit,
2889 2490 3017 2546 auri
3061 2489 3244 2549 libras
3284 2510 3384 2556 xu,
3418 2492 3650 2566 argenti

1995 2574 2255 2646 pondera
2282 2593 2415 2642 xxx,
2450 2582 2707 2645 coactus,
2740 2578 3015 2648 exsolvat,
3036 2585 3092 2636 et
3114 2582 3270 2654 quod
3295 2582 3504 2655 repetit
3531 2599 3648 2637 non

1996 2663 2333 2732 evindicet;
2378 2666 2476 2721 sed
2530 2666 2651 2722 hazc
2699 2668 2938 2736 traditu,
2989 2686 3124 2725 cum
3176 2669 3460 2741 praecaria
3516 2687 3645 2740 sua,

1996 2752 2166 2809 ﬁrma
2195 2759 2556 2825 permaneat,
2585 2771 2718 2810 cum
2753 2756 3133 2829 stipulatione
3160 2758 3432 2814 subnixa.

2067 2862 2095 2890 «
2128 2842 2337 2896 Actum
2367 2841 2427 2896 in
2457 2844 2809 2901 monasterio
2858 2845 3072 2913 Sithiu,
3106 2846 3167 2900 in
3188 2846 3434 2902 ecclesia
3458 2846 3646 2902 sancti

1992 2928 2164 2997 Petri,
2216 2947 2415 2987 anno:
2464 2931 2652 2987 Caroli
2703 2933 2901 3006 magni
2948 2934 3340 3006 imperatoris,
3390 2952 3447 2992 νι
3502 2936 3641 2992 Idus

1994 3016 2376 3089 Septembris.

2063 3127 2091 3155 ‹‹
2118 3106 2364 3177 Signum
2381 3107 2612 3175 Rodini,
2643 3108 2741 3181 qui
2756 3108 2907 3165 hanc
2922 3110 3320 3179 traditionem,
3341 3127 3477 3167 cum
3498 3129 3651 3184 pra:-

1992 3194 2108 3249 cari
2117 3211 2151 3250 a
2180 3195 2454 3250 ﬁrmavit.

1915 3269 1959 3335 C
2067 3306 2096 3334 «
2130 3283 2378 3356 Signum
2393 3284 3653 3360 Albrici.SignumVuadharii.SignumAn-

1992 3371 2181 3427 selmi.
2205 3373 2453 3445 Signum
2473 3373 2777 3430 Guntardi.
2807 3375 3054 3447 Signum
3070 3375 3333 3447 Odgrini,
3357 3377 3647 3434 advocati.

1992 3460 2240 3533 Signum
2273 3462 2614 3529 Thiodradi,
2644 3463 2884 3520 scavini.
2913 3464 3159 3535 Signum
3182 3464 3500 3521 Adalwini.

2065 3571 2095 3599 «
2126 3550 2523 3622 Grimbaldus,
2540 3553 2813 3609 sacerdos
2829 3558 2886 3609 et
2917 3552 3262 3620 monachus,
3287 3557 3345 3610 et
3359 3553 3569 3628 scripsi
3592 3559 3650 3612 et

1992 3639 2339 3711 subscripsi.
2373 3663 2401 3689 ››

2062 3727 2197 3782 LXI.
2235 3729 2472 3785 Tradz'tio
2494 3729 2742 3801 Odgrini,
2775 3746 2897 3786 cum
2926 3735 3203 3802 prwcaria
3232 3730 3297 3787 de
3317 3733 3567 3789 ﬂamma.

2061 3817 2235 3889 (877.)
2268 3822 2410 3873 Item
2445 3836 2598 3875 anno
2631 3836 2692 3875 III
2722 3820 2982 3892 praedicti
3015 3821 3166 3893 regis
3197 3819 3406 3887 Caroli,
3431 3821 3638 3894 Odgri-

1991 3922 2127 3972 nus,
2178 3906 2492 3963 advocatus
2527 3910 2653 3979 jam
2713 3908 2853 3964 dicti
2903 3910 3241 3967 monasterii
3279 3910 3487 3979 Sithiu,
3522 3914 3642 3967 tra-

1990 3994 2137 4049 didit
2166 3995 2355 4051 eidem
2407 3996 2533 4053 1000
2561 3996 2958 4054 hereditatem
2999 4016 3190 4067 suam,
3242 3999 3299 4054 in
3332 4001 3456 4055 loco
3488 4017 3640 4055 nuu-

1990 4087 2202 4155 cupato
2229 4084 2497 4153 Hamma,
2546 4103 2725 4159 super
2771 4086 2947 4142 ﬂuvio
2995 4088 3363 4156 Marsbeccae,
3396 4088 3456 4143 in
3487 4105 3638 4161 pago

1990 4171 2329 4245 Mempisco.
2350 4172 2513 4230 Unde
2537 4179 2596 4230 et
2610 4175 2777 4247 petiit
2797 4176 2985 4231 eidem
3007 4177 3203 4232 abbati
3220 4194 3323 4249 per
3361 4176 3641 4249 prmcaria

1989 4276 2082 4315 res
2115 4262 2452 4318 monasterii
2505 4263 2618 4331 sui,
2651 4263 2708 4318 in
2743 4263 2943 4320 villula
2976 4283 3102 4337 qua:
3147 4266 3364 4321 dicitur
3395 4265 3591 4321 Sithiu
3624 4284 3638 4335 ;

1989 4348 2145 4420 quod
2179 4349 2306 4406 sine
2337 4367 2503 4407 mora
2532 4352 2804 4420 obtinuit,
2822 4354 3148 4409 secundum
3173 4354 3324 4410 hanc
3351 4354 3641 4411 chartam.

2562 4440 2724 4496 LXII.
2756 4442 3069 4514 Exemplar.
3322 4471 3329 4479 -

2061 4526 2147 4594 (11
2182 4526 2309 4598 Apr.
2342 4528 2494 4599 887.)
2527 4552 2555 4579 «
2606 4529 2825 4585 Dilecto
2854 4529 2913 4586 in
2961 4531 3189 4587 Christo
3221 4531 3341 4588 ﬁlio
3369 4531 3643 4589 Ecclesia;

1989 4612 2272 4687 Odgrino,
2297 4616 2607 4682 Rodulrus,
2632 4619 2821 4690 gratia
2838 4618 2960 4687 Dei,
2992 4620 3176 4676 abbas
3193 4621 3261 4675 de
3286 4620 3648 4677 monasterio

1990 4703 2185 4758 Sancti
2232 4704 2408 4773 Petri,
2449 4706 2729 4763 vocabqu
2757 4707 2970 4775 Sithiu,
2999 4708 3100 4764 ubi
3145 4726 3388 4781 corpora
3429 4709 3647 4765 Christi

1992 4792 2395 4848 confessorum
2431 4795 2748 4851 Audomari
2790 4800 2964 4868 atque
2995 4798 3210 4853 Bertini
3244 4798 3643 4870 requiescunt.

1993 4880 2185 4936 omnis
2217 4885 2446 4938 caterva
2461 4885 2885 4940 monachorum
2910 4886 3128 4942 ibidem
3143 4887 3550 4943 conversantiu
3562 4903 3643 4943 m.

1991 4968 2387 5025 Plurimorum
2421 4988 2519 5028 ore
2547 4978 2814 5029 versatur
2857 4975 3299 5047 multorumque
3335 4975 3395 5031 in
3437 4974 3647 5031 notitia

1992 5057 2260 5126 habetur,
2297 5059 2644 5131 qualitertu,
2681 5061 2773 5117 his
2805 5062 3036 5131 diebus,
3062 5062 3641 5136 legalitertradidisti

1993 5162 2086 5202 res
2117 5148 2490 5220 proprietatis
2521 5154 2633 5205 tua:
2656 5152 2727 5206 ad
2748 5157 3017 5208 nostrum
3046 5151 3471 5209 monasterium
3502 5151 3645 5209 :hoc
3706 5212 3713 5217 ,

1990 5239 2100 5301 est,
2134 5236 2193 5291 in
2226 5236 2349 5293 loco
2374 5244 2752 5312 nuncupante
2795 5241 3063 5309 Hamma,
3093 5258 3271 5314 super
3293 5242 3466 5297 ﬂuvio
3498 5241 3648 5298 Mar-

1990 5324 2188 5393 sbeke,
2223 5325 2280 5381 in
2315 5343 2465 5400 pago
2496 5328 2834 5401 Mempisco.
2863 5330 3112 5388 bunaria
3128 5343 3328 5400 xxxm,
3359 5347 3479 5386 una
3508 5346 3645 5387 cum

1989 5414 2203 5485 perviis
2233 5414 2514 5487 legitimis
2553 5435 2619 5474 ac
2660 5420 3089 5493 wadriscapis;
3123 5425 3179 5477 et
3211 5424 3519 5494 propterea
3548 5435 3647 5475 ex-

2062 5538 2210 5610 (l02)
2237 5542 2302 5595 A.
2338 5541 2561 5598 scilicet
2589 5543 2715 5602 883.

2059 5610 2210 5759 (103;
2241 5612 2409 5698 Forte
2442 5613 2673 5689 legend.
2701 5618 3061 5693 persoluetur.

2059 5682 2188 5753 (104
2241 5687 2458 5759 Corrig.
2485 5687 2658 5745 ullus.

2057 5682 2210 5759 (104)
2241 5684 2458 5761 Corrig.
2485 5682 2658 5745 ιῖιιιιε.
