1941 3224
113 233 192 264 1253

809 232 1132 265 CHARTULARIUM.

1746 236 1825 268 1254

112 299 212 336 petisti
226 308 243 327 a
256 299 342 328 nobis
357 308 404 328 res
416 299 545 328 ecclesia:
561 301 668 327 nostra)
681 308 687 327 :
703 299 758 327 hoc
778 302 858 333 sunt,
883 299 938 327 bu-
953 299 982 333 Α
997 299 1090 327 LXVI.
1108 302 1147 328 De
1176 300 1269 336 eclipst
1283 300 1359 334 solis,
1385 303 1411 329 et
1425 301 1542 329 adventu
1571 301 1821 331 Nordmannorum.

113 345 198 373 naria
222 353 247 380 L,
264 345 394 381 jacentis
422 344 452 372 in
476 344 577 373 villula.
607 352 670 380 quae
694 344 803 372 dicitur
832 344 941 378 Sithiu,

113 398 204 426 super
218 389 306 417 ﬂuvio
321 389 464 425 Agniona,
496 397 549 416 nos
565 397 692 425 quoque,
718 389 796 424 quod
824 390 875 416 tua
889 388 944 416 fuit

113 434 226 470 petitio,
251 433 330 469 ipsas
356 442 400 461 res
424 434 537 467 ambas,
566 436 625 460 tam
653 441 702 460 eas
726 442 800 468 quas
825 433 941 466 dedisti,

112 482 175 506 tam
192 487 240 506 eas
258 488 331 514 quas
348 488 364 505 a
382 478 465 505 nobis
482 478 626 513 cxpetisti,
644 478 833 505 concedimus
849 477 900 504 tibi
916 480 943 504 et

115 523 198 551 uxori
215 527 266 550 tua
282 523 441 555 Bertlianze,
460 531 510 550 seu
533 522 602 549 [iliis
617 522 732 554 vestris,
749 523 784 549 ad
811 522 941 549 excoleti-

115 568 186 594 dum
202 569 230 595 et
259 566 510 595 emeliorandum:
529 569 566 601 et,
593 567 669 594 sicut
684 567 830 599 convenit,
858 567 942 593 nobis

116 612 201 640 annis
215 612 349 648 singulis,
368 612 403 639 ad
421 612 604 639 festivitatem
615 611 708 638 sancti
722 611 841 644 Bcrtini,
853 610 942 638 Nonis

116 656 309 692 Septembris,
318 656 444 683 solidum
459 665 467 683 ι
477 656 639 692 persolvere
647 656 801 690 studentis,
809 658 838 682 et
852 655 942 682 aliubi

116 701 196 737 ipsas
213 709 258 728 res
270 710 321 728 nec
333 702 401 728 dare
417 709 469 728 nec
485 701 608 728 vendere
624 709 676 728 nec
692 702 874 728 commutare
891 708 942 727 nec

115 746 243 774 alienare
260 748 432 781 postetatcm
449 745 598 778 habeatis;
616 745 677 778 sed,
702 747 733 772 ut
753 745 866 772 dictum
887 746 941 777 est,

116 791 248 826 quandiu
263 790 403 822 vixeritis,
420 799 472 825 pro
482 792 580 817 nostro
592 788 731 817 beneﬁcio
748 789 921 824 possidentis
935 798 942 822 ;

116 843 149 862 ac
168 837 232 871 post
247 837 376 862 vestrum
391 834 524 861 omnium
538 833 661 867 obitum,
676 833 745 868 ipsae
758 841 803 860 res
817 833 944 868 praescri-

116 882 183 915 ptas,
200 888 267 907 cum
284 878 362 906 omni
379 877 611 909 emelioratione,
627 886 645 904 a
661 877 746 904 nobis
758 876 802 903 vel
831 885 944 903 succes-

114 925 236 951 soribus
251 923 361 950 nostris
375 923 409 949 ad
428 922 575 958 integrum
593 921 772 957 recipiantur
787 921 815 947 in
842 929 943 956 perpe-

1033 345 1116 372 Anno
1131 346 1198 381 post
1214 345 1274 373 haec
1301 345 1397 379 tertio,
1425 346 1560 382 crclipsis
1581 346 1653 374 solis
1682 347 1758 375 facta
1781 349 1826 375 est

997 397 1066 416 xvm
1081 388 1226 417 Kalendas
1235 389 1424 425 Septembris,
1436 390 1506 417 hora
1517 391 1655 425 secunda,
1670 394 1699 419 et
1709 391 1826 420 siccitas

1000 441 1107 467 magna
1123 434 1152 460 in
1170 442 1269 461 mense
1300 434 1385 467 Maio,
1412 435 1499 461 ιΙιιιιίυ
1529 438 1556 461 et
1586 435 1674 468 Julio,
1690 439 1718 463 et
1742 436 1826 464 stella

999 480 1126 504 cometes
1143 478 1288 513 apparuit.
1307 479 1412 506 Eodem
1440 488 1526 511 anno,
1558 481 1583 506 id
1602 482 1646 507 est
1670 481 1824 509 Dominicm

999 522 1161 549 nativitatis
1178 523 1239 555 891,
1255 523 1301 549 die
1316 523 1474 552 Doniinico,
1494 528 1555 559 post
1576 533 1692 558 nonam,
1715 526 1822 561 pagani

998 568 1078 598 sunt,
1088 575 1138 601 per
1151 567 1253 593 merita
1265 571 1433 594 sanctorum
1447 569 1604 595 Audoniari
1617 571 1704 605 atque
1715 570 1825 596 Bertini

998 612 1025 637 ct
1042 610 1187 646 Folquini,
1206 611 1292 638 occisi
1305 620 1370 638 cccx
1388 612 1414 638 in
1430 613 1708 648 Wiilingahainmoa
1721 614 1826 641 Castel-

998 654 1084 682 lionis
1101 658 1269 683 sanctorum
1289 657 1513 691 prmdictorum;
1545 658 1678 692 sequenti
1709 667 1826 694 quoque

998 699 1159 732 Dominico,
1171 700 1300 732 meridie,
1313 701 1389 727 venit
1403 701 1546 728 exercitus
1559 702 1689 737 reliquus
1701 711 1827 738 pagano-

998 753 1064 771 rum
1080 744 1215 779 ampliori
1232 744 1420 772 multitudine
1435 747 1470 772 ad
1488 746 1640 774 castellum]
1657 750 1824 775 sanctorum

999 789 1204 823 praedictorum
1218 797 1224 821 ;
1242 791 1270 815 et
1284 793 1487 824 pugnaverunt
1503 799 1519 817 ιι
1539 791 1659 818 meridie
1676 800 1770 827 usque
1787 793 1824 819 ad

998 840 1197 867 vesperum,v1
1209 833 1305 860 Nonas
1318 834 1396 863 Maii.
1411 837 1438 860 et
1450 834 1520 860 nihil
1534 834 1757 869 prmvaluerunt.
1767 836 1823 864 Sed

1000 876 1098 911 aliqua
1116 886 1182 912 pars
1198 876 1314 904 illorum
1333 878 1450 904 intravit
1468 878 1619 906 ecclesiam
1648 880 1740 907 sancti
1756 880 1824 908 Ber-

1001 921 1054 947 tini
1080 921 1179 956 ibique
1195 921 1260 948 caeci
1276 922 1367 948 elI‘ucti
1385 926 1452 948 sunt
1476 931 1514 949 xu
1527 923 1591 957 viri,
1617 925 1645 951 et
1660 924 1764 952 vexilla
1779 933 1826 952 eo-

111 977 188 995 uum
200 967 393 1003 possidendze.
411 967 475 994 Haec
498 974 566 1002 ergo
596 966 744 1001 prmstaria
762 965 850 992 firma
877 974 941 1001 pcr-
961 982 984 1013 B
1001 973 1066 992 rum
1077 964 1106 992 in
1123 965 1210 992 aliam
1230 966 1353 1001 ligurum
1371 969 1483 993 mutata
1499 970 1587 1001 sunt;
1613 969 1690 1003 quod
1705 968 1822 997 libellus

116 1014 247 1045 maneat,
265 1020 331 1039 eum
349 1011 536 1046 stipulatione
553 1010 688 1038 subnixa.

155 1068 168 1081 ‹ι
186 1057 291 1083 Actum
308 1055 402 1082 Sithiu
420 1055 598 1082 monasterio
619 1054 744 1090 publice,
770 1054 798 1081 in
824 1054 945 1081 basilica

114 1100 218 1128 Sancti
235 1100 310 1127 Petri
327 1099 450 1135 apostoli
464 1108 498 1126 ιιι
517 1099 584 1126 Idus
607 1099 727 1134 Aprilis,
754 1108 829 1126 anno
856 1107 884 1126 ιιι
906 1107 947 1126 re-

115 1146 225 1181 gnante
241 1144 348 1171 domno
366 1143 467 1170 Carolo
484 1144 659 1179 imperatore
675 1144 704 1170 in
722 1143 843 1171 Francia
859 1143 943 1178 (103)),

117 1191 223 1225 nepote
239 1188 343 1216 Caroli.

154 1246 168 1259 ((
186 1235 244 1270 Ego
258 1232 411 1264 Rodull‘us,
430 1232 530 1266 abbas,
548 1231 665 1267 propria
681 1240 770 1259 manu
788 1231 912 1259 firmavi.
931 1242 944 1256 ››

115 1280 212 1307 LXIII.
230 1279 266 1305 De
279 1279 366 1304 morte
382 1277 473 1304 Caroli
498 1277 569 1311 regis
586 1278 610 1303 ct
638 1277 807 1303 sur'ccssz‘onc
833 1277 943 1304 ()rlom‘s.

154 1323 240 1360 (888.)
258 1322 325 1349 Post
352 1322 411 1348 luce
425 1324 521 1348 autem
546 1320 667 1348 Carolus
684 1329 741 1354 rex,
768 1321 882 1356 imperii
899 1321 945 1348 sui

115 1377 195 1397 anno
211 1377 248 1402 1v,
266 1366 391 1394 decessit
407 1375 423 1392 a
439 1365 562 1397 sarculo;
581 1365 626 1392 cui
652 1365 771 1401 quidam
789 1366 860 1400 Odo,
886 1374 944 1393 non

114 1422 152 1440 ex
169 1412 247 1448 regia
262 1411 364 1447 stirpe,
382 1410 523 1438 successit
538 1410 567 1437 in
585 1418 683 1445 regno.
715 1410 845 1445 Namque
861 1411 945 1438 dece-

115 1456 256 1484 dentibus
273 1454 510 1490 imperatoribus,
527 1454 711 1481 Curlomanni
734 1453 812 1481 [ilius
829 1456 944 1482 tantum

114 1502 147 1529 in
166 1501 249 1529 cunis
261 1499 403 1527 remansit
418 1507 489 1534 puer
501 1498 632 1528 Carolus.
644 1498 679 1525 de
691 1506 748 1533 quo
762 1506 828 1525 cum
843 1498 944 1526 Franci

114 1547 333 1581 desperassent,
351 1544 504 1579 praefatum
522 1543 651 1570 0(ll)DCI11
682 1551 770 1578 super
786 1551 817 1570 se
846 1551 944 1579 regem

115 1592 263 1621 statuunt,
280 1597 356 1616 anno
373 1587 489 1615 Domini
499 1588 551 1614 888
567 1587 651 1622 (100).
668 1587 699 1614 In
716 1587 801 1621 cujus
817 1596 893 1615 anno
903 1597 945 1615 se-

115 1635 226 1667 cundo,
245 1633 337 1661 sancti
353 1632 458 1660 Bertini
470 1632 680 1659 monasterium
693 1634 889 1667 atempestate
901 1635 945 1660 est

115 1681 266 1715 dejectum
282 1686 327 1705 xvx
345 1676 405 1704 Kal.
423 1676 583 1704 Februarii.

117 1724 214 1753 LXIV.
245 1722 392 1750 Prwstm'io
422 1720 553 1748 Iluclmldi
576 1721 702 1747 nmnachi
717 1721 750 1747 de
777 1721 944 1748 Hildincurt.

156 1768 264 1795 Eodem
281 1774 367 1799 anno,
386 1765 477 1792 isdem
497 1765 588 1792 abbas
618 1764 760 1792 ltodultus
791 1766 944 1799 concessit,

115 1821 170 1850 per
187 1811 378 1848 priestariam,
390 1809 548 1842 lluchaldo,
565 1810 707 1836 monacho
718 1809 839 1836 coenobii
852 1810 945 1837 sancti

113 1856 255 1889 Amandi,
271 1855 369 1882 villam
388 1854 557 1881 monasterii
574 1853 619 1880 sui
630 1853 736 1886 Sithiu,
750 1853 777 1879 in
788 1862 862 1888 pago
873 1853 945 1881 Ver-

115 1901 291 1933 mandense,
302 1900 489 1934 nuncupante
501 1897 610 1924 llildini
623 1897 749 1931 Curtem,
759 1906 824 1924 cum
836 1897 945 1925 villulis

114 1946 153 1974 ad
165 1945 300 1973 eamdem
317 1942 543 1980 pertinentibus.
556 1942 644 1977 Cujus
657 1942 812 1977 praestariie
824 1941 890 1969 talis
902 1944 946 1970 est

113 1991 231 2019 charta.

359 2032 439 2060 LXV.
457 2031 605 2067 Exemplar
621 2031 705 2067 (107).

110 2080 223 2108 Notum
236 2086 301 2106 esse
316 2077 465 2110 volumus,
496 2075 622 2112 qualiter
651 2075 776 2103 dilectus
800 2075 946 2103 confrater

112 2126 217 2152 noster
232 2121 453 2159 Hugbaldus,ex
463 2120 594 2148 coenobio
604 2119 673 2147 almi
684 2120 830 2155 pontificis
840 2121 948 2148 Aman-

113 2169 144 2197 di
161 2166 340 2196 confessoris
356 2166 392 2193 ad
418 2164 611 2193 erudiendum
639 2164 782 2192 domnum
808 2164 945 2192 abbatem

113 2212 290 2244 Rodult‘um,
306 2210 450 2239 seniorem
467 2211 613 2242 nostrum,
631 2209 807 2236 concedente
821 2217 855 2236 ac
872 2217 946 2245 prae-

113 2258 243 2294 cipiente
257 2255 398 2283 Gauzlino
419 2254 551 2289 ejusdem
567 2253 622 2281 loci
648 2253 762 2287 abbate,
793 2254 945 2281 omnibus-

113 2310 181 2339 qua'.
197 2303 305 2329 sanctis
319 2299 400 2327 illius
415 2297 650 2335 congregationis
667 2297 806 2325 fratribus
819 2306 944 2325 consen-

1004 1009 1209 1037 miraculorum
1226 1011 1317 1037 sancti
1337 1011 1442 1037 liertini
1459 1011 1643 1046 apertissime
1655 1015 1788 1041 testatur.

1002 1062 1108 1089 LXVII.
1150 1063 1273 1096 Qualiter
1303 1063 1386 1089 tib/ms
1425 1063 1556 1098 “mild/“us
1592 1064 1663 1099 apud
1692 1066 1827 1093 Alrabalis

1285 1100 1419 1131 (rgromns
1431 1099 1538 1126 abierit.

1037 1142 1122 1177 (892.)
1142 1142 1258 1175 Deinde,
1276 1150 1352 1169 anno
1382 1146 1447 1178 post
1474 1143 1534 1171 haec
1552 1143 1652 1178 altero,
1684 1145 1827 1174 Roduli‘us

1001 1186 1092 1213 abbas
1104 1187 1181 1222 apud
1193 1187 1361 1220 Attrebatis,
1371 1187 1398 1214 in
1411 1187 1515 1215 diebus
1529 1191 1696 1217 octavarum
1708 1190 1824 1218 Domini

1001 1231 1175 1267 sanguinem
1192 1231 1340 1264 minuaris,
1358 1240 1376 1258 ιι
1394 1232 1490 1259 Nonas
1505 1233 1649 1267 Januarii,
1667 1233 1744 1261 circa
1760 1243 1823 1262 me-

1001 1276 1079 1302 diam
1095 1278 1221 1308 noctam,
1239 1275 1392 1303 brachium
1409 1276 1472 1311 ejus
1488 1277 1574 1312 coepit
1592 1279 1763 1314 turgescens
1778 1279 1825 1306 in-

1003 1320 1083 1353 flari;
1099 1320 1299 1355 paulatimque
1312 1320 1409 1348 dolore
1425 1321 1459 1347 ad
1474 1322 1631 1356 praecordia
1640 1326 1824 1358 properante,

1001 1365 1073 1391 obiit
1089 1364 1134 1391 die
1149 1364 1361 1397 illuscescente,
1375 1373 1450 1392 anno
1466 1366 1579 1392 Domini
1606 1366 1668 1394 892.
1686 1367 1747 1395 Νοιι
1764 1367 1825 1395 hinc

1001 1411 1100 1436 autem
1118 1409 1176 1435 dixi
1193 1412 1225 1435 ut
1240 1412 1370 1436 astruam
1388 1409 1498 1437 lunaris
1518 1410 1596 1446 globi
1626 1420 1781 1439 numerum
1798 1415 1826 1440 et

1000 1454 1297 1484 cursum,secundum
1305 1462 1514 1489 supervacuam
1524 1455 1719 1483 mundialium
1727 1457 1828 1492 sapicn

1002 1498 1082 1530 tiam,
1100 1507 1116 1525 a
1130 1498 1303 1525 Christianis
1319 1506 1383 1525 esse
1399 1499 1626 1535 observandum,
1643 1509 1675 1527 ac
1697 1501 1732 1533 si,
1750 1502 1827 1536 quod

1002 1543 1082 1570 nel'as
1099 1544 1143 1570 est
1156 1542 1244 1569 etiam
1260 1542 1355 1570 dicere
1372 1545 1399 1570 et
1416 1543 1553 1571 horribile
1570 1545 1671 1572 auditu
1693 1545 1826 1573 Christus

1001 1587 1030 1613 in
1047 1595 1077 1618 ιι,
1095 1595 1122 1614 ιιι
1138 1589 1166 1613 et
1181 1595 1209 1615 IV
1225 1586 1295 1614 luna
1309 1589 1483 1622 potestatem
1500 1591 1606 1622 teneat,
1623 1589 1674 1616 IIII
1692 1592 1788 1617 autem
1800 1593 1829 1617 et

1001 1640 1016 1657 v
1032 1633 1060 1658 et
1073 1640 1123 1658 vxu
1140 1631 1269 1665 amittat;
1283 1632 1333 1659 sed
1346 1632 1485 1660 veraciter
1499 1633 1563 1660 dico
1578 1633 1656 1669 quod
1669 1634 1825 1669 prazseiens

1002 1676 1100 1703 omnia
1118 1678 1191 1703 Deus
1203 1676 1441 1711 praedestinatum
1453 1677 1517 1712 ejus
1527 1678 1685 1704 terminum
1696 1678 1761 1705 vitae
1773 1679 1829 1706 sub

1002 1720 1055 1747 hac
1072 1720 1163 1747 voluit
1179 1720 1330 1747 occasione
1347 1720 1440 1748 ﬁnire.
1459 1721 1597 1756 Sepultus
1612 1723 1656 1748 est
1669 1724 1766 1749 autem
1785 1722 1827 1750 is-

1002 1765 1067 1792 dem
1085 1765 1175 1792 abbas
1192 1765 1221 1791 in
1234 1764 1411 1792 monasterio
1427 1765 1518 1792 sancti
1536 1765 1664 1793 Vedasti.

1002 1819 1121 1847 LXVIII.
1152 1818 1279 1853 Qualiter
1306 1820 1365 1853 post
1381 1819 1440 1846 haec
1462 1819 1534 1846 locus
1550 1819 1600 1846 iste
1628 1820 1657 1846 in
1675 1820 1767 1847 laicalz
1783 1828 1813 1847 re

1035 1855 1183 1896 deditae“
1209 1855 1362 1889 potestate;
1377 1858 1402 1882 et
1423 1854 1456 1881 de
1484 1859 1570 1882 morte
1584 1855 1705 1883 Folconis
1734 1856 1826 1884 archi-

1033 1899 1148 1927 pzscopz.

1036 1945 1103 1971 Post
1112 1946 1233 1971 mortem
1242 1945 1338 1970 autem
1347 1944 1460 1971 Rodulti
1469 1945 1829 1981 abbatis,Balduinus(l08

1000 1988 1120 2016 inclitus
1134 1988 1308 2021 marcbisus,
1325 1988 1477 2023 Flandriaa,
1508 1989 1645 2024 Bolonia,
1671 1990 1828 2019 Ternensis

1000 2033 1088 2060 etiam
1118 2030 1225 2066 comes,
1253 2032 1402 2060 abbatiam
1432 2035 1530 2061 tenere
1561 2034 1700 2070 gestiens,
1729 2043 1827 2072 regem

1001 2077 1128 2105 Francius
1154 2076 1237 2110 adiit,
1265 2076 1484 2113 deprecaturus,
1515 2078 1540 2105 si
1564 2078 1592 2105 id
1618 2079 1826 2114 quoquomodo

1001 2124 1100 2158 posset
1115 2121 1254 2157 torqueri,
1269 2121 1417 2149 abbatiam
1442 2121 1599 2150 Sithiensis
1621 2122 1743 2150 canobii
1768 2123 1825 2151 sibi

1000 2166 1129 2194 concedi.
1146 2166 1227 2198 Quod
1253 2166 1406 2195 audientes
1420 2166 1483 2201 jam
1498 2166 1568 2193 dicti
1581 2166 1676 2194 sancti
1692 2166 1747 2194 loci
1764 2175 1826 2195 mo-

1001 2211 1097 2244 nachi,
1112 2209 1317 2238 Grimbaldum
1334 2210 1503 2246 quemdam,
1515 2219 1549 2238 ex
1564 2210 1636 2246 ipsis
1648 2210 1827 2239 monachum

1000 2255 1068 2291 (sub
1079 2255 1200 2291 Hugone
1211 2254 1367 2282 venerabili
1381 2254 1486 2282 abbate
1497 2255 1670 2283 duodecimo
1678 2255 1827 2291 praedicto,

999 2299 1150 2333 vestitum,
1167 2299 1262 2335 gratia
1276 2301 1305 2326 et
1319 2298 1428 2327 honore
1439 2299 1584 2335 dignum),
1596 2300 1632 2327 ad
1648 2308 1746 2337 regem
1757 2299 1827 2328 diri-

110 2346 267 2378 tientibus,
285 2342 586 2379 destinatus,petierit
601 2351 618 2370 a
633 2342 751 2378 prafato
765 2343 873 2370 domno
885 2343 943 2370 Ro-
961 2349 983 2381 D
1000 2346 1082 2380 gunt,
1100 2343 1128 2371 id
1144 2343 1331 2378 omnimodis,
1347 2343 1372 2371 si
1386 2346 1494 2380 posset,
1504 2343 1662 2371 consilium
1673 2347 1733 2373 toto
1742 2353 1828 2373 cona-

111 2391 195 2419 dult‘o
206 2389 350 2426 quasdam
364 2396 409 2416 res
420 2389 538 2423 propter
548 2386 718 2422 temporalis
733 2386 838 2414 solatia
848 2395 945 2415 neses-

110 2435 222 2468 sitatis,
240 2434 311 2461 dum
327 2433 390 2468 ejus
404 2432 565 2459 adhaereret
579 2430 673 2464 lateri,
685 2430 780 2458 abillo
790 2439 945 2459 concessas

110 2480 170 2508 sibi
187 2478 296 2507 nostris
312 2476 476 2514 specialiter
490 2476 594 2503 usibus
621 2475 749 2511 delegari
764 2477 852 2511 atque
880 2484 947 2503 con-

109 2524 207 2553 tradi:
226 2523 268 2551 sic
282 2525 393 2554 tamen,
405 2523 438 2548 ut
462 2520 548 2548 annis
571 2519 697 2556 singulis
713 2520 749 2547 ad
761 2520 946 2548 festivitatem

112 2568 211 2597 sancti
225 2566 363 2600 Amandi,
377 2574 442 2602 quae
456 2567 500 2593 est
509 2573 548 2592 vn
559 2564 704 2592 Kalendas
715 2564 898 2599 Novembris,
912 2565 947 2593 de

112 2613 188 2650 ipsis
204 2613 293 2640 rebus
309 2611 395 2639 nobis
409 2609 596 2638 refectionem
608 2610 761 2644 praeparet.

151 2666 225 2703 (405)
240 2666 464 2703 AuctoresNovw
480 2662 553 2703 Gel},
578 2661 675 2702 Christ.
703 2661 838 2703 Chartam
863 2661 944 2703 illam

112 2696 278 2730 confectam
294 2700 386 2736 fuisse
407 2701 512 2736 putant
526 2697 643 2725 biennio
659 2696 872 2736 postﬂchartarn
889 2698 944 2736 Ilo-

113 2738 177 2766 dini
194 2737 330 2774 superius
346 2732 479 2774 relatam,
504 2741 610 2774 nempe
624 2732 701 2774 anno
726 2733 790 2774 805,
806 2732 877 2769 quia
891 2733 946 2760 ini-

112 2774 190 2802 tium
205 2769 287 2809 re'gni
303 2771 398 2800 Caroli
407 2770 512 2809 Crassi
525 2769 648 2809 sumunt
658 2769 694 2796 ab
703 2771 879 2809 eo_te_mpore
887 2777 944 2809 quo

112 2810 143 2837 in
163 2804 353 2843 Letharingia
370 2806 567 2843 principatum
584 2805 761 2843 obtin_uerat._
776 2804 863 2843 Recte
879 2804 944 2843 qui:

112 2846 182 2881 dem
198 2844 278 2881 quod
294 2839 330 2881 ad
346 2839 606 2881 chartamﬁodini
617 2841 719 2881 attinet
731 2848 743 2881 ;_
755 2839 802 2881 hic
817 2839 896 2874 vero,
916 2841 946 2881 _si

114 2875 290 2920 verba‘ipsa
303 2876 493 2909 instrumenti
509 2876 654 2913 attendas,
670 2875 712 2906 nil
727 2875 851 2908 dubium
874 2876 946 2916 quin

1000 2388 1078 2416 mine
1094 2388 1305 2416 evacnandum.
1322 2388 1382 2420 Quo
1398 2387 1576 2424 proﬁciente,
1594 2388 1709 2416 obviam
1725 2389 1829 2418 habuit

1001 2433 1137 2460 eumdem
1154 2433 1301 2466 comitem,
1319 2441 1376 2468 quo
1392 2432 1525 2460 tenderet
1540 2433 1748 2468 requirentem.
1773 2433 1827 2461 Cui

1001 2485 1067 2504 cum
1085 2477 1285 2513 respondisset
1300 2485 1330 2504 se
1344 2485 1442 2512 regem
1453 2479 1586 2513 expetere
1596 2477 1828 2512 velle,indicavit

1001 2523 1026 2549 ei
1043 2530 1074 2549 se
1088 2523 1166 2557 regia
1181 2521 1337 2549 donatione
1352 2522 1500 2549 abbatiam
1522 2521 1672 2558 acquirere
1688 2531 1784 2558 posse,
1801 2522 1827 2550 si

1002 2565 1213 2594 monachorum
1227 2565 1362 2593 voluntas
1388 2565 1418 2593 in
1434 2566 1488 2594 hoc
1507 2575 1566 2593 non
1593 2566 1742 2595 videretur
1757 2576 1828 2595 con-

1002 2610 1109 2645 traire;
1126 2618 1157 2638 se
1182 2618 1298 2646 quoque
1323 2609 1429 2638 obnixe
1452 2612 1549 2646 petere
1572 2619 1608 2639 ne
1637 2620 1703 2639 eum
1721 2620 1755 2639 ex
1771 2611 1825 2640 hoc

1000 2666 1105 2701 agatur
1120 2664 1155 2691 de
1170 2663 1302 2701 ejusdem
1330 2663 1424 2701 Caroli
1440 2672 1529 2700 regno
1544 2664 1574 2692 in
1591 2665 1723 2699 Francia,
1739 2666 1825 2701 cujus

999 2699 1103 2727 tertius
1119 2707 1215 2727 annus
1228 2699 1264 2727 ad
1282 2708 1308 2727 a.
1325 2700 1378 2727 887
1395 2699 1575 2729 revocandus
1591 2703 1644 2729 est.

1035 2736 1109 2771 (100)
1124 2736 1196 2771 Lege
1208 2736 1271 2762 887.

1035 2771 1110 2804 (107)
1121 2770 1266 2803 Quasdam
1278 2770 1410 2805 ejusdem
1428 2771 1617 2800 instrumenti
1631 2771 1763 2800 clausula
1777 2778 1821 2799 re-

1035 2806 1069 2834 lit
1083 2806 1194 2834 Mabill.
1211 2779 1310 2834 Anna).
1329 2807 1442 2834 Bened..
1458 2809 1530 2834 tom.
1547 2807 1595 2834 IlI.
1613 2815 1679 2834 nae.
1696 2807 1759 2834 280.

1001 2806 1069 2844 tulit
1083 2806 1195 2844 Mabill.
1211 2806 1442 2844 Annal:_Bened.,
1458 2809 1530 2844 tom.
1547 2807 1595 2844 Ili,
1613 2815 1679 2844 pag.
1696 2807 1759 2836 280.

1037 2843 1111 2882 (108)
1128 2842 1291 2879 Balduinus
1305 2842 1527 2884 11,008nomine
1541 2842 1655 2873 Calvus.
