  <div class='ocr_page' id='page_1' title='image "/cluster/home/n/w/nwhite01/storage/ocr_20150623/136-137/uc1.31175019686917/633.png"; bbox 0 0 3882 6498; ppageno 0'>
   <div class='ocr_carea' id='block_1_1' title="bbox 246 516 444 587">
    <p class='ocr_par' dir='ltr' id='par_1_1' title="bbox 246 516 444 587">
     <span class='ocr_line' id='line_1_1' title="bbox 246 516 444 587; baseline -0.015 -11"><span class='ocrx_word' id='word_1_1' title='bbox 246 582 251 587; x_wconf 44' lang='grc'>,</span> <span class='ocrx_word' id='word_1_2' title='bbox 290 516 444 576; x_wconf 73' lang='grc'><strong>1255</strong></span> 
     </span>
    </p>
   </div>
   <div class='ocr_carea' id='block_1_2' title="bbox 1366 511 3245 584">
    <p class='ocr_par' dir='ltr' id='par_1_2' title="bbox 1366 511 3245 584">
     <span class='ocr_line' id='line_1_2' title="bbox 1366 511 3245 584; baseline -0.003 -11"><span class='ocrx_word' id='word_1_3' title='bbox 1366 514 1732 584; x_wconf 84' lang='lat' dir='ltr'>FOLQUINI</span> <span class='ocrx_word' id='word_1_4' title='bbox 1777 514 1839 572; x_wconf 93' lang='lat' dir='ltr'>S.</span> <span class='ocrx_word' id='word_1_5' title='bbox 1889 513 2206 575; x_wconf 69' lang='lat' dir='ltr'>BEHTINI</span> <span class='ocrx_word' id='word_1_6' title='bbox 2250 511 2623 573; x_wconf 75' lang='lat' dir='ltr'>MONACHI.</span> <span class='ocrx_word' id='word_1_7' title='bbox 3222 518 3245 543; x_wconf 75' lang='lat'>‘</span> 
     </span>
    </p>
   </div>
   <div class='ocr_carea' id='block_1_3' title="bbox 3545 506 3706 567">
    <p class='ocr_par' dir='ltr' id='par_1_3' title="bbox 3545 506 3706 567">
     <span class='ocr_line' id='line_1_3' title="bbox 3545 506 3706 567; baseline -0.019 0"><span class='ocrx_word' id='word_1_8' title='bbox 3545 506 3706 567; x_wconf 66' lang='grc'>1256</span> 
     </span>
    </p>
   </div>
   <div class='ocr_carea' id='block_1_4' title="bbox 285 638 3702 719">
    <p class='ocr_par' dir='ltr' id='par_1_4' title="bbox 285 638 3702 719">
     <span class='ocr_line' id='line_1_4' title="bbox 285 638 3702 719; baseline -0.003 -14"><span class='ocrx_word' id='word_1_9' title='bbox 285 649 458 705; x_wconf 83' lang='lat' dir='ltr'>vellet</span> <span class='ocrx_word' id='word_1_10' title='bbox 486 645 790 719; x_wconf 91' lang='lat' dir='ltr'>impedire.</span> <span class='ocrx_word' id='word_1_11' title='bbox 822 644 1062 701; x_wconf 81' lang='lat' dir='ltr'>Talibus</span> <span class='ocrx_word' id='word_1_12' title='bbox 1092 645 1152 700; x_wconf 92' lang='lat' dir='ltr'>in</span> <span class='ocrx_word' id='word_1_13' title='bbox 1185 645 1381 701; x_wconf 90' lang='lat' dir='ltr'>verbis</span> <span class='ocrx_word' id='word_1_14' title='bbox 1438 645 1764 701; x_wconf 84' lang='lat' dir='ltr'>discessum</span> <span class='ocrx_word' id='word_1_15' title='bbox 1808 647 1932 713; x_wconf 89' lang='lat' dir='ltr'>est;</span> <span class='ocrx_word' id='word_1_16' title='bbox 1968 648 2017 711; x_wconf 84' lang='lat' dir='ltr'><strong>A</strong></span> <span class='ocrx_word' id='word_1_17' title='bbox 2050 649 2108 700; x_wconf 93' lang='lat' dir='ltr'>et</span> <span class='ocrx_word' id='word_1_18' title='bbox 2139 645 2219 699; x_wconf 91' lang='lat' dir='ltr'>ita</span> <span class='ocrx_word' id='word_1_19' title='bbox 2250 648 2478 700; x_wconf 83' lang='lat' dir='ltr'>constat</span> <span class='ocrx_word' id='word_1_20' title='bbox 2508 644 2749 699; x_wconf 89' lang='lat' dir='ltr'>factum.</span> <span class='ocrx_word' id='word_1_21' title='bbox 2801 642 2994 698; x_wconf 89' lang='lat' dir='ltr'>Isdem</span> <span class='ocrx_word' id='word_1_22' title='bbox 3026 641 3241 697; x_wconf 89' lang='lat' dir='ltr'>audem</span> <span class='ocrx_word' id='word_1_23' title='bbox 3294 638 3702 705; x_wconf 87' lang='lat' dir='ltr'>Winemarus,</span> 
     </span>
    </p>
   </div>
   <div class='ocr_carea' id='block_1_5' title="bbox 287 734 1930 807">
    <p class='ocr_par' dir='ltr' id='par_1_5' title="bbox 287 734 1930 807">
     <span class='ocr_line' id='line_1_5' title="bbox 287 734 1930 807; baseline -0.003 -13"><span class='ocrx_word' id='word_1_24' title='bbox 287 734 906 807; x_wconf 89' lang='lat' dir='ltr'>Grimbaldusque,via</span> <span class='ocrx_word' id='word_1_25' title='bbox 924 738 1038 807; x_wconf 86' lang='lat' dir='ltr'>qua</span> <span class='ocrx_word' id='word_1_26' title='bbox 1052 739 1320 805; x_wconf 77' lang='lat' dir='ltr'>cmperat.</span> <span class='ocrx_word' id='word_1_27' title='bbox 1338 735 1598 807; x_wconf 78' lang='lat' dir='ltr'>pervenit</span> <span class='ocrx_word' id='word_1_28' title='bbox 1612 736 1681 790; x_wconf 91' lang='lat' dir='ltr'>ad</span> <span class='ocrx_word' id='word_1_29' title='bbox 1700 751 1894 805; x_wconf 85' lang='lat' dir='ltr'>regem</span> <span class='ocrx_word' id='word_1_30' title='bbox 1918 751 1930 801; x_wconf 93' lang='lat'><strong>;</strong></span> 
     </span>
    </p>
   </div>
   <div class='ocr_carea' id='block_1_6' title="bbox 284 822 1934 899">
    <p class='ocr_par' dir='ltr' id='par_1_6' title="bbox 284 822 1934 899">
     <span class='ocr_line' id='line_1_6' title="bbox 284 822 1934 899; baseline -0.004 -17"><span class='ocrx_word' id='word_1_31' title='bbox 284 825 613 899; x_wconf 86' lang='lat' dir='ltr'>reperitque</span> <span class='ocrx_word' id='word_1_32' title='bbox 655 825 733 878; x_wconf 87' lang='lat' dir='ltr'>ibi</span> <span class='ocrx_word' id='word_1_33' title='bbox 795 822 1179 878; x_wconf 63' lang='lat' dir='ltr'>venerabilem</span> <span class='ocrx_word' id='word_1_34' title='bbox 1238 822 1568 887; x_wconf 89' lang='lat' dir='ltr'>Folconem,</span> <span class='ocrx_word' id='word_1_35' title='bbox 1634 823 1934 894; x_wconf 89' lang='lat' dir='ltr'>quondam</span> 
     </span>
    </p>
   </div>
   <div class='ocr_carea' id='block_1_7' title="bbox 286 910 1935 983">
    <p class='ocr_par' dir='ltr' id='par_1_7' title="bbox 286 910 1935 983">
     <span class='ocr_line' id='line_1_7' title="bbox 286 910 1935 983; baseline -0.004 -11"><span class='ocrx_word' id='word_1_36' title='bbox 286 913 595 972; x_wconf 90' lang='lat' dir='ltr'>Sitbiensis</span> <span class='ocrx_word' id='word_1_37' title='bbox 628 911 873 967; x_wconf 69' lang='lat' dir='ltr'>eoenobii</span> <span class='ocrx_word' id='word_1_38' title='bbox 908 912 1201 979; x_wconf 81' lang='lat' dir='ltr'>abbatem,</span> <span class='ocrx_word' id='word_1_39' title='bbox 1238 916 1380 967; x_wconf 90' lang='lat' dir='ltr'>tunc</span> <span class='ocrx_word' id='word_1_40' title='bbox 1417 928 1551 967; x_wconf 88' lang='lat' dir='ltr'>vero</span> <span class='ocrx_word' id='word_1_41' title='bbox 1611 910 1935 983; x_wconf 85' lang='lat' dir='ltr'>gloriosum</span> 
     </span>
    </p>
   </div>
   <div class='ocr_carea' id='block_1_8' title="bbox 284 998 1934 1071">
    <p class='ocr_par' dir='ltr' id='par_1_8' title="bbox 284 998 1934 1071">
     <span class='ocr_line' id='line_1_8' title="bbox 284 998 1934 1071; baseline -0.003 -12"><span class='ocrx_word' id='word_1_42' title='bbox 284 1004 642 1059; x_wconf 83' lang='lat' dir='ltr'>Rhemorum</span> <span class='ocrx_word' id='word_1_43' title='bbox 673 999 1170 1071; x_wconf 64' lang='lat' dir='ltr'>archiprazsulmn.</span> <span class='ocrx_word' id='word_1_44' title='bbox 1205 1000 1307 1054; x_wconf 89' lang='lat' dir='ltr'>Cui</span> <span class='ocrx_word' id='word_1_45' title='bbox 1340 1016 1475 1054; x_wconf 91' lang='lat' dir='ltr'>cum</span> <span class='ocrx_word' id='word_1_46' title='bbox 1507 1016 1576 1054; x_wconf 87' lang='lat' dir='ltr'>ex</span> <span class='ocrx_word' id='word_1_47' title='bbox 1618 998 1934 1054; x_wconf 87' lang='lat' dir='ltr'>monacho-</span> 
     </span>
    </p>
   </div>
   <div class='ocr_carea' id='block_1_9' title="bbox 284 1087 1933 1157">
    <p class='ocr_par' dir='ltr' id='par_1_9' title="bbox 284 1087 1933 1157">
     <span class='ocr_line' id='line_1_9' title="bbox 284 1087 1933 1157; baseline -0.003 -10"><span class='ocrx_word' id='word_1_48' title='bbox 284 1109 415 1147; x_wconf 89' lang='lat' dir='ltr'>rum</span> <span class='ocrx_word' id='word_1_49' title='bbox 430 1090 640 1157; x_wconf 84' lang='lat' dir='ltr'>verbis,</span> <span class='ocrx_word' id='word_1_50' title='bbox 662 1089 1212 1144; x_wconf 87' lang='lat' dir='ltr'>intimassetomnes</span> <span class='ocrx_word' id='word_1_51' title='bbox 1226 1088 1586 1144; x_wconf 80' lang='lat' dir='ltr'>unanimiter</span> <span class='ocrx_word' id='word_1_52' title='bbox 1598 1087 1933 1143; x_wconf 89' lang='lat' dir='ltr'>antelocum</span> 
     </span>
    </p>
   </div>
   <div class='ocr_carea' id='block_1_10' title="bbox 281 1176 1934 1249">
    <p class='ocr_par' dir='ltr' id='par_1_10' title="bbox 281 1176 1934 1249">
     <span class='ocr_line' id='line_1_10' title="bbox 281 1176 1934 1249; baseline -0.003 -14"><span class='ocrx_word' id='word_1_53' title='bbox 281 1180 429 1237; x_wconf 88' lang='lat' dir='ltr'>velle</span> <span class='ocrx_word' id='word_1_54' title='bbox 447 1180 732 1245; x_wconf 52' lang='lat' dir='ltr'>deserere,</span> <span class='ocrx_word' id='word_1_55' title='bbox 764 1194 943 1249; x_wconf 87' lang='lat' dir='ltr'>quam</span> <span class='ocrx_word' id='word_1_56' title='bbox 963 1194 1127 1232; x_wconf 87' lang='lat' dir='ltr'>sacer</span> <span class='ocrx_word' id='word_1_57' title='bbox 1157 1176 1321 1232; x_wconf 91' lang='lat' dir='ltr'>locus</span> <span class='ocrx_word' id='word_1_58' title='bbox 1344 1178 1452 1232; x_wconf 91' lang='lat' dir='ltr'>sub</span> <span class='ocrx_word' id='word_1_59' title='bbox 1486 1176 1676 1232; x_wconf 88' lang='lat' dir='ltr'>laicali</span> <span class='ocrx_word' id='word_1_60' title='bbox 1710 1176 1934 1249; x_wconf 89' lang='lat' dir='ltr'>redige-</span> 
     </span>
    </p>
   </div>
   <div class='ocr_carea' id='block_1_11' title="bbox 283 1264 1935 1340">
    <p class='ocr_par' dir='ltr' id='par_1_11' title="bbox 283 1264 1935 1340">
     <span class='ocr_line' id='line_1_11' title="bbox 283 1264 1935 1340; baseline -0.002 -16"><span class='ocrx_word' id='word_1_61' title='bbox 283 1273 443 1325; x_wconf 81' lang='lat' dir='ltr'>retur</span> <span class='ocrx_word' id='word_1_62' title='bbox 472 1270 778 1340; x_wconf 79' lang='lat' dir='ltr'>potestate,</span> <span class='ocrx_word' id='word_1_63' title='bbox 803 1264 1140 1337; x_wconf 83' lang='lat' dir='ltr'>postulavit,</span> <span class='ocrx_word' id='word_1_64' title='bbox 1175 1267 1236 1320; x_wconf 93' lang='lat' dir='ltr'>in</span> <span class='ocrx_word' id='word_1_65' title='bbox 1273 1266 1366 1321; x_wconf 90' lang='lat' dir='ltr'>Dei</span> <span class='ocrx_word' id='word_1_66' title='bbox 1391 1265 1813 1337; x_wconf 84' lang='lat' dir='ltr'>omnipotentis</span> <span class='ocrx_word' id='word_1_67' title='bbox 1837 1281 1935 1320; x_wconf 88' lang='lat' dir='ltr'>no-</span> 
     </span>
    </p>
   </div>
   <div class='ocr_carea' id='block_1_12' title="bbox 284 1354 1932 1427">
    <p class='ocr_par' dir='ltr' id='par_1_12' title="bbox 284 1354 1932 1427">
     <span class='ocr_line' id='line_1_12' title="bbox 284 1354 1932 1427; baseline -0.002 -15"><span class='ocrx_word' id='word_1_68' title='bbox 284 1358 461 1425; x_wconf 90' lang='lat' dir='ltr'>mine,</span> <span class='ocrx_word' id='word_1_69' title='bbox 485 1361 550 1411; x_wconf 93' lang='lat' dir='ltr'>ut</span> <span class='ocrx_word' id='word_1_70' title='bbox 578 1359 868 1427; x_wconf 80' lang='lat' dir='ltr'>expeteret</span> <span class='ocrx_word' id='word_1_71' title='bbox 897 1355 1017 1427; x_wconf 89' lang='lat' dir='ltr'>regi</span> <span class='ocrx_word' id='word_1_72' title='bbox 1051 1372 1122 1409; x_wconf 91' lang='lat' dir='ltr'>ne</span> <span class='ocrx_word' id='word_1_73' title='bbox 1152 1354 1261 1411; x_wconf 91' lang='lat' dir='ltr'>hoc</span> <span class='ocrx_word' id='word_1_74' title='bbox 1288 1354 1397 1409; x_wconf 86' lang='lat' dir='ltr'>sub</span> <span class='ocrx_word' id='word_1_75' title='bbox 1430 1354 1559 1425; x_wconf 89' lang='lat' dir='ltr'>ejus</span> <span class='ocrx_word' id='word_1_76' title='bbox 1608 1354 1771 1425; x_wconf 84' lang='lat' dir='ltr'>regni</span> <span class='ocrx_word' id='word_1_77' title='bbox 1804 1371 1932 1425; x_wconf 91' lang='lat' dir='ltr'>per-</span> 
     </span>
    </p>
   </div>
   <div class='ocr_carea' id='block_1_13' title="bbox 283 1441 1936 1515">
    <p class='ocr_par' dir='ltr' id='par_1_13' title="bbox 283 1441 1936 1515">
     <span class='ocr_line' id='line_1_13' title="bbox 283 1441 1936 1515; baseline -0.003 -15"><span class='ocrx_word' id='word_1_78' title='bbox 283 1447 543 1501; x_wconf 83' lang='lat' dir='ltr'>mitteret</span> <span class='ocrx_word' id='word_1_79' title='bbox 575 1445 694 1499; x_wconf 82' lang='lat' dir='ltr'>tieri</span> <span class='ocrx_word' id='word_1_80' title='bbox 722 1448 1000 1515; x_wconf 89' lang='lat' dir='ltr'>tempore,</span> <span class='ocrx_word' id='word_1_81' title='bbox 1025 1443 1181 1514; x_wconf 92' lang='lat' dir='ltr'>quod</span> <span class='ocrx_word' id='word_1_82' title='bbox 1201 1444 1272 1498; x_wconf 92' lang='lat' dir='ltr'>ab</span> <span class='ocrx_word' id='word_1_83' title='bbox 1294 1441 1764 1498; x_wconf 85' lang='lat' dir='ltr'>antecessoribus</span> <span class='ocrx_word' id='word_1_84' title='bbox 1787 1459 1936 1496; x_wconf 90' lang='lat' dir='ltr'>nun-</span> 
     </span>
    </p>
   </div>
   <div class='ocr_carea' id='block_1_14' title="bbox 282 1529 1931 1607">
    <p class='ocr_par' dir='ltr' id='par_1_14' title="bbox 282 1529 1931 1607">
     <span class='ocr_line' id='line_1_14' title="bbox 282 1529 1931 1607; baseline -0.003 -17"><span class='ocrx_word' id='word_1_85' title='bbox 282 1549 461 1607; x_wconf 84' lang='lat' dir='ltr'>quam</span> <span class='ocrx_word' id='word_1_86' title='bbox 492 1533 800 1589; x_wconf 84' lang='lat' dir='ltr'>videbatur</span> <span class='ocrx_word' id='word_1_87' title='bbox 832 1533 1049 1587; x_wconf 87' lang='lat' dir='ltr'>factum</span> <span class='ocrx_word' id='word_1_88' title='bbox 1081 1547 1228 1586; x_wconf 90' lang='lat' dir='ltr'>esse.</span> <span class='ocrx_word' id='word_1_89' title='bbox 1263 1531 1425 1597; x_wconf 87' lang='lat' dir='ltr'>Quod</span> <span class='ocrx_word' id='word_1_90' title='bbox 1460 1530 1707 1586; x_wconf 83' lang='lat' dir='ltr'>audiens</span> <span class='ocrx_word' id='word_1_91' title='bbox 1740 1529 1931 1586; x_wconf 89' lang='lat' dir='ltr'>archi-</span> 
     </span>
    </p>
   </div>
   <div class='ocr_carea' id='block_1_15' title="bbox 281 1619 1933 1695">
    <p class='ocr_par' dir='ltr' id='par_1_15' title="bbox 281 1619 1933 1695">
     <span class='ocr_line' id='line_1_15' title="bbox 281 1619 1933 1695; baseline -0.004 -16"><span class='ocrx_word' id='word_1_92' title='bbox 281 1624 590 1695; x_wconf 88' lang='lat' dir='ltr'>episcopus</span> <span class='ocrx_word' id='word_1_93' title='bbox 608 1624 795 1686; x_wconf 86' lang='lat' dir='ltr'>Folco,</span> <span class='ocrx_word' id='word_1_94' title='bbox 813 1620 1127 1676; x_wconf 88' lang='lat' dir='ltr'>condolens</span> <span class='ocrx_word' id='word_1_95' title='bbox 1142 1619 1403 1692; x_wconf 84' lang='lat' dir='ltr'>petitioni</span> <span class='ocrx_word' id='word_1_96' title='bbox 1422 1620 1569 1689; x_wconf 84' lang='lat' dir='ltr'>ejus,</span> <span class='ocrx_word' id='word_1_97' title='bbox 1594 1635 1933 1691; x_wconf 84' lang='lat' dir='ltr'>memorque</span> 
     </span>
    </p>
   </div>
   <div class='ocr_carea' id='block_1_16' title="bbox 281 1709 1930 1782">
    <p class='ocr_par' dir='ltr' id='par_1_16' title="bbox 281 1709 1930 1782">
     <span class='ocr_line' id='line_1_16' title="bbox 281 1709 1930 1782; baseline -0.003 -16"><span class='ocrx_word' id='word_1_98' title='bbox 281 1711 535 1782; x_wconf 70' lang='lat' dir='ltr'>antiquae</span> <span class='ocrx_word' id='word_1_99' title='bbox 567 1709 896 1765; x_wconf 87' lang='lat' dir='ltr'>dilectionis</span> <span class='ocrx_word' id='word_1_100' title='bbox 927 1709 1079 1764; x_wconf 87' lang='lat' dir='ltr'>circa</span> <span class='ocrx_word' id='word_1_101' title='bbox 1109 1709 1381 1764; x_wconf 90' lang='lat' dir='ltr'>eumdem</span> <span class='ocrx_word' id='word_1_102' title='bbox 1413 1709 1627 1777; x_wconf 90' lang='lat' dir='ltr'>locum,</span> <span class='ocrx_word' id='word_1_103' title='bbox 1653 1725 1772 1762; x_wconf 89' lang='lat' dir='ltr'>una</span> <span class='ocrx_word' id='word_1_104' title='bbox 1798 1724 1930 1762; x_wconf 91' lang='lat' dir='ltr'>cum</span> 
     </span>
    </p>
   </div>
   <div class='ocr_carea' id='block_1_17' title="bbox 280 1796 1929 1872">
    <p class='ocr_par' dir='ltr' id='par_1_17' title="bbox 280 1796 1929 1872">
     <span class='ocr_line' id='line_1_17' title="bbox 280 1796 1929 1872; baseline -0.002 -17"><span class='ocrx_word' id='word_1_105' title='bbox 280 1799 409 1872; x_wconf 89' lang='lat' dir='ltr'>ipso</span> <span class='ocrx_word' id='word_1_106' title='bbox 442 1797 780 1855; x_wconf 87' lang='lat' dir='ltr'>Grimbaldo</span> <span class='ocrx_word' id='word_1_107' title='bbox 811 1799 881 1852; x_wconf 92' lang='lat' dir='ltr'>ad</span> <span class='ocrx_word' id='word_1_108' title='bbox 917 1814 1110 1870; x_wconf 85' lang='lat' dir='ltr'>regem</span> <span class='ocrx_word' id='word_1_109' title='bbox 1142 1797 1398 1864; x_wconf 89' lang='lat' dir='ltr'>veniens,</span> <span class='ocrx_word' id='word_1_110' title='bbox 1422 1797 1600 1852; x_wconf 89' lang='lat' dir='ltr'>verba</span> <span class='ocrx_word' id='word_1_111' title='bbox 1617 1796 1929 1852; x_wconf 88' lang='lat' dir='ltr'>monacho-</span> 
     </span>
    </p>
   </div>
   <div class='ocr_carea' id='block_1_18' title="bbox 279 1885 1931 1958">
    <p class='ocr_par' dir='ltr' id='par_1_18' title="bbox 279 1885 1931 1958">
     <span class='ocr_line' id='line_1_18' title="bbox 279 1885 1931 1958; baseline -0.002 -15"><span class='ocrx_word' id='word_1_112' title='bbox 279 1906 410 1944; x_wconf 90' lang='lat' dir='ltr'>rum</span> <span class='ocrx_word' id='word_1_113' title='bbox 443 1887 756 1954; x_wconf 89' lang='lat' dir='ltr'>intimavit,</span> <span class='ocrx_word' id='word_1_114' title='bbox 790 1890 864 1952; x_wconf 87' lang='lat' dir='ltr'>et,</span> <span class='ocrx_word' id='word_1_115' title='bbox 899 1903 970 1940; x_wconf 89' lang='lat' dir='ltr'>ne</span> <span class='ocrx_word' id='word_1_116' title='bbox 1018 1885 1205 1941; x_wconf 92' lang='lat' dir='ltr'>laicus</span> <span class='ocrx_word' id='word_1_117' title='bbox 1238 1885 1541 1940; x_wconf 81' lang='lat' dir='ltr'>monachis</span> <span class='ocrx_word' id='word_1_118' title='bbox 1571 1902 1931 1958; x_wconf 90' lang='lat' dir='ltr'>superpone-</span> 
     </span>
    </p>
   </div>
   <div class='ocr_carea' id='block_1_19' title="bbox 278 1974 2003 2081">
    <p class='ocr_par' dir='ltr' id='par_1_19' title="bbox 278 1974 2003 2081">
     <span class='ocr_line' id='line_1_19' title="bbox 278 1974 2003 2081; baseline -0.002 -48"><span class='ocrx_word' id='word_1_119' title='bbox 278 1982 458 2046; x_wconf 90' lang='lat' dir='ltr'>retur,</span> <span class='ocrx_word' id='word_1_120' title='bbox 492 1974 847 2032; x_wconf 88' lang='lat' dir='ltr'>omnimodis</span> <span class='ocrx_word' id='word_1_121' title='bbox 877 1976 1233 2048; x_wconf 87' lang='lat' dir='ltr'>expoposcit.</span> <span class='ocrx_word' id='word_1_122' title='bbox 1270 1975 1389 2030; x_wconf 81' lang='lat' dir='ltr'>Rex</span> <span class='ocrx_word' id='word_1_123' title='bbox 1418 1979 1613 2030; x_wconf 89' lang='lat' dir='ltr'>autem</span> <span class='ocrx_word' id='word_1_124' title='bbox 1661 1992 1927 2030; x_wconf 86' lang='lat' dir='ltr'>annuens</span> <span class='ocrx_word' id='word_1_125' title='bbox 1955 2017 2003 2081; x_wconf 81' lang='grc' dir='ltr'>Β</span> 
     </span>
    </p>
   </div>
   <div class='ocr_carea' id='block_1_20' title="bbox 277 2062 1926 2138">
    <p class='ocr_par' dir='ltr' id='par_1_20' title="bbox 277 2062 1926 2138">
     <span class='ocr_line' id='line_1_20' title="bbox 277 2062 1926 2138; baseline -0.002 -17"><span class='ocrx_word' id='word_1_126' title='bbox 277 2068 405 2137; x_wconf 87' lang='lat' dir='ltr'>ejus</span> <span class='ocrx_word' id='word_1_127' title='bbox 437 2064 722 2138; x_wconf 90' lang='lat' dir='ltr'>petitioni,</span> <span class='ocrx_word' id='word_1_128' title='bbox 756 2081 858 2136; x_wconf 91' lang='lat' dir='ltr'>per</span> <span class='ocrx_word' id='word_1_129' title='bbox 889 2064 1132 2119; x_wconf 75' lang='lat' dir='ltr'>fratrum</span> <span class='ocrx_word' id='word_1_130' title='bbox 1167 2063 1528 2131; x_wconf 90' lang='lat' dir='ltr'>electionem,</span> <span class='ocrx_word' id='word_1_131' title='bbox 1572 2062 1761 2118; x_wconf 90' lang='lat' dir='ltr'>eidem</span> <span class='ocrx_word' id='word_1_132' title='bbox 1794 2062 1926 2117; x_wconf 82' lang='lat' dir='ltr'>Fol-</span> 
     </span>
    </p>
   </div>
   <div class='ocr_carea' id='block_1_21' title="bbox 278 2152 1927 2224">
    <p class='ocr_par' dir='ltr' id='par_1_21' title="bbox 278 2152 1927 2224">
     <span class='ocr_line' id='line_1_21' title="bbox 278 2152 1927 2224; baseline -0.003 -14"><span class='ocrx_word' id='word_1_133' title='bbox 278 2155 408 2211; x_wconf 91' lang='lat' dir='ltr'>coni</span> <span class='ocrx_word' id='word_1_134' title='bbox 440 2153 736 2210; x_wconf 87' lang='lat' dir='ltr'>abbatiam</span> <span class='ocrx_word' id='word_1_135' title='bbox 769 2154 1008 2207; x_wconf 90' lang='lat' dir='ltr'>demum</span> <span class='ocrx_word' id='word_1_136' title='bbox 1027 2153 1653 2224; x_wconf 84' lang='lat' dir='ltr'>commisitregendam</span> <span class='ocrx_word' id='word_1_137' title='bbox 1677 2152 1799 2223; x_wconf 87' lang='lat' dir='ltr'>[qui</span> <span class='ocrx_word' id='word_1_138' title='bbox 1824 2168 1927 2206; x_wconf 88' lang='lat' dir='ltr'>an-</span> 
     </span>
    </p>
   </div>
   <div class='ocr_carea' id='block_1_22' title="bbox 278 2241 1925 2315">
    <p class='ocr_par' dir='ltr' id='par_1_22' title="bbox 278 2241 1925 2315">
     <span class='ocr_line' id='line_1_22' title="bbox 278 2241 1925 2315; baseline -0.002 -16"><span class='ocrx_word' id='word_1_139' title='bbox 278 2245 372 2299; x_wconf 90' lang='lat' dir='ltr'>nis</span> <span class='ocrx_word' id='word_1_140' title='bbox 404 2248 655 2315; x_wconf 84' lang='lat' dir='ltr'>quatuor</span> <span class='ocrx_word' id='word_1_141' title='bbox 686 2247 921 2296; x_wconf 87' lang='lat' dir='ltr'>strenue</span> <span class='ocrx_word' id='word_1_142' title='bbox 952 2242 1119 2307; x_wconf 85' lang='lat' dir='ltr'>rexit,</span> <span class='ocrx_word' id='word_1_143' title='bbox 1153 2256 1431 2313; x_wconf 87' lang='lat' dir='ltr'>reparans</span> <span class='ocrx_word' id='word_1_144' title='bbox 1482 2241 1925 2306; x_wconf 78' lang='lat' dir='ltr'>monasterium,</span> 
     </span>
    </p>
   </div>
   <div class='ocr_carea' id='block_1_23' title="bbox 278 2329 1928 2401">
    <p class='ocr_par' dir='ltr' id='par_1_23' title="bbox 278 2329 1928 2401">
     <span class='ocr_line' id='line_1_23' title="bbox 278 2329 1928 2401; baseline -0.001 -14"><span class='ocrx_word' id='word_1_145' title='bbox 278 2332 389 2387; x_wconf 88' lang='lat' dir='ltr'>sud</span> <span class='ocrx_word' id='word_1_146' title='bbox 423 2330 672 2386; x_wconf 80' lang='lat' dir='ltr'>Rodulfo</span> <span class='ocrx_word' id='word_1_147' title='bbox 704 2330 911 2385; x_wconf 87' lang='lat' dir='ltr'>abbate</span> <span class='ocrx_word' id='word_1_148' title='bbox 941 2333 1286 2400; x_wconf 87' lang='lat' dir='ltr'>tempestate</span> <span class='ocrx_word' id='word_1_149' title='bbox 1315 2333 1755 2401; x_wconf 88' lang='lat' dir='ltr'>consumptum.</span> <span class='ocrx_word' id='word_1_150' title='bbox 1790 2329 1928 2400; x_wconf 83' lang='lat' dir='ltr'>Ejus</span> 
     </span>
    </p>
   </div>
   <div class='ocr_carea' id='block_1_24' title="bbox 277 2418 1931 2492">
    <p class='ocr_par' dir='ltr' id='par_1_24' title="bbox 277 2418 1931 2492">
     <span class='ocr_line' id='line_1_24' title="bbox 277 2418 1931 2492; baseline -0.001 -18"><span class='ocrx_word' id='word_1_151' title='bbox 277 2424 559 2492; x_wconf 86' lang='lat' dir='ltr'>tempore,</span> <span class='ocrx_word' id='word_1_152' title='bbox 592 2418 936 2474; x_wconf 90' lang='lat' dir='ltr'>Cluniacum</span> <span class='ocrx_word' id='word_1_153' title='bbox 974 2418 1296 2489; x_wconf 89' lang='lat' dir='ltr'>fundatur].</span> <span class='ocrx_word' id='word_1_154' title='bbox 1334 2418 1461 2473; x_wconf 61' lang='lat' dir='ltr'>Haec</span> <span class='ocrx_word' id='word_1_155' title='bbox 1491 2418 1542 2472; x_wconf 91' lang='lat' dir='ltr'>ei</span> <span class='ocrx_word' id='word_1_156' title='bbox 1573 2434 1709 2490; x_wconf 88' lang='lat' dir='ltr'>ergo</span> <span class='ocrx_word' id='word_1_157' title='bbox 1751 2435 1931 2474; x_wconf 89' lang='lat' dir='ltr'>causa</span> 
     </span>
    </p>
   </div>
   <div class='ocr_carea' id='block_1_25' title="bbox 279 2505 1927 2577">
    <p class='ocr_par' dir='ltr' id='par_1_25' title="bbox 279 2505 1927 2577">
     <span class='ocr_line' id='line_1_25' title="bbox 279 2505 1927 2577; baseline -0.002 -14"><span class='ocrx_word' id='word_1_158' title='bbox 279 2506 596 2563; x_wconf 88' lang='lat' dir='ltr'>seminaria</span> <span class='ocrx_word' id='word_1_159' title='bbox 627 2506 737 2561; x_wconf 88' lang='lat' dir='ltr'>tuit</span> <span class='ocrx_word' id='word_1_160' title='bbox 781 2505 896 2560; x_wconf 92' lang='lat' dir='ltr'>odii</span> <span class='ocrx_word' id='word_1_161' title='bbox 930 2505 1081 2560; x_wconf 89' lang='lat' dir='ltr'>inter</span> <span class='ocrx_word' id='word_1_162' title='bbox 1130 2505 1412 2561; x_wconf 91' lang='lat' dir='ltr'>eumdum</span> <span class='ocrx_word' id='word_1_163' title='bbox 1473 2505 1777 2561; x_wconf 90' lang='lat' dir='ltr'>Folconem</span> <span class='ocrx_word' id='word_1_164' title='bbox 1806 2506 1927 2577; x_wconf 89' lang='lat' dir='ltr'>epi-</span> 
     </span>
    </p>
   </div>
   <div class='ocr_carea' id='block_1_26' title="bbox 279 2593 1927 2668">
    <p class='ocr_par' dir='ltr' id='par_1_26' title="bbox 279 2593 1927 2668">
     <span class='ocr_line' id='line_1_26' title="bbox 279 2593 1927 2668; baseline -0.002 -16"><span class='ocrx_word' id='word_1_165' title='bbox 279 2612 524 2668; x_wconf 89' lang='lat' dir='ltr'>scopum</span> <span class='ocrx_word' id='word_1_166' title='bbox 556 2600 612 2651; x_wconf 91' lang='lat' dir='ltr'>et</span> <span class='ocrx_word' id='word_1_167' title='bbox 641 2595 933 2659; x_wconf 85' lang='lat' dir='ltr'>abbatem,</span> <span class='ocrx_word' id='word_1_168' title='bbox 971 2597 1027 2650; x_wconf 91' lang='lat' dir='ltr'>et</span> <span class='ocrx_word' id='word_1_169' title='bbox 1058 2593 1325 2649; x_wconf 89' lang='lat' dir='ltr'>inclitum</span> <span class='ocrx_word' id='word_1_170' title='bbox 1384 2594 1740 2649; x_wconf 87' lang='lat' dir='ltr'>Balduinum</span> <span class='ocrx_word' id='word_1_171' title='bbox 1772 2612 1927 2650; x_wconf 88' lang='lat' dir='ltr'>mar-</span> 
     </span>
    </p>
   </div>
   <div class='ocr_carea' id='block_1_27' title="bbox 279 2682 1932 2753">
    <p class='ocr_par' dir='ltr' id='par_1_27' title="bbox 279 2682 1932 2753">
     <span class='ocr_line' id='line_1_27' title="bbox 279 2682 1932 2753; baseline -0.002 -12"><span class='ocrx_word' id='word_1_172' title='bbox 279 2686 548 2741; x_wconf 89' lang='lat' dir='ltr'>chionem</span> <span class='ocrx_word' id='word_1_173' title='bbox 575 2702 587 2753; x_wconf 92' lang='lat'><strong>;</strong></span> <span class='ocrx_word' id='word_1_174' title='bbox 623 2687 680 2740; x_wconf 91' lang='lat' dir='ltr'>et</span> <span class='ocrx_word' id='word_1_175' title='bbox 710 2682 832 2738; x_wconf 59' lang='lat' dir='ltr'>hac</span> <span class='ocrx_word' id='word_1_176' title='bbox 862 2682 1169 2739; x_wconf 88' lang='lat' dir='ltr'>inimicitia</span> <span class='ocrx_word' id='word_1_177' title='bbox 1197 2699 1297 2738; x_wconf 83' lang='lat' dir='ltr'>VIII</span> <span class='ocrx_word' id='word_1_178' title='bbox 1320 2699 1609 2738; x_wconf 89' lang='lat' dir='ltr'>annorum</span> <span class='ocrx_word' id='word_1_179' title='bbox 1632 2684 1748 2738; x_wconf 85' lang='lat' dir='ltr'>fere</span> <span class='ocrx_word' id='word_1_180' title='bbox 1766 2701 1932 2739; x_wconf 88' lang='lat' dir='ltr'>occu-</span> 
     </span>
    </p>
   </div>
   <div class='ocr_carea' id='block_1_28' title="bbox 278 2772 1931 2847">
    <p class='ocr_par' dir='ltr' id='par_1_28' title="bbox 278 2772 1931 2847">
     <span class='ocr_line' id='line_1_28' title="bbox 278 2772 1931 2847; baseline 0 -18"><span class='ocrx_word' id='word_1_181' title='bbox 278 2780 517 2847; x_wconf 88' lang='lat' dir='ltr'>paverat</span> <span class='ocrx_word' id='word_1_182' title='bbox 546 2780 800 2845; x_wconf 88' lang='lat' dir='ltr'>tempus,</span> <span class='ocrx_word' id='word_1_183' title='bbox 835 2773 1017 2827; x_wconf 90' lang='lat' dir='ltr'>donec</span> <span class='ocrx_word' id='word_1_184' title='bbox 1060 2772 1334 2844; x_wconf 68' lang='lat' dir='ltr'>praefatus</span> <span class='ocrx_word' id='word_1_185' title='bbox 1365 2789 1562 2829; x_wconf 89' lang='lat' dir='ltr'>comes</span> <span class='ocrx_word' id='word_1_186' title='bbox 1605 2772 1931 2829; x_wconf 89' lang='lat' dir='ltr'>Balduinus</span> 
     </span>
    </p>
   </div>
   <div class='ocr_carea' id='block_1_29' title="bbox 280 2862 1933 2936">
    <p class='ocr_par' dir='ltr' id='par_1_29' title="bbox 280 2862 1933 2936">
     <span class='ocr_line' id='line_1_29' title="bbox 280 2862 1933 2936; baseline -0.002 -18"><span class='ocrx_word' id='word_1_187' title='bbox 280 2862 494 2936; x_wconf 88' lang='lat' dir='ltr'>(scelus</span> <span class='ocrx_word' id='word_1_188' title='bbox 525 2863 681 2935; x_wconf 90' lang='lat' dir='ltr'>quod</span> <span class='ocrx_word' id='word_1_189' title='bbox 713 2863 909 2917; x_wconf 90' lang='lat' dir='ltr'>animo</span> <span class='ocrx_word' id='word_1_190' title='bbox 940 2870 1283 2933; x_wconf 87' lang='lat' dir='ltr'>conceperat</span> <span class='ocrx_word' id='word_1_191' title='bbox 1308 2867 1596 2917; x_wconf 81' lang='lat' dir='ltr'>evomeret</span> <span class='ocrx_word' id='word_1_192' title='bbox 1619 2866 1683 2917; x_wconf 91' lang='lat' dir='ltr'>ut</span> <span class='ocrx_word' id='word_1_193' title='bbox 1711 2864 1933 2934; x_wconf 89' lang='lat' dir='ltr'>(quem-</span> 
     </span>
    </p>
   </div>
   <div class='ocr_carea' id='block_1_30' title="bbox 279 2950 1927 3022">
    <p class='ocr_par' dir='ltr' id='par_1_30' title="bbox 279 2950 1927 3022">
     <span class='ocr_line' id='line_1_30' title="bbox 279 2950 1927 3022; baseline -0.001 -15"><span class='ocrx_word' id='word_1_194' title='bbox 279 2954 415 3007; x_wconf 90' lang='lat' dir='ltr'>dam</span> <span class='ocrx_word' id='word_1_195' title='bbox 447 2952 693 3006; x_wconf 85' lang='lat' dir='ltr'>militem</span> <span class='ocrx_word' id='word_1_196' title='bbox 727 2950 1167 3019; x_wconf 90' lang='lat' dir='ltr'>suum,nomine</span> <span class='ocrx_word' id='word_1_197' title='bbox 1185 2950 1613 3015; x_wconf 79' lang='lat' dir='ltr'>Winemarum,</span> <span class='ocrx_word' id='word_1_198' title='bbox 1638 2952 1707 3005; x_wconf 89' lang='lat' dir='ltr'>ad</span> <span class='ocrx_word' id='word_1_199' title='bbox 1733 2966 1927 3022; x_wconf 80' lang='lat' dir='ltr'>regem</span> 
     </span>
    </p>
   </div>
   <div class='ocr_carea' id='block_1_31' title="bbox 281 3038 1928 3110">
    <p class='ocr_par' dir='ltr' id='par_1_31' title="bbox 281 3038 1928 3110">
     <span class='ocr_line' id='line_1_31' title="bbox 281 3038 1928 3110; baseline -0.001 -15"><span class='ocrx_word' id='word_1_200' title='bbox 281 3039 550 3095; x_wconf 91' lang='lat' dir='ltr'>Carolum</span> <span class='ocrx_word' id='word_1_201' title='bbox 587 3055 857 3109; x_wconf 88' lang='lat' dir='ltr'>puerum,</span> <span class='ocrx_word' id='word_1_202' title='bbox 891 3038 991 3109; x_wconf 89' lang='lat' dir='ltr'>qui</span> <span class='ocrx_word' id='word_1_203' title='bbox 1020 3043 1160 3092; x_wconf 89' lang='lat' dir='ltr'>tunc</span> <span class='ocrx_word' id='word_1_204' title='bbox 1182 3039 1484 3109; x_wconf 85' lang='lat' dir='ltr'>regnabat,</span> <span class='ocrx_word' id='word_1_205' title='bbox 1512 3056 1612 3110; x_wconf 91' lang='lat' dir='ltr'>pro</span> <span class='ocrx_word' id='word_1_206' title='bbox 1636 3055 1702 3093; x_wconf 89' lang='lat' dir='ltr'>ac</span> <span class='ocrx_word' id='word_1_207' title='bbox 1725 3040 1928 3093; x_wconf 89' lang='lat' dir='ltr'>eadem</span> 
     </span>
    </p>
   </div>
   <div class='ocr_carea' id='block_1_32' title="bbox 281 3123 1930 3198">
    <p class='ocr_par' dir='ltr' id='par_1_32' title="bbox 281 3123 1930 3198">
     <span class='ocr_line' id='line_1_32' title="bbox 281 3123 1930 3198; baseline -0.001 -15"><span class='ocrx_word' id='word_1_208' title='bbox 281 3145 459 3183; x_wconf 89' lang='lat' dir='ltr'>causa</span> <span class='ocrx_word' id='word_1_209' title='bbox 488 3126 782 3198; x_wconf 87' lang='lat' dir='ltr'>dirigeret,</span> <span class='ocrx_word' id='word_1_210' title='bbox 817 3132 872 3181; x_wconf 91' lang='lat' dir='ltr'>et</span> <span class='ocrx_word' id='word_1_211' title='bbox 903 3130 968 3180; x_wconf 92' lang='lat' dir='ltr'>ut</span> <span class='ocrx_word' id='word_1_212' title='bbox 999 3123 1254 3196; x_wconf 90' lang='lat' dir='ltr'>episcopi</span> <span class='ocrx_word' id='word_1_213' title='bbox 1286 3126 1550 3180; x_wconf 88' lang='lat' dir='ltr'>animum</span> <span class='ocrx_word' id='word_1_214' title='bbox 1581 3126 1930 3197; x_wconf 89' lang='lat' dir='ltr'>placaret,ct</span> 
     </span>
    </p>
   </div>
   <div class='ocr_carea' id='block_1_33' title="bbox 280 3213 1924 3284">
    <p class='ocr_par' dir='ltr' id='par_1_33' title="bbox 280 3213 1924 3284">
     <span class='ocr_line' id='line_1_33' title="bbox 280 3213 1924 3284; baseline -0.002 -12"><span class='ocrx_word' id='word_1_215' title='bbox 280 3217 353 3273; x_wconf 85' lang='lat' dir='ltr'>ad</span> <span class='ocrx_word' id='word_1_216' title='bbox 373 3213 855 3283; x_wconf 86' lang='lat' dir='ltr'>consentiendum</span> <span class='ocrx_word' id='word_1_217' title='bbox 871 3213 949 3283; x_wconf 87' lang='lat' dir='ltr'>id,</span> <span class='ocrx_word' id='word_1_218' title='bbox 967 3213 1013 3267; x_wconf 91' lang='lat' dir='ltr'>si</span> <span class='ocrx_word' id='word_1_219' title='bbox 1028 3230 1143 3284; x_wconf 90' lang='lat' dir='ltr'>quo</span> <span class='ocrx_word' id='word_1_220' title='bbox 1162 3213 1334 3267; x_wconf 91' lang='lat' dir='ltr'>modo</span> <span class='ocrx_word' id='word_1_221' title='bbox 1358 3219 1572 3283; x_wconf 88' lang='lat' dir='ltr'>posset,</span> <span class='ocrx_word' id='word_1_222' title='bbox 1600 3213 1924 3270; x_wconf 86' lang='lat' dir='ltr'>inclinaret.</span> 
     </span>
    </p>
   </div>
   <div class='ocr_carea' id='block_1_34' title="bbox 278 3301 1929 3376">
    <p class='ocr_par' dir='ltr' id='par_1_34' title="bbox 278 3301 1929 3376">
     <span class='ocr_line' id='line_1_34' title="bbox 278 3301 1929 3376; baseline -0.002 -16"><span class='ocrx_word' id='word_1_223' title='bbox 278 3308 542 3376; x_wconf 88' lang='lat' dir='ltr'>Cumque</span> <span class='ocrx_word' id='word_1_224' title='bbox 567 3301 876 3374; x_wconf 89' lang='lat' dir='ltr'>episcopus</span> <span class='ocrx_word' id='word_1_225' title='bbox 924 3302 983 3356; x_wconf 92' lang='lat' dir='ltr'>in</span> <span class='ocrx_word' id='word_1_226' title='bbox 1028 3319 1155 3367; x_wconf 90' lang='lat' dir='ltr'>sua,</span> <span class='ocrx_word' id='word_1_227' title='bbox 1189 3306 1255 3356; x_wconf 92' lang='lat' dir='ltr'>ut</span> <span class='ocrx_word' id='word_1_228' title='bbox 1310 3306 1580 3374; x_wconf 77' lang='lat' dir='ltr'>cmperat,</span> <span class='ocrx_word' id='word_1_229' title='bbox 1638 3304 1929 3358; x_wconf 86' lang='lat' dir='ltr'>sententia</span> 
     </span>
    </p>
   </div>
   <div class='ocr_carea' id='block_1_35' title="bbox 280 3380 1996 3469">
    <p class='ocr_par' dir='ltr' id='par_1_35' title="bbox 280 3380 1996 3469">
     <span class='ocr_line' id='line_1_35' title="bbox 280 3380 1996 3469; baseline -0.002 -18"><span class='ocrx_word' id='word_1_230' title='bbox 280 3395 644 3469; x_wconf 82' lang='lat' dir='ltr'>perduraret,</span> <span class='ocrx_word' id='word_1_231' title='bbox 668 3392 868 3463; x_wconf 85' lang='lat' dir='ltr'>sicque</span> <span class='ocrx_word' id='word_1_232' title='bbox 888 3391 1175 3463; x_wconf 86' lang='lat' dir='ltr'>dejeraret</span> <span class='ocrx_word' id='word_1_233' title='bbox 1195 3390 1356 3446; x_wconf 91' lang='lat' dir='ltr'>nullo</span> <span class='ocrx_word' id='word_1_234' title='bbox 1381 3392 1552 3445; x_wconf 90' lang='lat' dir='ltr'>modo</span> <span class='ocrx_word' id='word_1_235' title='bbox 1571 3393 1923 3448; x_wconf 84' lang='lat' dir='ltr'>consentiret</span> <span class='ocrx_word' id='word_1_236' title='bbox 1954 3380 1996 3447; x_wconf 83' lang='lat' dir='ltr'>C</span> 
     </span>
    </p>
   </div>
   <div class='ocr_carea' id='block_1_36' title="bbox 278 3482 1928 3551">
    <p class='ocr_par' dir='ltr' id='par_1_36' title="bbox 278 3482 1928 3551">
     <span class='ocr_line' id='line_1_36' title="bbox 278 3482 1928 3551; baseline -0.002 -12"><span class='ocrx_word' id='word_1_237' title='bbox 278 3489 346 3539; x_wconf 91' lang='lat' dir='ltr'>ut</span> <span class='ocrx_word' id='word_1_238' title='bbox 373 3482 578 3546; x_wconf 84' lang='lat' dir='ltr'>laicus,</span> <span class='ocrx_word' id='word_1_239' title='bbox 613 3484 815 3536; x_wconf 90' lang='lat' dir='ltr'>contra</span> <span class='ocrx_word' id='word_1_240' title='bbox 847 3484 1185 3535; x_wconf 88' lang='lat' dir='ltr'>sanctorum</span> <span class='ocrx_word' id='word_1_241' title='bbox 1212 3497 1502 3534; x_wconf 88' lang='lat' dir='ltr'>canonum</span> <span class='ocrx_word' id='word_1_242' title='bbox 1535 3484 1772 3548; x_wconf 88' lang='lat' dir='ltr'>statuta,</span> <span class='ocrx_word' id='word_1_243' title='bbox 1800 3482 1928 3551; x_wconf 89' lang='lat' dir='ltr'>jam</span> 
     </span>
    </p>
   </div>
   <div class='ocr_carea' id='block_1_37' title="bbox 279 3568 1928 3636">
    <p class='ocr_par' dir='ltr' id='par_1_37' title="bbox 279 3568 1928 3636">
     <span class='ocr_line' id='line_1_37' title="bbox 279 3568 1928 3636; baseline -0.002 -8"><span class='ocrx_word' id='word_1_244' title='bbox 279 3574 445 3628; x_wconf 75' lang='lat' dir='ltr'>dictae</span> <span class='ocrx_word' id='word_1_245' title='bbox 464 3569 866 3627; x_wconf 90' lang='lat' dir='ltr'>dominaretur</span> <span class='ocrx_word' id='word_1_246' title='bbox 879 3569 1144 3636; x_wconf 71' lang='lat' dir='ltr'>abbatize,</span> <span class='ocrx_word' id='word_1_247' title='bbox 1169 3568 1355 3623; x_wconf 86' lang='lat' dir='ltr'>isdem</span> <span class='ocrx_word' id='word_1_248' title='bbox 1376 3568 1776 3636; x_wconf 89' lang='lat' dir='ltr'>Winemarus,</span> <span class='ocrx_word' id='word_1_249' title='bbox 1794 3587 1928 3624; x_wconf 91' lang='lat' dir='ltr'>cum</span> 
     </span>
    </p>
   </div>
   <div class='ocr_carea' id='block_1_38' title="bbox 278 3656 1930 3729">
    <p class='ocr_par' dir='ltr' id='par_1_38' title="bbox 278 3656 1930 3729">
     <span class='ocr_line' id='line_1_38' title="bbox 278 3656 1930 3729; baseline -0.003 -12"><span class='ocrx_word' id='word_1_250' title='bbox 278 3662 365 3717; x_wconf 89' lang='lat' dir='ltr'>ira</span> <span class='ocrx_word' id='word_1_251' title='bbox 394 3676 682 3727; x_wconf 86' lang='lat' dir='ltr'>reversus,</span> <span class='ocrx_word' id='word_1_252' title='bbox 717 3661 775 3713; x_wconf 92' lang='lat' dir='ltr'>et</span> <span class='ocrx_word' id='word_1_253' title='bbox 803 3658 944 3729; x_wconf 87' lang='lat' dir='ltr'>quia</span> <span class='ocrx_word' id='word_1_254' title='bbox 976 3656 1095 3711; x_wconf 73' lang='lat' dir='ltr'>hazc</span> <span class='ocrx_word' id='word_1_255' title='bbox 1128 3656 1483 3727; x_wconf 89' lang='lat' dir='ltr'>Compendio</span> <span class='ocrx_word' id='word_1_256' title='bbox 1540 3656 1755 3728; x_wconf 85' lang='lat' dir='ltr'>palatio</span> <span class='ocrx_word' id='word_1_257' title='bbox 1801 3663 1930 3713; x_wconf 90' lang='lat' dir='ltr'>acta</span> 
     </span>
    </p>
   </div>
   <div class='ocr_carea' id='block_1_39' title="bbox 280 3745 1927 3817">
    <p class='ocr_par' dir='ltr' id='par_1_39' title="bbox 280 3745 1927 3817">
     <span class='ocr_line' id='line_1_39' title="bbox 280 3745 1927 3817; baseline -0.004 -10"><span class='ocrx_word' id='word_1_258' title='bbox 280 3754 464 3817; x_wconf 90' lang='lat' dir='ltr'>erant,</span> <span class='ocrx_word' id='word_1_259' title='bbox 498 3747 744 3804; x_wconf 89' lang='lat' dir='ltr'>tetendit</span> <span class='ocrx_word' id='word_1_260' title='bbox 775 3745 1019 3802; x_wconf 89' lang='lat' dir='ltr'>insidias</span> <span class='ocrx_word' id='word_1_261' title='bbox 1038 3745 1310 3817; x_wconf 86' lang='lat' dir='ltr'>episcopo</span> <span class='ocrx_word' id='word_1_262' title='bbox 1339 3745 1579 3800; x_wconf 84' lang='lat' dir='ltr'>Rbemis</span> <span class='ocrx_word' id='word_1_263' title='bbox 1597 3748 1927 3801; x_wconf 86' lang='lat' dir='ltr'>revertenti.</span> 
     </span>
    </p>
   </div>
   <div class='ocr_carea' id='block_1_40' title="bbox 280 3833 1928 3911">
    <p class='ocr_par' dir='ltr' id='par_1_40' title="bbox 280 3833 1928 3911">
     <span class='ocr_line' id='line_1_40' title="bbox 280 3833 1928 3911; baseline -0.002 -16"><span class='ocrx_word' id='word_1_264' title='bbox 280 3839 601 3911; x_wconf 91' lang='lat' dir='ltr'>Episcopus</span> <span class='ocrx_word' id='word_1_265' title='bbox 653 3841 850 3892; x_wconf 88' lang='lat' dir='ltr'>autem</span> <span class='ocrx_word' id='word_1_266' title='bbox 882 3835 1062 3905; x_wconf 90' lang='lat' dir='ltr'>hujus</span> <span class='ocrx_word' id='word_1_267' title='bbox 1095 3834 1174 3889; x_wconf 92' lang='lat' dir='ltr'>rei</span> <span class='ocrx_word' id='word_1_268' title='bbox 1206 3835 1447 3906; x_wconf 87' lang='lat' dir='ltr'>ignarus</span> <span class='ocrx_word' id='word_1_269' title='bbox 1477 3851 1612 3890; x_wconf 92' lang='lat' dir='ltr'>cum</span> <span class='ocrx_word' id='word_1_270' title='bbox 1644 3833 1763 3891; x_wconf 90' lang='lat' dir='ltr'>illic</span> <span class='ocrx_word' id='word_1_271' title='bbox 1795 3853 1928 3891; x_wconf 91' lang='lat' dir='ltr'>cum</span> 
     </span>
    </p>
   </div>
   <div class='ocr_carea' id='block_1_41' title="bbox 283 3923 1931 4000">
    <p class='ocr_par' dir='ltr' id='par_1_41' title="bbox 283 3923 1931 4000">
     <span class='ocr_line' id='line_1_41' title="bbox 283 3923 1931 4000; baseline -0.002 -17"><span class='ocrx_word' id='word_1_272' title='bbox 283 3928 485 4000; x_wconf 86' lang='lat' dir='ltr'>paucis</span> <span class='ocrx_word' id='word_1_273' title='bbox 501 3927 886 3991; x_wconf 85' lang='lat' dir='ltr'>advenissset,</span> <span class='ocrx_word' id='word_1_274' title='bbox 907 3923 1217 3996; x_wconf 74' lang='lat' dir='ltr'>prazdictus</span> <span class='ocrx_word' id='word_1_275' title='bbox 1236 3924 1528 3992; x_wconf 89' lang='lat' dir='ltr'>(minister</span> <span class='ocrx_word' id='word_1_276' title='bbox 1548 3924 1710 3995; x_wconf 86' lang='lat' dir='ltr'>mali)</span> <span class='ocrx_word' id='word_1_277' title='bbox 1736 3925 1931 3980; x_wconf 88' lang='lat' dir='ltr'>Wine-</span> 
     </span>
    </p>
   </div>
   <div class='ocr_carea' id='block_1_42' title="bbox 284 4012 1927 4086">
    <p class='ocr_par' dir='ltr' id='par_1_42' title="bbox 284 4012 1927 4086">
     <span class='ocr_line' id='line_1_42' title="bbox 284 4012 1927 4086; baseline -0.001 -15"><span class='ocrx_word' id='word_1_278' title='bbox 284 4032 504 4081; x_wconf 89' lang='lat' dir='ltr'>marus,</span> <span class='ocrx_word' id='word_1_279' title='bbox 538 4030 716 4086; x_wconf 90' lang='lat' dir='ltr'>super</span> <span class='ocrx_word' id='word_1_280' title='bbox 743 4030 875 4068; x_wconf 92' lang='lat' dir='ltr'>eum</span> <span class='ocrx_word' id='word_1_281' title='bbox 910 4029 1043 4067; x_wconf 89' lang='lat' dir='ltr'>cum</span> <span class='ocrx_word' id='word_1_282' title='bbox 1078 4029 1293 4084; x_wconf 88' lang='lat' dir='ltr'>magna</span> <span class='ocrx_word' id='word_1_283' title='bbox 1322 4012 1617 4068; x_wconf 83' lang='lat' dir='ltr'>ferocitate</span> <span class='ocrx_word' id='word_1_284' title='bbox 1674 4014 1927 4081; x_wconf 86' lang='lat' dir='ltr'>irruens,</span> 
     </span>
    </p>
   </div>
   <div class='ocr_carea' id='block_1_43' title="bbox 282 4101 1932 4174">
    <p class='ocr_par' dir='ltr' id='par_1_43' title="bbox 282 4101 1932 4174">
     <span class='ocr_line' id='line_1_43' title="bbox 282 4101 1932 4174; baseline 0 -16"><span class='ocrx_word' id='word_1_285' title='bbox 282 4120 399 4159; x_wconf 88' lang='lat' dir='ltr'>non</span> <span class='ocrx_word' id='word_1_286' title='bbox 419 4101 639 4158; x_wconf 89' lang='lat' dir='ltr'>veritus</span> <span class='ocrx_word' id='word_1_287' title='bbox 652 4101 895 4172; x_wconf 79' lang='lat' dir='ltr'>justitiae</span> <span class='ocrx_word' id='word_1_288' title='bbox 915 4118 1017 4156; x_wconf 90' lang='lat' dir='ltr'>nec</span> <span class='ocrx_word' id='word_1_289' title='bbox 1039 4102 1454 4173; x_wconf 84' lang='lat' dir='ltr'>pertimescens</span> <span class='ocrx_word' id='word_1_290' title='bbox 1468 4102 1614 4156; x_wconf 85' lang='lat' dir='ltr'>iram</span> <span class='ocrx_word' id='word_1_291' title='bbox 1637 4103 1758 4171; x_wconf 91' lang='lat' dir='ltr'>Dei,</span> <span class='ocrx_word' id='word_1_292' title='bbox 1776 4102 1932 4174; x_wconf 89' lang='lat' dir='ltr'>quod</span> 
     </span>
    </p>
   </div>
   <div class='ocr_carea' id='block_1_44' title="bbox 285 4190 1932 4264">
    <p class='ocr_par' dir='ltr' id='par_1_44' title="bbox 285 4190 1932 4264">
     <span class='ocr_line' id='line_1_44' title="bbox 285 4190 1932 4264; baseline -0.001 -16"><span class='ocrx_word' id='word_1_293' title='bbox 285 4194 490 4248; x_wconf 90' lang='lat' dir='ltr'>auditu</span> <span class='ocrx_word' id='word_1_294' title='bbox 522 4197 612 4247; x_wconf 91' lang='lat' dir='ltr'>est</span> <span class='ocrx_word' id='word_1_295' title='bbox 641 4192 815 4247; x_wconf 89' lang='lat' dir='ltr'>etiam</span> <span class='ocrx_word' id='word_1_296' title='bbox 848 4190 1146 4259; x_wconf 91' lang='lat' dir='ltr'>horribile,</span> <span class='ocrx_word' id='word_1_297' title='bbox 1206 4191 1545 4264; x_wconf 89' lang='lat' dir='ltr'>episcopum</span> <span class='ocrx_word' id='word_1_298' title='bbox 1592 4191 1932 4247; x_wconf 88' lang='lat' dir='ltr'>lancearum</span> 
     </span>
    </p>
   </div>
   <div class='ocr_carea' id='block_1_45' title="bbox 285 4280 1933 4353">
    <p class='ocr_par' dir='ltr' id='par_1_45' title="bbox 285 4280 1933 4353">
     <span class='ocr_line' id='line_1_45' title="bbox 285 4280 1933 4353; baseline -0.001 -17"><span class='ocrx_word' id='word_1_299' title='bbox 285 4281 573 4337; x_wconf 86' lang='lat' dir='ltr'>interfecit</span> <span class='ocrx_word' id='word_1_300' title='bbox 603 4281 940 4353; x_wconf 89' lang='lat' dir='ltr'>punctione,</span> <span class='ocrx_word' id='word_1_301' title='bbox 975 4297 1129 4335; x_wconf 90' lang='lat' dir='ltr'>anno</span> <span class='ocrx_word' id='word_1_302' title='bbox 1160 4280 1475 4335; x_wconf 73' lang='lat' dir='ltr'>Dominicze</span> <span class='ocrx_word' id='word_1_303' title='bbox 1512 4280 1933 4336; x_wconf 87' lang='lat' dir='ltr'>incarnationis</span> 
     </span>
    </p>
   </div>
   <div class='ocr_carea' id='block_1_46' title="bbox 214 4368 1930 4442">
    <p class='ocr_par' dir='ltr' id='par_1_46' title="bbox 214 4368 1930 4442">
     <span class='ocr_line' id='line_1_46' title="bbox 214 4368 1930 4442; baseline 0 -18"><span class='ocrx_word' id='word_1_304' title='bbox 214 4417 219 4424; x_wconf 97' lang='lat'>.</span> <span class='ocrx_word' id='word_1_305' title='bbox 282 4372 411 4438; x_wconf 86' lang='lat'>900,</span> <span class='ocrx_word' id='word_1_306' title='bbox 442 4388 516 4426; x_wconf 88' lang='lat' dir='ltr'>xv</span> <span class='ocrx_word' id='word_1_307' title='bbox 539 4370 662 4425; x_wconf 88' lang='lat' dir='ltr'>Kal.</span> <span class='ocrx_word' id='word_1_308' title='bbox 695 4368 857 4437; x_wconf 89' lang='lat' dir='ltr'>Julii,</span> <span class='ocrx_word' id='word_1_309' title='bbox 893 4369 1035 4425; x_wconf 83' lang='lat' dir='ltr'>feria</span> <span class='ocrx_word' id='word_1_310' title='bbox 1060 4387 1143 4436; x_wconf 87' lang='lat' dir='ltr'>m,</span> <span class='ocrx_word' id='word_1_311' title='bbox 1202 4369 1344 4424; x_wconf 88' lang='lat' dir='ltr'>hora</span> <span class='ocrx_word' id='word_1_312' title='bbox 1372 4386 1448 4424; x_wconf 80' lang='lat' dir='ltr'>v1.</span> <span class='ocrx_word' id='word_1_313' title='bbox 1483 4370 1627 4425; x_wconf 89' lang='lat' dir='ltr'>Ecce</span> <span class='ocrx_word' id='word_1_314' title='bbox 1658 4370 1930 4442; x_wconf 86' lang='lat' dir='ltr'>qualiter,</span> 
     </span>
    </p>
   </div>
   <div class='ocr_carea' id='block_1_47' title="bbox 283 4457 1933 4531">
    <p class='ocr_par' dir='ltr' id='par_1_47' title="bbox 283 4457 1933 4531">
     <span class='ocr_line' id='line_1_47' title="bbox 283 4457 1933 4531; baseline 0 -17"><span class='ocrx_word' id='word_1_315' title='bbox 283 4477 388 4531; x_wconf 92' lang='lat' dir='ltr'>pro</span> <span class='ocrx_word' id='word_1_316' title='bbox 419 4458 687 4515; x_wconf 69' lang='lat' dir='ltr'>Ecclesiae</span> <span class='ocrx_word' id='word_1_317' title='bbox 728 4457 1040 4514; x_wconf 90' lang='lat' dir='ltr'>Sithiensis</span> <span class='ocrx_word' id='word_1_318' title='bbox 1080 4457 1344 4526; x_wconf 89' lang='lat' dir='ltr'>tuitione,</span> <span class='ocrx_word' id='word_1_319' title='bbox 1392 4459 1585 4513; x_wconf 91' lang='lat' dir='ltr'>cultor</span> <span class='ocrx_word' id='word_1_320' title='bbox 1610 4459 1790 4513; x_wconf 61' lang='lat' dir='ltr'>vincas</span> <span class='ocrx_word' id='word_1_321' title='bbox 1828 4463 1933 4515; x_wconf 89' lang='lat' dir='ltr'>Do-</span> 
     </span>
    </p>
   </div>
   <div class='ocr_carea' id='block_1_48' title="bbox 286 4545 1932 4619">
    <p class='ocr_par' dir='ltr' id='par_1_48' title="bbox 286 4545 1932 4619">
     <span class='ocr_line' id='line_1_48' title="bbox 286 4545 1932 4619; baseline 0.001 -16"><span class='ocrx_word' id='word_1_322' title='bbox 286 4547 429 4604; x_wconf 92' lang='lat' dir='ltr'>mini</span> <span class='ocrx_word' id='word_1_323' title='bbox 462 4548 639 4613; x_wconf 89' lang='lat' dir='ltr'>cadit,</span> <span class='ocrx_word' id='word_1_324' title='bbox 678 4547 871 4603; x_wconf 89' lang='lat' dir='ltr'>libans</span> <span class='ocrx_word' id='word_1_325' title='bbox 922 4545 1199 4602; x_wconf 84' lang='lat' dir='ltr'>Salvatori</span> <span class='ocrx_word' id='word_1_326' title='bbox 1260 4547 1519 4603; x_wconf 88' lang='lat' dir='ltr'>animam</span> <span class='ocrx_word' id='word_1_327' title='bbox 1565 4549 1932 4619; x_wconf 87' lang='lat' dir='ltr'>jungendam</span> 
     </span>
    </p>
   </div>
   <div class='ocr_carea' id='block_1_49' title="bbox 284 4636 1934 4708">
    <p class='ocr_par' dir='ltr' id='par_1_49' title="bbox 284 4636 1934 4708">
     <span class='ocr_line' id='line_1_49' title="bbox 284 4636 1934 4708; baseline 0.001 -17"><span class='ocrx_word' id='word_1_328' title='bbox 284 4642 625 4692; x_wconf 76' lang='lat' dir='ltr'>sanctorum</span> <span class='ocrx_word' id='word_1_329' title='bbox 657 4636 851 4692; x_wconf 90' lang='lat' dir='ltr'>choris</span> <span class='ocrx_word' id='word_1_330' title='bbox 880 4637 940 4690; x_wconf 90' lang='lat' dir='ltr'>in</span> <span class='ocrx_word' id='word_1_331' title='bbox 972 4637 1209 4707; x_wconf 89' lang='lat' dir='ltr'>perenni</span> <span class='ocrx_word' id='word_1_332' title='bbox 1234 4636 1469 4708; x_wconf 87' lang='lat' dir='ltr'>gaudio.</span> <span class='ocrx_word' id='word_1_333' title='bbox 1499 4636 1679 4707; x_wconf 89' lang='lat' dir='ltr'>Cujus</span> <span class='ocrx_word' id='word_1_334' title='bbox 1698 4652 1934 4693; x_wconf 84' lang='lat' dir='ltr'>venera-</span> 
     </span>
    </p>
   </div>
   <div class='ocr_carea' id='block_1_50' title="bbox 286 4724 1932 4797">
    <p class='ocr_par' dir='ltr' id='par_1_50' title="bbox 286 4724 1932 4797">
     <span class='ocr_line' id='line_1_50' title="bbox 286 4724 1932 4797; baseline 0.001 -17"><span class='ocrx_word' id='word_1_335' title='bbox 286 4724 400 4780; x_wconf 89' lang='lat' dir='ltr'>bile</span> <span class='ocrx_word' id='word_1_336' title='bbox 430 4741 643 4797; x_wconf 90' lang='lat' dir='ltr'>corpus</span> <span class='ocrx_word' id='word_1_337' title='bbox 674 4731 1067 4791; x_wconf 87' lang='lat' dir='ltr'>assumentes,</span> <span class='ocrx_word' id='word_1_338' title='bbox 1100 4726 1318 4792; x_wconf 82' lang='lat' dir='ltr'>Remis,</span> <span class='ocrx_word' id='word_1_339' title='bbox 1355 4726 1411 4779; x_wconf 91' lang='lat' dir='ltr'>in</span> <span class='ocrx_word' id='word_1_340' title='bbox 1454 4726 1761 4781; x_wconf 88' lang='lat' dir='ltr'>ecclesiam</span> <span class='ocrx_word' id='word_1_341' title='bbox 1792 4726 1932 4782; x_wconf 86' lang='lat' dir='ltr'>almi</span> 
     </span>
    </p>
   </div>
   <div class='ocr_carea' id='block_1_51' title="bbox 287 4813 1932 4887">
    <p class='ocr_par' dir='ltr' id='par_1_51' title="bbox 287 4813 1932 4887">
     <span class='ocr_line' id='line_1_51' title="bbox 287 4813 1932 4887; baseline 0.002 -18"><span class='ocrx_word' id='word_1_342' title='bbox 287 4813 535 4887; x_wconf 83' lang='lat' dir='ltr'>Remigii</span> <span class='ocrx_word' id='word_1_343' title='bbox 565 4814 853 4886; x_wconf 80' lang='lat' dir='ltr'>praesulis,</span> <span class='ocrx_word' id='word_1_344' title='bbox 884 4813 1200 4870; x_wconf 78' lang='lat' dir='ltr'>honoriﬁce</span> <span class='ocrx_word' id='word_1_345' title='bbox 1232 4814 1603 4886; x_wconf 88' lang='lat' dir='ltr'>sepelierunt,</span> <span class='ocrx_word' id='word_1_346' title='bbox 1639 4817 1802 4881; x_wconf 87' lang='lat' dir='ltr'>Quod</span> <span class='ocrx_word' id='word_1_347' title='bbox 1835 4834 1932 4872; x_wconf 86' lang='lat' dir='ltr'>ne-</span> 
     </span>
    </p>
   </div>
   <div class='ocr_carea' id='block_1_52' title="bbox 286 4902 1937 4979">
    <p class='ocr_par' dir='ltr' id='par_1_52' title="bbox 286 4902 1937 4979">
     <span class='ocr_line' id='line_1_52' title="bbox 286 4902 1937 4979; baseline 0.002 -22"><span class='ocrx_word' id='word_1_348' title='bbox 286 4903 373 4958; x_wconf 82' lang='lat' dir='ltr'>fas</span> <span class='ocrx_word' id='word_1_349' title='bbox 412 4903 747 4958; x_wconf 88' lang='lat' dir='ltr'>inauditum</span> <span class='ocrx_word' id='word_1_350' title='bbox 798 4902 953 4958; x_wconf 91' lang='lat' dir='ltr'>illico</span> <span class='ocrx_word' id='word_1_351' title='bbox 997 4903 1361 4959; x_wconf 71' lang='lat' dir='ltr'>diffamatum</span> <span class='ocrx_word' id='word_1_352' title='bbox 1395 4907 1484 4959; x_wconf 91' lang='lat' dir='ltr'>est</span> <span class='ocrx_word' id='word_1_353' title='bbox 1512 4921 1615 4975; x_wconf 90' lang='lat' dir='ltr'>per</span> <span class='ocrx_word' id='word_1_354' title='bbox 1670 4906 1937 4979; x_wconf 84' lang='lat' dir='ltr'>regiones</span> 
     </span>
    </p>
   </div>
   <div class='ocr_carea' id='block_1_53' title="bbox 286 4992 1933 5064">
    <p class='ocr_par' dir='ltr' id='par_1_53' title="bbox 286 4992 1933 5064">
     <span class='ocr_line' id='line_1_53' title="bbox 286 4992 1933 5064; baseline 0.002 -18"><span class='ocrx_word' id='word_1_355' title='bbox 286 4996 628 5048; x_wconf 88' lang='lat' dir='ltr'>cunctarum</span> <span class='ocrx_word' id='word_1_356' title='bbox 662 4992 1114 5064; x_wconf 86' lang='lat' dir='ltr'>provinciarum,</span> <span class='ocrx_word' id='word_1_357' title='bbox 1144 5009 1249 5049; x_wconf 88' lang='lat' dir='ltr'>nec</span> <span class='ocrx_word' id='word_1_358' title='bbox 1280 4993 1470 5064; x_wconf 90' lang='lat' dir='ltr'>potuit</span> <span class='ocrx_word' id='word_1_359' title='bbox 1498 4992 1667 5048; x_wconf 89' lang='lat' dir='ltr'>lateri</span> <span class='ocrx_word' id='word_1_360' title='bbox 1718 4995 1933 5063; x_wconf 77' lang='lat' dir='ltr'>Romae,</span> 
     </span>
    </p>
   </div>
   <div class='ocr_carea' id='block_1_54' title="bbox 287 5080 1938 5155">
    <p class='ocr_par' dir='ltr' id='par_1_54' title="bbox 287 5080 1938 5155">
     <span class='ocr_line' id='line_1_54' title="bbox 287 5080 1938 5155; baseline 0.004 -22"><span class='ocrx_word' id='word_1_361' title='bbox 287 5085 636 5136; x_wconf 88' lang='lat' dir='ltr'>cunctarum</span> <span class='ocrx_word' id='word_1_362' title='bbox 672 5081 906 5135; x_wconf 90' lang='lat' dir='ltr'>urbium</span> <span class='ocrx_word' id='word_1_363' title='bbox 941 5080 1211 5135; x_wconf 68' lang='lat' dir='ltr'>dominaa.</span> <span class='ocrx_word' id='word_1_364' title='bbox 1276 5081 1439 5137; x_wconf 89' lang='lat' dir='ltr'>Unde</span> <span class='ocrx_word' id='word_1_365' title='bbox 1469 5086 1525 5138; x_wconf 90' lang='lat' dir='ltr'>et</span> <span class='ocrx_word' id='word_1_366' title='bbox 1582 5083 1938 5155; x_wconf 86' lang='lat' dir='ltr'>apostolicus</span> 
     </span>
    </p>
   </div>
   <div class='ocr_carea' id='block_1_55' title="bbox 288 5167 1936 5242">
    <p class='ocr_par' dir='ltr' id='par_1_55' title="bbox 288 5167 1936 5242">
     <span class='ocr_line' id='line_1_55' title="bbox 288 5167 1936 5242; baseline 0.005 -23"><span class='ocrx_word' id='word_1_367' title='bbox 288 5167 480 5239; x_wconf 88' lang='lat' dir='ltr'>ipsius</span> <span class='ocrx_word' id='word_1_368' title='bbox 510 5173 723 5224; x_wconf 69' lang='lat' dir='ltr'>sancta:</span> <span class='ocrx_word' id='word_1_369' title='bbox 757 5169 1030 5223; x_wconf 78' lang='lat' dir='ltr'>Romana:</span> <span class='ocrx_word' id='word_1_370' title='bbox 1064 5170 1330 5225; x_wconf 73' lang='lat' dir='ltr'>Ecclesiae</span> <span class='ocrx_word' id='word_1_371' title='bbox 1367 5172 1705 5242; x_wconf 63' lang='lat' dir='ltr'>praedictum</span> <span class='ocrx_word' id='word_1_372' title='bbox 1738 5173 1936 5228; x_wconf 86' lang='lat' dir='ltr'>Wine-</span> 
     </span>
    </p>
   </div>
   <div class='ocr_carea' id='block_1_56' title="bbox 289 5257 1936 5329">
    <p class='ocr_par' dir='ltr' id='par_1_56' title="bbox 289 5257 1936 5329">
     <span class='ocr_line' id='line_1_56' title="bbox 289 5257 1936 5329; baseline 0.005 -21"><span class='ocrx_word' id='word_1_373' title='bbox 289 5272 521 5310; x_wconf 89' lang='lat' dir='ltr'>marum</span> <span class='ocrx_word' id='word_1_374' title='bbox 553 5257 870 5329; x_wconf 88' lang='lat' dir='ltr'>apostolica</span> <span class='ocrx_word' id='word_1_375' title='bbox 928 5258 1274 5313; x_wconf 89' lang='lat' dir='ltr'>auctoritate</span> <span class='ocrx_word' id='word_1_376' title='bbox 1303 5258 1488 5313; x_wconf 82' lang='lat' dir='ltr'>vinxit</span> <span class='ocrx_word' id='word_1_377' title='bbox 1546 5261 1936 5329; x_wconf 86' lang='lat' dir='ltr'>anathemate,</span> 
     </span>
    </p>
   </div>
   <div class='ocr_carea' id='block_1_57' title="bbox 290 5343 1939 5417">
    <p class='ocr_par' dir='ltr' id='par_1_57' title="bbox 290 5343 1939 5417">
     <span class='ocr_line' id='line_1_57' title="bbox 290 5343 1939 5417; baseline 0.005 -20"><span class='ocrx_word' id='word_1_378' title='bbox 290 5343 553 5399; x_wconf 84' lang='lat' dir='ltr'>scribens</span> <span class='ocrx_word' id='word_1_379' title='bbox 584 5346 655 5398; x_wconf 92' lang='lat' dir='ltr'>ad</span> <span class='ocrx_word' id='word_1_380' title='bbox 686 5344 989 5415; x_wconf 88' lang='lat' dir='ltr'>episcopos</span> <span class='ocrx_word' id='word_1_381' title='bbox 1019 5350 1362 5399; x_wconf 89' lang='lat' dir='ltr'>cunctarum</span> <span class='ocrx_word' id='word_1_382' title='bbox 1396 5348 1847 5417; x_wconf 84' lang='lat' dir='ltr'>provinciarum,</span> <span class='ocrx_word' id='word_1_383' title='bbox 1872 5357 1939 5406; x_wconf 88' lang='lat' dir='ltr'>ut</span> 
     </span>
    </p>
   </div>
   <div class='ocr_carea' id='block_1_58' title="bbox 291 5431 1937 5510">
    <p class='ocr_par' dir='ltr' id='par_1_58' title="bbox 291 5431 1937 5510">
     <span class='ocr_line' id='line_1_58' title="bbox 291 5431 1937 5510; baseline 0.005 -23"><span class='ocrx_word' id='word_1_384' title='bbox 291 5432 495 5487; x_wconf 89' lang='lat' dir='ltr'>eodem</span> <span class='ocrx_word' id='word_1_385' title='bbox 518 5431 692 5486; x_wconf 89' lang='lat' dir='ltr'>modo</span> <span class='ocrx_word' id='word_1_386' title='bbox 709 5432 1059 5487; x_wconf 86' lang='lat' dir='ltr'>damnarent</span> <span class='ocrx_word' id='word_1_387' title='bbox 1078 5432 1226 5486; x_wconf 86' lang='lat' dir='ltr'>tanti</span> <span class='ocrx_word' id='word_1_388' title='bbox 1244 5432 1545 5489; x_wconf 82' lang='lat' dir='ltr'>homicidii</span> <span class='ocrx_word' id='word_1_389' title='bbox 1567 5452 1761 5506; x_wconf 87' lang='lat' dir='ltr'>reum;</span> <span class='ocrx_word' id='word_1_390' title='bbox 1782 5441 1937 5510; x_wconf 89' lang='lat' dir='ltr'>quod</span> 
     </span>
    </p>
   </div>
   <div class='ocr_carea' id='block_1_59' title="bbox 364 5572 1939 5647">
    <p class='ocr_par' dir='ltr' id='par_1_59' title="bbox 364 5572 1939 5647">
     <span class='ocr_line' id='line_1_59' title="bbox 364 5572 1939 5647; baseline 0.004 -18"><span class='ocrx_word' id='word_1_391' title='bbox 364 5574 511 5647; x_wconf 76' lang='grc'>(409)</span> <span class='ocrx_word' id='word_1_392' title='bbox 551 5572 811 5647; x_wconf 75' lang='lat' dir='ltr'>Carolus,</span> <span class='ocrx_word' id='word_1_393' title='bbox 873 5574 1219 5646; x_wconf 87' lang='lat' dir='ltr'>cognomine</span> <span class='ocrx_word' id='word_1_394' title='bbox 1249 5573 1526 5647; x_wconf 88' lang='lat' dir='ltr'>Simplex,</span> <span class='ocrx_word' id='word_1_395' title='bbox 1571 5576 1939 5636; x_wconf 85' lang='lat' dir='ltr'>Carlomanni</span> 
     </span>
    </p>
   </div>
   <div class='ocr_carea' id='block_1_60' title="bbox 293 5644 1003 5711">
    <p class='ocr_par' dir='ltr' id='par_1_60' title="bbox 293 5644 1003 5711">
     <span class='ocr_line' id='line_1_60' title="bbox 293 5644 1003 5711; baseline 0 -10"><span class='ocrx_word' id='word_1_396' title='bbox 293 5644 491 5711; x_wconf 83' lang='lat' dir='ltr'>frater,</span> <span class='ocrx_word' id='word_1_397' title='bbox 521 5661 637 5699; x_wconf 91' lang='lat' dir='ltr'>non</span> <span class='ocrx_word' id='word_1_398' title='bbox 671 5644 830 5699; x_wconf 83' lang='lat' dir='ltr'>ﬁlius</span> <span class='ocrx_word' id='word_1_399' title='bbox 861 5644 1003 5701; x_wconf 77' lang='lat' dir='ltr'>erat.</span> 
     </span>
    </p>
   </div>
   <div class='ocr_carea' id='block_1_61' title="bbox 389 5717 1343 5776">
    <p class='ocr_par' dir='ltr' id='par_1_61' title="bbox 389 5717 1343 5776">
     <span class='ocr_line' id='line_1_61' title="bbox 389 5717 1343 5776; baseline -0.001 -2"><span class='ocrx_word' id='word_1_400' title='bbox 389 5718 513 5776; x_wconf 86' lang='grc'>110)</span> <span class='ocrx_word' id='word_1_401' title='bbox 546 5720 716 5774; x_wconf 87' lang='lat' dir='ltr'>Deest</span> <span class='ocrx_word' id='word_1_402' title='bbox 745 5731 956 5772; x_wconf 89' lang='lat' dir='ltr'>nomen</span> <span class='ocrx_word' id='word_1_403' title='bbox 986 5717 1097 5776; x_wconf 92' lang='lat' dir='ltr'>loci</span> <span class='ocrx_word' id='word_1_404' title='bbox 1124 5718 1183 5774; x_wconf 90' lang='lat' dir='ltr'>in</span> <span class='ocrx_word' id='word_1_405' title='bbox 1214 5718 1343 5775; x_wconf 90' lang='lat' dir='ltr'>cod.</span> 
     </span>
    </p>
   </div>
   <div class='ocr_carea' id='block_1_62' title="bbox 365 5718 1939 5873">
    <p class='ocr_par' dir='ltr' id='par_1_62' title="bbox 365 5718 1939 5873">
     <span class='ocr_line' id='line_1_62' title="bbox 389 5718 1343 5776; baseline -0.001 -2"><span class='ocrx_word' id='word_1_406' title='bbox 389 5718 492 5774; x_wconf 86' lang='grc'>110</span> <span class='ocrx_word' id='word_1_407' title='bbox 546 5720 716 5774; x_wconf 87' lang='lat' dir='ltr'>Deest</span> <span class='ocrx_word' id='word_1_408' title='bbox 745 5731 956 5772; x_wconf 89' lang='lat' dir='ltr'>nomen</span> <span class='ocrx_word' id='word_1_409' title='bbox 986 5718 1097 5776; x_wconf 91' lang='lat' dir='ltr'>loci</span> <span class='ocrx_word' id='word_1_410' title='bbox 1124 5718 1183 5774; x_wconf 90' lang='lat' dir='ltr'>in</span> <span class='ocrx_word' id='word_1_411' title='bbox 1214 5718 1343 5775; x_wconf 90' lang='lat' dir='ltr'>cod.</span> 
     </span>
     <span class='ocr_line' id='line_1_63' title="bbox 365 5718 1939 5873; baseline 0.004 -25"><span class='ocrx_word' id='word_1_412' title='bbox 365 5718 413 5870; x_wconf 59' lang='lat' dir='ltr'>il</span> <span class='ocrx_word' id='word_1_413' title='bbox 434 5718 514 5859; x_wconf 62' lang='lat' dir='ltr'>lli</span> <span class='ocrx_word' id='word_1_414' title='bbox 538 5787 876 5849; x_wconf 83' lang='lat' dir='ltr'>ﬂeribertus</span> <span class='ocrx_word' id='word_1_415' title='bbox 894 5792 965 5861; x_wconf 86' lang='lat' dir='ltr'>II,</span> <span class='ocrx_word' id='word_1_416' title='bbox 986 5804 1183 5851; x_wconf 85' lang='lat' dir='ltr'>comes</span> <span class='ocrx_word' id='word_1_417' title='bbox 1201 5789 1706 5869; x_wconf 85' lang='lat' dir='ltr'>Viromandensis,</span> <span class='ocrx_word' id='word_1_418' title='bbox 1726 5795 1799 5854; x_wconf 90' lang='lat' dir='ltr'>de</span> <span class='ocrx_word' id='word_1_419' title='bbox 1824 5813 1939 5873; x_wconf 90' lang='lat' dir='ltr'>quo</span> 
     </span>
    </p>
   </div>
   <div class='ocr_carea' id='block_1_63' title="bbox 2044 730 3703 801">
    <p class='ocr_par' dir='ltr' id='par_1_63' title="bbox 2044 730 3703 801">
     <span class='ocr_line' id='line_1_64' title="bbox 2044 730 3703 801; baseline -0.004 -12"><span class='ocrx_word' id='word_1_420' title='bbox 2044 734 2163 789; x_wconf 93' lang='lat' dir='ltr'>doli</span> <span class='ocrx_word' id='word_1_421' title='bbox 2195 734 2483 801; x_wconf 87' lang='lat' dir='ltr'>minister,</span> <span class='ocrx_word' id='word_1_422' title='bbox 2514 734 2571 787; x_wconf 90' lang='lat' dir='ltr'>in</span> <span class='ocrx_word' id='word_1_423' title='bbox 2607 731 2796 788; x_wconf 91' lang='lat' dir='ltr'>cordis</span> <span class='ocrx_word' id='word_1_424' title='bbox 2829 731 2921 786; x_wconf 91' lang='lat' dir='ltr'>sui</span> <span class='ocrx_word' id='word_1_425' title='bbox 2952 730 3171 785; x_wconf 83' lang='lat' dir='ltr'>duritia</span> <span class='ocrx_word' id='word_1_426' title='bbox 3201 746 3606 801; x_wconf 88' lang='lat' dir='ltr'>perseverans,</span> <span class='ocrx_word' id='word_1_427' title='bbox 3642 744 3703 783; x_wconf 87' lang='lat' dir='ltr'>se</span> 
     </span>
    </p>
   </div>
   <div class='ocr_carea' id='block_1_64' title="bbox 2045 816 3704 893">
    <p class='ocr_par' dir='ltr' id='par_1_64' title="bbox 2045 816 3704 893">
     <span class='ocr_line' id='line_1_65' title="bbox 2045 816 3704 893; baseline -0.002 -16"><span class='ocrx_word' id='word_1_428' title='bbox 2045 822 2287 878; x_wconf 90' lang='lat' dir='ltr'>minime</span> <span class='ocrx_word' id='word_1_429' title='bbox 2317 839 2481 878; x_wconf 91' lang='lat' dir='ltr'>reum</span> <span class='ocrx_word' id='word_1_430' title='bbox 2515 822 2688 893; x_wconf 79' lang='lat' dir='ltr'>ccepit</span> <span class='ocrx_word' id='word_1_431' title='bbox 2735 837 3047 887; x_wconf 84' lang='lat' dir='ltr'>excusare;</span> <span class='ocrx_word' id='word_1_432' title='bbox 3102 819 3402 874; x_wconf 89' lang='lat' dir='ltr'>asserebat</span> <span class='ocrx_word' id='word_1_433' title='bbox 3448 816 3609 872; x_wconf 91' lang='lat' dir='ltr'>enim</span> <span class='ocrx_word' id='word_1_434' title='bbox 3642 833 3704 873; x_wconf 88' lang='lat' dir='ltr'>se</span> 
     </span>
    </p>
   </div>
   <div class='ocr_carea' id='block_1_65' title="bbox 2044 906 3705 983">
    <p class='ocr_par' dir='ltr' id='par_1_65' title="bbox 2044 906 3705 983">
     <span class='ocr_line' id='line_1_66' title="bbox 2044 906 3705 983; baseline -0.004 -17"><span class='ocrx_word' id='word_1_435' title='bbox 2044 912 2153 967; x_wconf 92' lang='lat' dir='ltr'>hoc</span> <span class='ocrx_word' id='word_1_436' title='bbox 2186 928 2288 983; x_wconf 88' lang='lat' dir='ltr'>pro</span> <span class='ocrx_word' id='word_1_437' title='bbox 2322 911 2570 967; x_wconf 89' lang='lat' dir='ltr'>senioris</span> <span class='ocrx_word' id='word_1_438' title='bbox 2602 910 2692 965; x_wconf 89' lang='lat' dir='ltr'>sui</span> <span class='ocrx_word' id='word_1_439' title='bbox 2720 909 2998 965; x_wconf 83' lang='lat' dir='ltr'>ﬁdelitate</span> <span class='ocrx_word' id='word_1_440' title='bbox 3018 912 3301 980; x_wconf 88' lang='lat' dir='ltr'>patrasse,</span> <span class='ocrx_word' id='word_1_441' title='bbox 3330 906 3546 962; x_wconf 91' lang='lat' dir='ltr'>idcirco</span> <span class='ocrx_word' id='word_1_442' title='bbox 3566 906 3705 961; x_wconf 82' lang='lat' dir='ltr'>fine-</span> 
     </span>
    </p>
   </div>
   <div class='ocr_carea' id='block_1_66' title="bbox 2043 994 3705 1071">
    <p class='ocr_par' dir='ltr' id='par_1_66' title="bbox 2043 994 3705 1071">
     <span class='ocr_line' id='line_1_67' title="bbox 2043 994 3705 1071; baseline -0.004 -17"><span class='ocrx_word' id='word_1_443' title='bbox 2043 1003 2217 1055; x_wconf 90' lang='lat' dir='ltr'>tenus</span> <span class='ocrx_word' id='word_1_444' title='bbox 2239 1000 2295 1054; x_wconf 91' lang='lat' dir='ltr'>in</span> <span class='ocrx_word' id='word_1_445' title='bbox 2318 1000 2443 1071; x_wconf 89' lang='lat' dir='ltr'>ipso</span> <span class='ocrx_word' id='word_1_446' title='bbox 2467 996 3240 1071; x_wconf 84' lang='lat' dir='ltr'>permansitauatbemathe.</span> <span class='ocrx_word' id='word_1_447' title='bbox 3258 994 3583 1050; x_wconf 89' lang='lat' dir='ltr'>Balduinus</span> <span class='ocrx_word' id='word_1_448' title='bbox 3607 1010 3705 1048; x_wconf 87' lang='lat' dir='ltr'>au-</span> 
     </span>
    </p>
   </div>
   <div class='ocr_carea' id='block_1_67' title="bbox 2043 1082 3697 1160">
    <p class='ocr_par' dir='ltr' id='par_1_67' title="bbox 2043 1082 3697 1160">
     <span class='ocr_line' id='line_1_68' title="bbox 2043 1082 3697 1160; baseline -0.004 -16"><span class='ocrx_word' id='word_1_449' title='bbox 2043 1093 2183 1159; x_wconf 91' lang='lat' dir='ltr'>tem,</span> <span class='ocrx_word' id='word_1_450' title='bbox 2218 1094 2349 1160; x_wconf 91' lang='lat' dir='ltr'>post</span> <span class='ocrx_word' id='word_1_451' title='bbox 2377 1088 2518 1155; x_wconf 69' lang='lat' dir='ltr'>haec,</span> <span class='ocrx_word' id='word_1_452' title='bbox 2553 1086 2848 1143; x_wconf 86' lang='lat' dir='ltr'>abbatiam</span> <span class='ocrx_word' id='word_1_453' title='bbox 2880 1085 3136 1142; x_wconf 88' lang='lat' dir='ltr'>obtinuit</span> <span class='ocrx_word' id='word_1_454' title='bbox 3165 1083 3324 1157; x_wconf 89' lang='lat' dir='ltr'>regia</span> <span class='ocrx_word' id='word_1_455' title='bbox 3364 1082 3697 1139; x_wconf 89' lang='lat' dir='ltr'>donatione.</span> 
     </span>
    </p>
   </div>
   <div class='ocr_carea' id='block_1_68' title="bbox 2045 1190 3697 1263">
    <p class='ocr_par' dir='ltr' id='par_1_68' title="bbox 2045 1190 3697 1263">
     <span class='ocr_line' id='line_1_69' title="bbox 2045 1190 3697 1263; baseline -0.004 -12"><span class='ocrx_word' id='word_1_456' title='bbox 2045 1196 2236 1251; x_wconf 84' lang='lat' dir='ltr'>LXIX.</span> <span class='ocrx_word' id='word_1_457' title='bbox 2270 1197 2343 1251; x_wconf 77' lang='lat' dir='ltr'>De</span> <span class='ocrx_word' id='word_1_458' title='bbox 2372 1197 2628 1251; x_wconf 77' lang='lat' dir='ltr'>unctione</span> <span class='ocrx_word' id='word_1_459' title='bbox 2686 1195 2871 1249; x_wconf 80' lang='lat' dir='ltr'>Caroli</span> <span class='ocrx_word' id='word_1_460' title='bbox 2900 1194 3045 1261; x_wconf 75' lang='lat' dir='ltr'>regis</span> <span class='ocrx_word' id='word_1_461' title='bbox 3075 1196 3128 1246; x_wconf 78' lang='lat' dir='ltr'>et</span> <span class='ocrx_word' id='word_1_462' title='bbox 3157 1190 3222 1247; x_wconf 81' lang='lat' dir='ltr'>de</span> <span class='ocrx_word' id='word_1_463' title='bbox 3277 1190 3524 1263; x_wconf 77' lang='lat' dir='ltr'>ejusdem</span> <span class='ocrx_word' id='word_1_464' title='bbox 3561 1190 3697 1245; x_wconf 82' lang='lat' dir='ltr'>elec-</span> 
     </span>
    </p>
   </div>
   <div class='ocr_carea' id='block_1_69' title="bbox 2608 1263 3133 1321">
    <p class='ocr_par' dir='ltr' id='par_1_69' title="bbox 2608 1263 3133 1321">
     <span class='ocr_line' id='line_1_70' title="bbox 2608 1263 3133 1321; baseline -0.004 -1"><span class='ocrx_word' id='word_1_465' title='bbox 2608 1268 2755 1321; x_wconf 75' lang='lat' dir='ltr'>tione</span> <span class='ocrx_word' id='word_1_466' title='bbox 2784 1266 2850 1319; x_wconf 76' lang='lat' dir='ltr'>(Ic</span> <span class='ocrx_word' id='word_1_467' title='bbox 2882 1263 3133 1319; x_wconf 77' lang='lat' dir='ltr'>Francia.</span> 
     </span>
    </p>
   </div>
   <div class='ocr_carea' id='block_1_70' title="bbox 2114 1348 3698 1428">
    <p class='ocr_par' dir='ltr' id='par_1_70' title="bbox 2114 1348 3698 1428">
     <span class='ocr_line' id='line_1_71' title="bbox 2114 1348 3698 1428; baseline -0.001 -20"><span class='ocrx_word' id='word_1_468' title='bbox 2114 1356 2287 1428; x_wconf 80' lang='lat'>(893.)</span> <span class='ocrx_word' id='word_1_469' title='bbox 2307 1357 2471 1409; x_wconf 85' lang='lat' dir='ltr'>Anno</span> <span class='ocrx_word' id='word_1_470' title='bbox 2492 1354 2677 1427; x_wconf 81' lang='lat' dir='ltr'>igitur</span> <span class='ocrx_word' id='word_1_471' title='bbox 2698 1353 3021 1409; x_wconf 85' lang='lat' dir='ltr'>nativitatis</span> <span class='ocrx_word' id='word_1_472' title='bbox 3053 1351 3280 1407; x_wconf 91' lang='lat' dir='ltr'>Domini</span> <span class='ocrx_word' id='word_1_473' title='bbox 3303 1351 3431 1419; x_wconf 81' lang='lat'>893,</span> <span class='ocrx_word' id='word_1_474' title='bbox 3454 1348 3698 1407; x_wconf 88' lang='lat' dir='ltr'>Carolus</span> 
     </span>
    </p>
   </div>
   <div class='ocr_carea' id='block_1_71' title="bbox 2043 1439 3695 1516">
    <p class='ocr_par' dir='ltr' id='par_1_71' title="bbox 2043 1439 3695 1516">
     <span class='ocr_line' id='line_1_72' title="bbox 2043 1439 3695 1516; baseline -0.002 -18"><span class='ocrx_word' id='word_1_475' title='bbox 2043 1461 2207 1516; x_wconf 89' lang='lat' dir='ltr'>puer.</span> <span class='ocrx_word' id='word_1_476' title='bbox 2239 1443 2608 1499; x_wconf 88' lang='lat' dir='ltr'>Carlomanni</span> <span class='ocrx_word' id='word_1_477' title='bbox 2642 1443 2793 1515; x_wconf 76' lang='lat' dir='ltr'>regis</span> <span class='ocrx_word' id='word_1_478' title='bbox 2824 1441 2984 1497; x_wconf 83' lang='lat' dir='ltr'>ﬁlius</span> <span class='ocrx_word' id='word_1_479' title='bbox 3015 1442 3288 1514; x_wconf 81' lang='lat' dir='ltr'>(109),rex</span> <span class='ocrx_word' id='word_1_480' title='bbox 3315 1439 3695 1495; x_wconf 86' lang='lat' dir='ltr'>constituitur</span> 
     </span>
    </p>
   </div>
   <div class='ocr_carea' id='block_1_72' title="bbox 2043 1528 3696 1599">
    <p class='ocr_par' dir='ltr' id='par_1_72' title="bbox 2043 1528 3696 1599">
     <span class='ocr_line' id='line_1_73' title="bbox 2043 1528 3696 1599; baseline -0.003 -11"><span class='ocrx_word' id='word_1_481' title='bbox 2043 1533 2282 1588; x_wconf 81' lang='lat' dir='ltr'>Rhemis</span> <span class='ocrx_word' id='word_1_482' title='bbox 2296 1532 2610 1599; x_wconf 88' lang='lat' dir='ltr'>civitate,in</span> <span class='ocrx_word' id='word_1_483' title='bbox 2626 1531 3033 1586; x_wconf 84' lang='lat' dir='ltr'>Purificatione</span> <span class='ocrx_word' id='word_1_484' title='bbox 3051 1536 3264 1585; x_wconf 61' lang='lat' dir='ltr'>sanctae</span> <span class='ocrx_word' id='word_1_485' title='bbox 3284 1528 3568 1596; x_wconf 70' lang='lat' dir='ltr'>Marize,1x</span> <span class='ocrx_word' id='word_1_486' title='bbox 3584 1529 3696 1584; x_wconf 90' lang='lat' dir='ltr'>No-</span> 
     </span>
    </p>
   </div>
   <div class='ocr_carea' id='block_1_73' title="bbox 2041 1615 3684 1691">
    <p class='ocr_par' dir='ltr' id='par_1_73' title="bbox 2041 1615 3684 1691">
     <span class='ocr_line' id='line_1_74' title="bbox 2041 1615 3684 1691; baseline -0.004 -14"><span class='ocrx_word' id='word_1_487' title='bbox 2041 1640 2147 1677; x_wconf 89' lang='lat' dir='ltr'>nas</span> <span class='ocrx_word' id='word_1_488' title='bbox 2180 1622 2496 1688; x_wconf 86' lang='lat' dir='ltr'>Februarii,</span> <span class='ocrx_word' id='word_1_489' title='bbox 2524 1624 2900 1677; x_wconf 87' lang='lat' dir='ltr'>consecratus</span> <span class='ocrx_word' id='word_1_490' title='bbox 2932 1638 2965 1675; x_wconf 89' lang='lat' dir='ltr'>a</span> <span class='ocrx_word' id='word_1_491' title='bbox 2999 1619 3270 1691; x_wconf 69' lang='lat' dir='ltr'>przcdicto</span> <span class='ocrx_word' id='word_1_492' title='bbox 3320 1615 3565 1674; x_wconf 85' lang='lat' dir='ltr'>Folcone</span> <span class='ocrx_word' id='word_1_493' title='bbox 3596 1634 3684 1672; x_wconf 89' lang='lat' dir='ltr'>ar-</span> 
     </span>
    </p>
   </div>
   <div class='ocr_carea' id='block_1_74' title="bbox 2042 1706 3695 1782">
    <p class='ocr_par' dir='ltr' id='par_1_74' title="bbox 2042 1706 3695 1782">
     <span class='ocr_line' id='line_1_75' title="bbox 2042 1706 3695 1782; baseline -0.004 -16"><span class='ocrx_word' id='word_1_494' title='bbox 2042 1710 2407 1782; x_wconf 60' lang='lat' dir='ltr'>cbipraasule,</span> <span class='ocrx_word' id='word_1_495' title='bbox 2441 1711 2664 1766; x_wconf 85' lang='lat' dir='ltr'>vivente</span> <span class='ocrx_word' id='word_1_496' title='bbox 2694 1710 2884 1766; x_wconf 90' lang='lat' dir='ltr'>adhuc</span> <span class='ocrx_word' id='word_1_497' title='bbox 2916 1708 3114 1763; x_wconf 88' lang='lat' dir='ltr'>Odone</span> <span class='ocrx_word' id='word_1_498' title='bbox 3147 1708 3436 1763; x_wconf 88' lang='lat' dir='ltr'>antedicto</span> <span class='ocrx_word' id='word_1_499' title='bbox 3469 1706 3695 1779; x_wconf 88' lang='lat' dir='ltr'>rege.ln</span> 
     </span>
    </p>
   </div>
   <div class='ocr_carea' id='block_1_75' title="bbox 2041 1795 3700 1869">
    <p class='ocr_par' dir='ltr' id='par_1_75' title="bbox 2041 1795 3700 1869">
     <span class='ocr_line' id='line_1_76' title="bbox 2041 1795 3700 1869; baseline -0.003 -15"><span class='ocrx_word' id='word_1_500' title='bbox 2041 1801 2212 1869; x_wconf 90' lang='lat' dir='ltr'>cujus</span> <span class='ocrx_word' id='word_1_501' title='bbox 2226 1816 2449 1866; x_wconf 82' lang='lat' dir='ltr'>annon,</span> <span class='ocrx_word' id='word_1_502' title='bbox 2467 1798 2771 1854; x_wconf 75' lang='lat' dir='ltr'>castellum</span> <span class='ocrx_word' id='word_1_503' title='bbox 2794 1797 2979 1852; x_wconf 84' lang='lat' dir='ltr'>sancti</span> <span class='ocrx_word' id='word_1_504' title='bbox 3001 1796 3318 1851; x_wconf 89' lang='lat' dir='ltr'>Audomari</span> <span class='ocrx_word' id='word_1_505' title='bbox 3341 1795 3477 1869; x_wconf 90' lang='lat' dir='ltr'>igne</span> <span class='ocrx_word' id='word_1_506' title='bbox 3493 1811 3700 1850; x_wconf 89' lang='lat' dir='ltr'>consu-</span> 
     </span>
    </p>
   </div>
   <div class='ocr_carea' id='block_1_76' title="bbox 2041 1884 3695 1958">
    <p class='ocr_par' dir='ltr' id='par_1_76' title="bbox 2041 1884 3695 1958">
     <span class='ocr_line' id='line_1_77' title="bbox 2041 1884 3695 1958; baseline -0.002 -16"><span class='ocrx_word' id='word_1_507' title='bbox 2041 1888 2240 1943; x_wconf 91' lang='lat' dir='ltr'>mitur.</span> <span class='ocrx_word' id='word_1_508' title='bbox 2255 1888 2512 1942; x_wconf 85' lang='lat' dir='ltr'>Audiens</span> <span class='ocrx_word' id='word_1_509' title='bbox 2526 1888 2647 1942; x_wconf 87' lang='lat' dir='ltr'>Odo</span> <span class='ocrx_word' id='word_1_510' title='bbox 2666 1904 2764 1941; x_wconf 87' lang='lat' dir='ltr'>rex</span> <span class='ocrx_word' id='word_1_511' title='bbox 2776 1886 2931 1958; x_wconf 90' lang='lat' dir='ltr'>quod</span> <span class='ocrx_word' id='word_1_512' title='bbox 2950 1902 3085 1957; x_wconf 88' lang='lat' dir='ltr'>pars</span> <span class='ocrx_word' id='word_1_513' title='bbox 3107 1884 3305 1956; x_wconf 88' lang='lat' dir='ltr'>aliqua</span> <span class='ocrx_word' id='word_1_514' title='bbox 3334 1884 3695 1939; x_wconf 86' lang='lat' dir='ltr'>Francorum</span> 
     </span>
    </p>
   </div>
   <div class='ocr_carea' id='block_1_77' title="bbox 2040 1971 3695 2049">
    <p class='ocr_par' dir='ltr' id='par_1_77' title="bbox 2040 1971 3695 2049">
     <span class='ocr_line' id='line_1_78' title="bbox 2040 1971 3695 2049; baseline -0.002 -19"><span class='ocrx_word' id='word_1_515' title='bbox 2040 1977 2100 2031; x_wconf 89' lang='lat' dir='ltr'>in</span> <span class='ocrx_word' id='word_1_516' title='bbox 2131 1994 2324 2049; x_wconf 87' lang='lat' dir='ltr'>regem</span> <span class='ocrx_word' id='word_1_517' title='bbox 2361 1976 2667 2031; x_wconf 85' lang='lat' dir='ltr'>unxissent</span> <span class='ocrx_word' id='word_1_518' title='bbox 2696 1975 2989 2042; x_wconf 89' lang='lat' dir='ltr'>Carolum,</span> <span class='ocrx_word' id='word_1_519' title='bbox 3024 1973 3489 2046; x_wconf 89' lang='lat' dir='ltr'>persequebatur</span> <span class='ocrx_word' id='word_1_520' title='bbox 3528 1971 3695 2027; x_wconf 90' lang='lat' dir='ltr'>illum</span> 
     </span>
    </p>
   </div>
   <div class='ocr_carea' id='block_1_78' title="bbox 2036 2062 3695 2121">
    <p class='ocr_par' dir='ltr' id='par_1_78' title="bbox 2036 2062 3695 2121">
     <span class='ocr_line' id='line_1_79' title="bbox 2036 2062 3695 2121; baseline -0.002 0"><span class='ocrx_word' id='word_1_521' title='bbox 2036 2083 2170 2121; x_wconf 90' lang='lat' dir='ltr'>cum</span> <span class='ocrx_word' id='word_1_522' title='bbox 2185 2069 2369 2121; x_wconf 88' lang='lat' dir='ltr'>matre</span> <span class='ocrx_word' id='word_1_523' title='bbox 2384 2062 3076 2121; x_wconf 88' lang='lat' dir='ltr'>Ermentrudaincunctis</span> <span class='ocrx_word' id='word_1_524' title='bbox 3090 2063 3306 2118; x_wconf 82' lang='lat' dir='ltr'>finibus</span> <span class='ocrx_word' id='word_1_525' title='bbox 3317 2063 3695 2118; x_wconf 87' lang='lat' dir='ltr'>Francorum.</span> 
     </span>
    </p>
   </div>
   <div class='ocr_carea' id='block_1_79' title="bbox 2036 2154 3694 2226">
    <p class='ocr_par' dir='ltr' id='par_1_79' title="bbox 2036 2154 3694 2226">
     <span class='ocr_line' id='line_1_80' title="bbox 2036 2154 3694 2226; baseline -0.003 -16"><span class='ocrx_word' id='word_1_526' title='bbox 2036 2156 2293 2210; x_wconf 89' lang='lat' dir='ltr'>Tandem</span> <span class='ocrx_word' id='word_1_527' title='bbox 2318 2154 2542 2222; x_wconf 84' lang='lat' dir='ltr'>Franci,</span> <span class='ocrx_word' id='word_1_528' title='bbox 2559 2154 2658 2226; x_wconf 90' lang='lat' dir='ltr'>qui</span> <span class='ocrx_word' id='word_1_529' title='bbox 2681 2170 2814 2208; x_wconf 90' lang='lat' dir='ltr'>eum</span> <span class='ocrx_word' id='word_1_530' title='bbox 2839 2169 3016 2225; x_wconf 91' lang='lat' dir='ltr'>super</span> <span class='ocrx_word' id='word_1_531' title='bbox 3037 2169 3098 2208; x_wconf 90' lang='lat' dir='ltr'>se</span> <span class='ocrx_word' id='word_1_532' title='bbox 3114 2169 3307 2225; x_wconf 85' lang='lat' dir='ltr'>regem</span> <span class='ocrx_word' id='word_1_533' title='bbox 3340 2155 3694 2217; x_wconf 89' lang='lat' dir='ltr'>statuerant,</span> 
     </span>
    </p>
   </div>
   <div class='ocr_carea' id='block_1_80' title="bbox 2037 2240 3691 2316">
    <p class='ocr_par' dir='ltr' id='par_1_80' title="bbox 2037 2240 3691 2316">
     <span class='ocr_line' id='line_1_81' title="bbox 2037 2240 3691 2316; baseline -0.002 -18"><span class='ocrx_word' id='word_1_534' title='bbox 2037 2261 2257 2299; x_wconf 86' lang='lat' dir='ltr'>veneno</span> <span class='ocrx_word' id='word_1_535' title='bbox 2289 2244 2506 2299; x_wconf 89' lang='lat' dir='ltr'>Odonis</span> <span class='ocrx_word' id='word_1_536' title='bbox 2538 2243 2690 2316; x_wconf 89' lang='lat' dir='ltr'>regis</span> <span class='ocrx_word' id='word_1_537' title='bbox 2714 2242 2891 2298; x_wconf 87' lang='lat' dir='ltr'>vitam</span> <span class='ocrx_word' id='word_1_538' title='bbox 2915 2242 3286 2313; x_wconf 82' lang='lat' dir='ltr'>exstinguere</span> <span class='ocrx_word' id='word_1_539' title='bbox 3306 2240 3492 2296; x_wconf 91' lang='lat' dir='ltr'>moliti</span> <span class='ocrx_word' id='word_1_540' title='bbox 3517 2244 3691 2307; x_wconf 90' lang='lat' dir='ltr'>sunt;</span> 
     </span>
    </p>
   </div>
   <div class='ocr_carea' id='block_1_81' title="bbox 2040 2329 3694 2406">
    <p class='ocr_par' dir='ltr' id='par_1_81' title="bbox 2040 2329 3694 2406">
     <span class='ocr_line' id='line_1_82' title="bbox 2040 2329 3694 2406; baseline -0.002 -19"><span class='ocrx_word' id='word_1_541' title='bbox 2040 2335 2191 2406; x_wconf 87' lang='lat' dir='ltr'>quod</span> <span class='ocrx_word' id='word_1_542' title='bbox 2218 2338 2274 2388; x_wconf 92' lang='lat' dir='ltr'>et</span> <span class='ocrx_word' id='word_1_543' title='bbox 2304 2334 2580 2388; x_wconf 79' lang='lat' dir='ltr'>fecerunt.</span> <span class='ocrx_word' id='word_1_544' title='bbox 2608 2334 2729 2397; x_wconf 90' lang='lat' dir='ltr'>Quo</span> <span class='ocrx_word' id='word_1_545' title='bbox 2756 2332 3050 2398; x_wconf 86' lang='lat' dir='ltr'>defuncto,</span> <span class='ocrx_word' id='word_1_546' title='bbox 3071 2329 3310 2386; x_wconf 91' lang='lat' dir='ltr'>Carolus</span> <span class='ocrx_word' id='word_1_547' title='bbox 3329 2346 3447 2395; x_wconf 90' lang='lat' dir='ltr'>rex,</span> <span class='ocrx_word' id='word_1_548' title='bbox 3471 2330 3694 2400; x_wconf 88' lang='lat' dir='ltr'>absque</span> 
     </span>
    </p>
   </div>
   <div class='ocr_carea' id='block_1_82' title="bbox 2039 2417 3687 2492">
    <p class='ocr_par' dir='ltr' id='par_1_82' title="bbox 2039 2417 3687 2492">
     <span class='ocr_line' id='line_1_83' title="bbox 2039 2417 3687 2492; baseline -0.004 -14"><span class='ocrx_word' id='word_1_549' title='bbox 2039 2423 2161 2478; x_wconf 88' lang='lat' dir='ltr'>ulla</span> <span class='ocrx_word' id='word_1_550' title='bbox 2191 2421 2618 2489; x_wconf 89' lang='lat' dir='ltr'>contrarietate,</span> <span class='ocrx_word' id='word_1_551' title='bbox 2652 2421 3009 2476; x_wconf 83' lang='lat' dir='ltr'>Francorum</span> <span class='ocrx_word' id='word_1_552' title='bbox 3060 2418 3319 2492; x_wconf 89' lang='lat' dir='ltr'>suscepit</span> <span class='ocrx_word' id='word_1_553' title='bbox 3348 2417 3687 2490; x_wconf 90' lang='lat' dir='ltr'>imperium.</span> 
     </span>
    </p>
   </div>
   <div class='ocr_carea' id='block_1_83' title="bbox 2040 2508 3691 2581">
    <p class='ocr_par' dir='ltr' id='par_1_83' title="bbox 2040 2508 3691 2581">
     <span class='ocr_line' id='line_1_84' title="bbox 2040 2508 3691 2581; baseline -0.003 -15"><span class='ocrx_word' id='word_1_554' title='bbox 2040 2511 2150 2576; x_wconf 86' lang='lat' dir='ltr'>Qui</span> <span class='ocrx_word' id='word_1_555' title='bbox 2166 2510 2548 2566; x_wconf 81' lang='lat' dir='ltr'>confirmatus</span> <span class='ocrx_word' id='word_1_556' title='bbox 2565 2509 2623 2563; x_wconf 89' lang='lat' dir='ltr'>in</span> <span class='ocrx_word' id='word_1_557' title='bbox 2639 2526 2836 2581; x_wconf 87' lang='lat' dir='ltr'>regno,</span> <span class='ocrx_word' id='word_1_558' title='bbox 2857 2508 3150 2581; x_wconf 89' lang='lat' dir='ltr'>quendam</span> <span class='ocrx_word' id='word_1_559' title='bbox 3166 2508 3496 2579; x_wconf 90' lang='lat' dir='ltr'>Haganum,</span> <span class='ocrx_word' id='word_1_560' title='bbox 3518 2508 3691 2577; x_wconf 91' lang='lat' dir='ltr'>cujus</span> 
     </span>
    </p>
   </div>
   <div class='ocr_carea' id='block_1_84' title="bbox 2041 2595 3696 2674">
    <p class='ocr_par' dir='ltr' id='par_1_84' title="bbox 2041 2595 3696 2674">
     <span class='ocr_line' id='line_1_85' title="bbox 2041 2595 3696 2674; baseline -0.004 -19"><span class='ocrx_word' id='word_1_561' title='bbox 2041 2617 2226 2674; x_wconf 90' lang='lat' dir='ltr'>genus</span> <span class='ocrx_word' id='word_1_562' title='bbox 2256 2604 2312 2655; x_wconf 90' lang='lat' dir='ltr'>et</span> <span class='ocrx_word' id='word_1_563' title='bbox 2359 2598 2633 2654; x_wconf 90' lang='lat' dir='ltr'>nobilitas</span> <span class='ocrx_word' id='word_1_564' title='bbox 2692 2598 3074 2669; x_wconf 85' lang='lat' dir='ltr'>ignorabatur</span> <span class='ocrx_word' id='word_1_565' title='bbox 3104 2614 3137 2652; x_wconf 93' lang='lat' dir='ltr'>a</span> <span class='ocrx_word' id='word_1_566' title='bbox 3194 2595 3455 2661; x_wconf 88' lang='lat' dir='ltr'>Francis,</span> <span class='ocrx_word' id='word_1_567' title='bbox 3518 2611 3696 2667; x_wconf 87' lang='lat' dir='ltr'>super</span> 
     </span>
    </p>
   </div>
   <div class='ocr_carea' id='block_1_85' title="bbox 2042 2684 3697 2761">
    <p class='ocr_par' dir='ltr' id='par_1_85' title="bbox 2042 2684 3697 2761">
     <span class='ocr_line' id='line_1_86' title="bbox 2042 2684 3697 2761; baseline -0.004 -16"><span class='ocrx_word' id='word_1_568' title='bbox 2042 2707 2245 2745; x_wconf 90' lang='lat' dir='ltr'>omnes</span> <span class='ocrx_word' id='word_1_569' title='bbox 2278 2687 2572 2761; x_wconf 86' lang='lat' dir='ltr'>diligendo</span> <span class='ocrx_word' id='word_1_570' title='bbox 2596 2687 2886 2751; x_wconf 81' lang='lat' dir='ltr'>extulit,et</span> <span class='ocrx_word' id='word_1_571' title='bbox 2916 2686 3072 2741; x_wconf 92' lang='lat' dir='ltr'>hunc</span> <span class='ocrx_word' id='word_1_572' title='bbox 3093 2684 3443 2741; x_wconf 84' lang='lat' dir='ltr'>familiarius</span> <span class='ocrx_word' id='word_1_573' title='bbox 3471 2684 3697 2739; x_wconf 70' lang='lat' dir='ltr'>caeteris</span> 
     </span>
    </p>
   </div>
   <div class='ocr_carea' id='block_1_86' title="bbox 2040 2772 3697 2839">
    <p class='ocr_par' dir='ltr' id='par_1_86' title="bbox 2040 2772 3697 2839">
     <span class='ocr_line' id='line_1_87' title="bbox 2040 2772 3697 2839; baseline -0.004 -5"><span class='ocrx_word' id='word_1_574' title='bbox 2040 2778 2150 2834; x_wconf 88' lang='lat' dir='ltr'>sibi</span> <span class='ocrx_word' id='word_1_575' title='bbox 2185 2777 2585 2833; x_wconf 89' lang='lat' dir='ltr'>consiliarium</span> <span class='ocrx_word' id='word_1_576' title='bbox 2618 2775 2840 2831; x_wconf 88' lang='lat' dir='ltr'>ascivit.</span> <span class='ocrx_word' id='word_1_577' title='bbox 2872 2776 3033 2838; x_wconf 89' lang='lat' dir='ltr'>Quod</span> <span class='ocrx_word' id='word_1_578' title='bbox 3054 2773 3316 2829; x_wconf 87' lang='lat' dir='ltr'>videntes</span> <span class='ocrx_word' id='word_1_579' title='bbox 3339 2772 3697 2839; x_wconf 88' lang='lat' dir='ltr'>Franci,non</span> 
     </span>
    </p>
   </div>
   <div class='ocr_carea' id='block_1_87' title="bbox 2040 2861 3697 2939">
    <p class='ocr_par' dir='ltr' id='par_1_87' title="bbox 2040 2861 3697 2939">
     <span class='ocr_line' id='line_1_88' title="bbox 2040 2861 3697 2939; baseline -0.004 -17"><span class='ocrx_word' id='word_1_580' title='bbox 2040 2868 2240 2924; x_wconf 84' lang='lat' dir='ltr'>leviter</span> <span class='ocrx_word' id='word_1_581' title='bbox 2261 2866 2444 2939; x_wconf 83' lang='lat' dir='ltr'>ignoti</span> <span class='ocrx_word' id='word_1_582' title='bbox 2463 2864 2721 2920; x_wconf 90' lang='lat' dir='ltr'>hominis</span> <span class='ocrx_word' id='word_1_583' title='bbox 2740 2863 3029 2919; x_wconf 87' lang='lat' dir='ltr'>amicitias</span> <span class='ocrx_word' id='word_1_584' title='bbox 3047 2862 3336 2931; x_wconf 91' lang='lat' dir='ltr'>tulerunt;</span> <span class='ocrx_word' id='word_1_585' title='bbox 3364 2861 3604 2935; x_wconf 86' lang='lat' dir='ltr'>regique</span> <span class='ocrx_word' id='word_1_586' title='bbox 3620 2862 3697 2915; x_wconf 89' lang='lat' dir='ltr'>ob</span> 
     </span>
    </p>
   </div>
   <div class='ocr_carea' id='block_1_88' title="bbox 2040 2951 3694 3024">
    <p class='ocr_par' dir='ltr' id='par_1_88' title="bbox 2040 2951 3694 3024">
     <span class='ocr_line' id='line_1_89' title="bbox 2040 2951 3694 3024; baseline -0.004 -13"><span class='ocrx_word' id='word_1_587' title='bbox 2040 2957 2147 3011; x_wconf 90' lang='lat' dir='ltr'>hoc</span> <span class='ocrx_word' id='word_1_588' title='bbox 2176 2955 2411 3020; x_wconf 87' lang='lat' dir='ltr'>infensi,</span> <span class='ocrx_word' id='word_1_589' title='bbox 2446 2953 2694 3009; x_wconf 89' lang='lat' dir='ltr'>insidias</span> <span class='ocrx_word' id='word_1_590' title='bbox 2721 2954 2793 3019; x_wconf 91' lang='lat' dir='ltr'>ei,</span> <span class='ocrx_word' id='word_1_591' title='bbox 2827 2952 2887 3006; x_wconf 91' lang='lat' dir='ltr'>in</span> <span class='ocrx_word' id='word_1_592' title='bbox 2922 2952 3229 3024; x_wconf 87' lang='lat' dir='ltr'>Lugdune,</span> <span class='ocrx_word' id='word_1_593' title='bbox 3257 2952 3416 3024; x_wconf 89' lang='lat' dir='ltr'>regia</span> <span class='ocrx_word' id='word_1_594' title='bbox 3437 2951 3694 3015; x_wconf 88' lang='lat' dir='ltr'>civitate,</span> 
     </span>
    </p>
   </div>
   <div class='ocr_carea' id='block_1_89' title="bbox 2037 3040 3696 3115">
    <p class='ocr_par' dir='ltr' id='par_1_89' title="bbox 2037 3040 3696 3115">
     <span class='ocr_line' id='line_1_90' title="bbox 2037 3040 3696 3115; baseline -0.004 -15"><span class='ocrx_word' id='word_1_595' title='bbox 2037 3046 2428 3100; x_wconf 84' lang='lat' dir='ltr'>tetenderunt.</span> <span class='ocrx_word' id='word_1_596' title='bbox 2455 3044 2693 3115; x_wconf 82' lang='lat' dir='ltr'>Cognito</span> <span class='ocrx_word' id='word_1_597' title='bbox 2718 3044 2937 3106; x_wconf 87' lang='lat' dir='ltr'>autem,</span> <span class='ocrx_word' id='word_1_598' title='bbox 2961 3057 3059 3094; x_wconf 85' lang='lat' dir='ltr'>rex</span> <span class='ocrx_word' id='word_1_599' title='bbox 3081 3040 3341 3106; x_wconf 85' lang='lat' dir='ltr'>Carolus,</span> <span class='ocrx_word' id='word_1_600' title='bbox 3370 3057 3470 3111; x_wconf 91' lang='lat' dir='ltr'>per</span> <span class='ocrx_word' id='word_1_601' title='bbox 3496 3040 3696 3111; x_wconf 87' lang='lat' dir='ltr'>fugam</span> 
     </span>
    </p>
   </div>
   <div class='ocr_carea' id='block_1_90' title="bbox 2037 3129 3703 3204">
    <p class='ocr_par' dir='ltr' id='par_1_90' title="bbox 2037 3129 3703 3204">
     <span class='ocr_line' id='line_1_91' title="bbox 2037 3129 3703 3204; baseline -0.004 -15"><span class='ocrx_word' id='word_1_602' title='bbox 2037 3134 2243 3190; x_wconf 84' lang='lat' dir='ltr'>exinde</span> <span class='ocrx_word' id='word_1_603' title='bbox 2262 3133 2518 3204; x_wconf 89' lang='lat' dir='ltr'>elapsus,</span> <span class='ocrx_word' id='word_1_604' title='bbox 2538 3131 2597 3185; x_wconf 91' lang='lat' dir='ltr'>in</span> <span class='ocrx_word' id='word_1_605' title='bbox 2623 3146 2864 3201; x_wconf 85' lang='lat' dir='ltr'>regnum</span> <span class='ocrx_word' id='word_1_606' title='bbox 2881 3129 3174 3200; x_wconf 89' lang='lat' dir='ltr'>quondam</span> <span class='ocrx_word' id='word_1_607' title='bbox 3190 3129 3443 3183; x_wconf 88' lang='lat' dir='ltr'>Lotbarii</span> <span class='ocrx_word' id='word_1_608' title='bbox 3464 3144 3703 3183; x_wconf 90' lang='lat' dir='ltr'>succes-</span> 
     </span>
    </p>
   </div>
   <div class='ocr_carea' id='block_1_91' title="bbox 2039 3217 3698 3288">
    <p class='ocr_par' dir='ltr' id='par_1_91' title="bbox 2039 3217 3698 3288">
     <span class='ocr_line' id='line_1_92' title="bbox 2039 3217 3698 3288; baseline -0.004 -11"><span class='ocrx_word' id='word_1_609' title='bbox 2039 3223 2132 3278; x_wconf 90' lang='lat' dir='ltr'>sit.</span> <span class='ocrx_word' id='word_1_610' title='bbox 2170 3221 2369 3276; x_wconf 88' lang='lat' dir='ltr'>Franci</span> <span class='ocrx_word' id='word_1_611' title='bbox 2403 3219 2459 3273; x_wconf 92' lang='lat' dir='ltr'>in</span> <span class='ocrx_word' id='word_1_612' title='bbox 2495 3217 2779 3274; x_wconf 87' lang='lat' dir='ltr'>senteniia</span> <span class='ocrx_word' id='word_1_613' title='bbox 2810 3220 3264 3288; x_wconf 87' lang='lat' dir='ltr'>perseverantes,</span> <span class='ocrx_word' id='word_1_614' title='bbox 3326 3217 3698 3271; x_wconf 84' lang='lat' dir='ltr'>Rodbertum</span> 
     </span>
    </p>
   </div>
   <div class='ocr_carea' id='block_1_92' title="bbox 2038 3305 3703 3384">
    <p class='ocr_par' dir='ltr' id='par_1_92' title="bbox 2038 3305 3703 3384">
     <span class='ocr_line' id='line_1_93' title="bbox 2038 3305 3703 3384; baseline -0.004 -18"><span class='ocrx_word' id='word_1_615' title='bbox 2038 3311 2373 3384; x_wconf 89' lang='lat' dir='ltr'>quemdam,</span> <span class='ocrx_word' id='word_1_616' title='bbox 2390 3309 2628 3362; x_wconf 89' lang='lat' dir='ltr'>fratrem</span> <span class='ocrx_word' id='word_1_617' title='bbox 2651 3306 2869 3361; x_wconf 83' lang='lat' dir='ltr'>Odonis</span> <span class='ocrx_word' id='word_1_618' title='bbox 2894 3305 3045 3376; x_wconf 86' lang='lat' dir='ltr'>regis</span> <span class='ocrx_word' id='word_1_619' title='bbox 3065 3320 3243 3374; x_wconf 90' lang='lat' dir='ltr'>supra</span> <span class='ocrx_word' id='word_1_620' title='bbox 3258 3306 3703 3374; x_wconf 88' lang='lat' dir='ltr'>memorati,su-</span> 
     </span>
    </p>
   </div>
   <div class='ocr_carea' id='block_1_93' title="bbox 2037 3391 3704 3474">
    <p class='ocr_par' dir='ltr' id='par_1_93' title="bbox 2037 3391 3704 3474">
     <span class='ocr_line' id='line_1_94' title="bbox 2037 3391 3704 3474; baseline -0.004 -18"><span class='ocrx_word' id='word_1_621' title='bbox 2037 3420 2138 3474; x_wconf 92' lang='lat' dir='ltr'>per</span> <span class='ocrx_word' id='word_1_622' title='bbox 2155 3418 2216 3455; x_wconf 91' lang='lat' dir='ltr'>se</span> <span class='ocrx_word' id='word_1_623' title='bbox 2240 3414 2434 3470; x_wconf 86' lang='lat' dir='ltr'>regem</span> <span class='ocrx_word' id='word_1_624' title='bbox 2449 3400 2601 3451; x_wconf 90' lang='lat' dir='ltr'>statu</span> <span class='ocrx_word' id='word_1_625' title='bbox 2613 3399 2747 3462; x_wconf 90' lang='lat' dir='ltr'>unt;</span> <span class='ocrx_word' id='word_1_626' title='bbox 2772 3394 2869 3465; x_wconf 92' lang='lat' dir='ltr'>qui</span> <span class='ocrx_word' id='word_1_627' title='bbox 2884 3398 3008 3448; x_wconf 89' lang='lat' dir='ltr'>erat</span> <span class='ocrx_word' id='word_1_628' title='bbox 3020 3398 3183 3464; x_wconf 88' lang='lat' dir='ltr'>pater</span> <span class='ocrx_word' id='word_1_629' title='bbox 3196 3391 3704 3463; x_wconf 84' lang='lat' dir='ltr'>Hugonis,postea</span> 
     </span>
    </p>
   </div>
   <div class='ocr_carea' id='block_1_94' title="bbox 2036 3480 3693 3556">
    <p class='ocr_par' dir='ltr' id='par_1_94' title="bbox 2036 3480 3693 3556">
     <span class='ocr_line' id='line_1_95' title="bbox 2036 3480 3693 3556; baseline -0.004 -11"><span class='ocrx_word' id='word_1_630' title='bbox 2036 3494 2391 3545; x_wconf 89' lang='lat' dir='ltr'>Francorum</span> <span class='ocrx_word' id='word_1_631' title='bbox 2423 3485 2611 3551; x_wconf 90' lang='lat' dir='ltr'>ducis,</span> <span class='ocrx_word' id='word_1_632' title='bbox 2647 3482 3025 3556; x_wconf 88' lang='lat' dir='ltr'>regnavitquc</span> <span class='ocrx_word' id='word_1_633' title='bbox 3058 3481 3229 3535; x_wconf 90' lang='lat' dir='ltr'>annis</span> <span class='ocrx_word' id='word_1_634' title='bbox 3278 3482 3395 3534; x_wconf 84' lang='lat' dir='ltr'>fere</span> <span class='ocrx_word' id='word_1_635' title='bbox 3427 3480 3693 3538; x_wconf 91' lang='lat' dir='ltr'>duobus.</span> 
     </span>
    </p>
   </div>
   <div class='ocr_carea' id='block_1_95' title="bbox 2266 3569 3455 3645">
    <p class='ocr_par' dir='ltr' id='par_1_95' title="bbox 2266 3569 3455 3645">
     <span class='ocr_line' id='line_1_96' title="bbox 2266 3569 3455 3645; baseline -0.006 -14"><span class='ocrx_word' id='word_1_636' title='bbox 2266 3575 2422 3631; x_wconf 83' lang='lat' dir='ltr'>LXX.</span> <span class='ocrx_word' id='word_1_637' title='bbox 2457 3576 2650 3645; x_wconf 86' lang='lat' dir='ltr'>Pugna</span> <span class='ocrx_word' id='word_1_638' title='bbox 2677 3572 2861 3627; x_wconf 79' lang='lat' dir='ltr'>Caroli</span> <span class='ocrx_word' id='word_1_639' title='bbox 2889 3573 3078 3625; x_wconf 67' lang='lat' dir='ltr'>contra</span> <span class='ocrx_word' id='word_1_640' title='bbox 3108 3569 3455 3625; x_wconf 81' lang='lat' dir='ltr'>Rodbcrtum.</span> 
     </span>
    </p>
   </div>
   <div class='ocr_carea' id='block_1_96' title="bbox 2110 3652 3703 3731">
    <p class='ocr_par' dir='ltr' id='par_1_96' title="bbox 2110 3652 3703 3731">
     <span class='ocr_line' id='line_1_97' title="bbox 2110 3652 3703 3731; baseline -0.006 -8"><span class='ocrx_word' id='word_1_641' title='bbox 2110 3668 2248 3723; x_wconf 86' lang='lat' dir='ltr'>Post</span> <span class='ocrx_word' id='word_1_642' title='bbox 2285 3665 2408 3719; x_wconf 58' lang='lat' dir='ltr'>haec</span> <span class='ocrx_word' id='word_1_643' title='bbox 2456 3661 2694 3717; x_wconf 87' lang='lat' dir='ltr'>Carolus</span> <span class='ocrx_word' id='word_1_644' title='bbox 2761 3677 2880 3727; x_wconf 86' lang='lat' dir='ltr'>rex,</span> <span class='ocrx_word' id='word_1_645' title='bbox 2936 3662 3285 3731; x_wconf 87' lang='lat' dir='ltr'>congregato</span> <span class='ocrx_word' id='word_1_646' title='bbox 3337 3652 3590 3712; x_wconf 87' lang='lat' dir='ltr'>exercitu</span> <span class='ocrx_word' id='word_1_647' title='bbox 3627 3657 3703 3713; x_wconf 91' lang='lat' dir='ltr'>de</span> 
     </span>
    </p>
   </div>
   <div class='ocr_carea' id='block_1_97' title="bbox 2040 3745 3696 3829">
    <p class='ocr_par' dir='ltr' id='par_1_97' title="bbox 2040 3745 3696 3829">
     <span class='ocr_line' id='line_1_98' title="bbox 2040 3745 3696 3829; baseline -0.006 -17"><span class='ocrx_word' id='word_1_648' title='bbox 2040 3772 2218 3829; x_wconf 86' lang='lat' dir='ltr'>regno</span> <span class='ocrx_word' id='word_1_649' title='bbox 2251 3752 2507 3808; x_wconf 86' lang='lat' dir='ltr'>Lotharii</span> <span class='ocrx_word' id='word_1_650' title='bbox 2539 3754 2596 3806; x_wconf 92' lang='lat' dir='ltr'>et</span> <span class='ocrx_word' id='word_1_651' title='bbox 2625 3751 2695 3805; x_wconf 89' lang='lat' dir='ltr'>de</span> <span class='ocrx_word' id='word_1_652' title='bbox 2729 3749 2972 3821; x_wconf 86' lang='lat' dir='ltr'>reliquis</span> <span class='ocrx_word' id='word_1_653' title='bbox 2997 3745 3383 3803; x_wconf 90' lang='lat' dir='ltr'>orientalibus</span> <span class='ocrx_word' id='word_1_654' title='bbox 3430 3746 3696 3813; x_wconf 89' lang='lat' dir='ltr'>Francis,</span> 
     </span>
    </p>
   </div>
   <div class='ocr_carea' id='block_1_98' title="bbox 2040 3834 3697 3910">
    <p class='ocr_par' dir='ltr' id='par_1_98' title="bbox 2040 3834 3697 3910">
     <span class='ocr_line' id='line_1_99' title="bbox 2040 3834 3697 3910; baseline -0.006 -10"><span class='ocrx_word' id='word_1_655' title='bbox 2040 3852 2245 3901; x_wconf 86' lang='lat' dir='ltr'>contra</span> <span class='ocrx_word' id='word_1_656' title='bbox 2275 3842 2547 3899; x_wconf 81' lang='lat' dir='ltr'>eumdem</span> <span class='ocrx_word' id='word_1_657' title='bbox 2581 3840 2939 3895; x_wconf 86' lang='lat' dir='ltr'>Rodbertum</span> <span class='ocrx_word' id='word_1_658' title='bbox 2972 3840 3340 3910; x_wconf 87' lang='lat' dir='ltr'>pugnaturus</span> <span class='ocrx_word' id='word_1_659' title='bbox 3366 3834 3697 3903; x_wconf 89' lang='lat' dir='ltr'>accedit,et,</span> 
     </span>
    </p>
   </div>
   <div class='ocr_carea' id='block_1_99' title="bbox 2039 3923 3695 4004">
    <p class='ocr_par' dir='ltr' id='par_1_99' title="bbox 2039 3923 3695 4004">
     <span class='ocr_line' id='line_1_100' title="bbox 2039 3923 3695 4004; baseline -0.006 -14"><span class='ocrx_word' id='word_1_660' title='bbox 2039 3936 2099 3991; x_wconf 92' lang='lat' dir='ltr'>in</span> <span class='ocrx_word' id='word_1_661' title='bbox 2125 3935 2216 3988; x_wconf 90' lang='lat' dir='ltr'>die</span> <span class='ocrx_word' id='word_1_662' title='bbox 2235 3932 2488 4004; x_wconf 89' lang='lat' dir='ltr'>quodam</span> <span class='ocrx_word' id='word_1_663' title='bbox 2512 3928 2815 3984; x_wconf 90' lang='lat' dir='ltr'>Dominico</span> <span class='ocrx_word' id='word_1_664' title='bbox 2838 3926 3268 3992; x_wconf 89' lang='lat' dir='ltr'>illuscescente,</span> <span class='ocrx_word' id='word_1_665' title='bbox 3295 3923 3533 3980; x_wconf 87' lang='lat' dir='ltr'>transiit</span> <span class='ocrx_word' id='word_1_666' title='bbox 3553 3941 3695 3980; x_wconf 90' lang='lat' dir='ltr'>cum</span> 
     </span>
    </p>
   </div>
   <div class='ocr_carea' id='block_1_100' title="bbox 2040 4014 3698 4086">
    <p class='ocr_par' dir='ltr' id='par_1_100' title="bbox 2040 4014 3698 4086">
     <span class='ocr_line' id='line_1_101' title="bbox 2040 4014 3698 4086; baseline -0.006 -8"><span class='ocrx_word' id='word_1_667' title='bbox 2040 4022 2294 4079; x_wconf 82' lang='lat' dir='ltr'>exercitu</span> <span class='ocrx_word' id='word_1_668' title='bbox 2326 4021 2540 4075; x_wconf 90' lang='lat' dir='ltr'>vadum</span> <span class='ocrx_word' id='word_1_669' title='bbox 2572 4017 2834 4073; x_wconf 80' lang='lat' dir='ltr'>fluminis</span> <span class='ocrx_word' id='word_1_670' title='bbox 2866 4021 3031 4071; x_wconf 70' lang='lat' dir='ltr'>Iseraa</span> <span class='ocrx_word' id='word_1_671' title='bbox 3052 4015 3442 4086; x_wconf 84' lang='lat' dir='ltr'>;occurritque</span> <span class='ocrx_word' id='word_1_672' title='bbox 3462 4014 3513 4068; x_wconf 93' lang='lat' dir='ltr'>ei</span> <span class='ocrx_word' id='word_1_673' title='bbox 3547 4030 3698 4085; x_wconf 71' lang='lat' dir='ltr'>pra:-</span> 
     </span>
    </p>
   </div>
   <div class='ocr_carea' id='block_1_101' title="bbox 2041 4103 3697 4168">
    <p class='ocr_par' dir='ltr' id='par_1_101' title="bbox 2041 4103 3697 4168">
     <span class='ocr_line' id='line_1_102' title="bbox 2041 4103 3697 4168; baseline -0.005 -1"><span class='ocrx_word' id='word_1_674' title='bbox 2041 4113 2231 4168; x_wconf 90' lang='lat' dir='ltr'>dictus</span> <span class='ocrx_word' id='word_1_675' title='bbox 2266 4110 2596 4164; x_wconf 82' lang='lat' dir='ltr'>Robbertus</span> <span class='ocrx_word' id='word_1_676' title='bbox 2643 4124 2780 4162; x_wconf 91' lang='lat' dir='ltr'>cum</span> <span class='ocrx_word' id='word_1_677' title='bbox 2838 4103 3284 4160; x_wconf 88' lang='lat' dir='ltr'>occidentalium</span> <span class='ocrx_word' id='word_1_678' title='bbox 3336 4104 3697 4159; x_wconf 89' lang='lat' dir='ltr'>Francorum</span> 
     </span>
    </p>
   </div>
   <div class='ocr_carea' id='block_1_102' title="bbox 2042 4192 3700 4271">
    <p class='ocr_par' dir='ltr' id='par_1_102' title="bbox 2042 4192 3700 4271">
     <span class='ocr_line' id='line_1_103' title="bbox 2042 4192 3700 4271; baseline -0.005 -15"><span class='ocrx_word' id='word_1_679' title='bbox 2042 4199 2438 4271; x_wconf 86' lang='lat' dir='ltr'>multitudine,</span> <span class='ocrx_word' id='word_1_680' title='bbox 2477 4198 2536 4252; x_wconf 91' lang='lat' dir='ltr'>in</span> <span class='ocrx_word' id='word_1_681' title='bbox 2569 4213 2717 4269; x_wconf 88' lang='lat' dir='ltr'>pago</span> <span class='ocrx_word' id='word_1_682' title='bbox 2762 4194 3131 4260; x_wconf 72' lang='lat' dir='ltr'>buessonico,</span> <span class='ocrx_word' id='word_1_683' title='bbox 3189 4194 3247 4248; x_wconf 91' lang='lat' dir='ltr'>in</span> <span class='ocrx_word' id='word_1_684' title='bbox 3293 4192 3418 4247; x_wconf 94' lang='lat' dir='ltr'>loco</span> <span class='ocrx_word' id='word_1_685' title='bbox 3463 4208 3700 4247; x_wconf 82' lang='lat' dir='ltr'>nuncu-</span> 
     </span>
    </p>
   </div>
   <div class='ocr_carea' id='block_1_103' title="bbox 2042 4281 3698 4363">
    <p class='ocr_par' dir='ltr' id='par_1_103' title="bbox 2042 4281 3698 4363">
     <span class='ocr_line' id='line_1_104' title="bbox 2042 4281 3698 4363; baseline -0.005 -19"><span class='ocrx_word' id='word_1_686' title='bbox 2042 4293 2177 4363; x_wconf 87' lang='lat' dir='ltr'>pato</span> <span class='ocrx_word' id='word_1_687' title='bbox 2208 4288 2252 4359; x_wconf 76' lang='lat' dir='ltr'>(i</span> <span class='ocrx_word' id='word_1_688' title='bbox 2277 4289 2472 4354; x_wconf 89' lang='lat' dir='ltr'>lO).....</span> <span class='ocrx_word' id='word_1_689' title='bbox 2500 4286 2768 4357; x_wconf 87' lang='lat' dir='ltr'>factaque</span> <span class='ocrx_word' id='word_1_690' title='bbox 2798 4289 2888 4339; x_wconf 91' lang='lat' dir='ltr'>est</span> <span class='ocrx_word' id='word_1_691' title='bbox 2918 4282 3063 4338; x_wconf 91' lang='lat' dir='ltr'>inibi</span> <span class='ocrx_word' id='word_1_692' title='bbox 3096 4288 3303 4337; x_wconf 86' lang='lat' dir='ltr'>mutua</span> <span class='ocrx_word' id='word_1_693' title='bbox 3332 4281 3698 4336; x_wconf 88' lang='lat' dir='ltr'>Francorum</span> 
     </span>
    </p>
   </div>
   <div class='ocr_carea' id='block_1_104' title="bbox 2043 4368 3700 4449">
    <p class='ocr_par' dir='ltr' id='par_1_104' title="bbox 2043 4368 3700 4449">
     <span class='ocr_line' id='line_1_105' title="bbox 2043 4368 3700 4449; baseline -0.007 -15"><span class='ocrx_word' id='word_1_694' title='bbox 2043 4379 2228 4434; x_wconf 61' lang='lat' dir='ltr'>cades</span> <span class='ocrx_word' id='word_1_695' title='bbox 2260 4374 2639 4449; x_wconf 87' lang='lat' dir='ltr'>permaxima.</span> <span class='ocrx_word' id='word_1_696' title='bbox 2692 4372 2998 4429; x_wconf 87' lang='lat' dir='ltr'>Folbertus</span> <span class='ocrx_word' id='word_1_697' title='bbox 3031 4376 3228 4427; x_wconf 88' lang='lat' dir='ltr'>autem</span> <span class='ocrx_word' id='word_1_698' title='bbox 3288 4370 3550 4442; x_wconf 89' lang='lat' dir='ltr'>quidam,</span> <span class='ocrx_word' id='word_1_699' title='bbox 3584 4368 3700 4424; x_wconf 88' lang='lat' dir='ltr'>Ca-</span> 
     </span>
    </p>
   </div>
   <div class='ocr_carea' id='block_1_105' title="bbox 2044 4457 3697 4539">
    <p class='ocr_par' dir='ltr' id='par_1_105' title="bbox 2044 4457 3697 4539">
     <span class='ocr_line' id='line_1_106' title="bbox 2044 4457 3697 4539; baseline -0.006 -16"><span class='ocrx_word' id='word_1_700' title='bbox 2044 4467 2148 4523; x_wconf 91' lang='lat' dir='ltr'>roli</span> <span class='ocrx_word' id='word_1_701' title='bbox 2184 4466 2337 4539; x_wconf 88' lang='lat' dir='ltr'>regis</span> <span class='ocrx_word' id='word_1_702' title='bbox 2394 4463 2836 4536; x_wconf 86' lang='lat' dir='ltr'>antesignanus,</span> <span class='ocrx_word' id='word_1_703' title='bbox 2878 4462 3241 4517; x_wconf 80' lang='lat' dir='ltr'>Rodbertum</span> <span class='ocrx_word' id='word_1_704' title='bbox 3274 4460 3333 4513; x_wconf 91' lang='lat' dir='ltr'>in</span> <span class='ocrx_word' id='word_1_705' title='bbox 3366 4457 3563 4530; x_wconf 69' lang='lat' dir='ltr'>praelia</span> <span class='ocrx_word' id='word_1_706' title='bbox 3600 4475 3697 4513; x_wconf 85' lang='lat' dir='ltr'>ex-</span> 
     </span>
    </p>
   </div>
   <div class='ocr_carea' id='block_1_106' title="bbox 2044 4551 3700 4629">
    <p class='ocr_par' dir='ltr' id='par_1_106' title="bbox 2044 4551 3700 4629">
     <span class='ocr_line' id='line_1_107' title="bbox 2044 4551 3700 4629; baseline -0.005 -18"><span class='ocrx_word' id='word_1_707' title='bbox 2044 4557 2313 4629; x_wconf 88' lang='lat' dir='ltr'>quirebat</span> <span class='ocrx_word' id='word_1_708' title='bbox 2352 4554 2654 4609; x_wconf 90' lang='lat' dir='ltr'>attentius.</span> <span class='ocrx_word' id='word_1_709' title='bbox 2709 4552 2933 4606; x_wconf 90' lang='lat' dir='ltr'>Accidit</span> <span class='ocrx_word' id='word_1_710' title='bbox 2991 4556 3188 4605; x_wconf 90' lang='lat' dir='ltr'>autem</span> <span class='ocrx_word' id='word_1_711' title='bbox 3246 4554 3312 4603; x_wconf 89' lang='lat' dir='ltr'>ut</span> <span class='ocrx_word' id='word_1_712' title='bbox 3366 4551 3700 4603; x_wconf 86' lang='lat' dir='ltr'>occurreret</span> 
     </span>
    </p>
   </div>
   <div class='ocr_carea' id='block_1_107' title="bbox 2042 4638 3699 4713">
    <p class='ocr_par' dir='ltr' id='par_1_107' title="bbox 2042 4638 3699 4713">
     <span class='ocr_line' id='line_1_108' title="bbox 2042 4638 3699 4713; baseline -0.007 -12"><span class='ocrx_word' id='word_1_713' title='bbox 2042 4646 2127 4701; x_wconf 92' lang='lat' dir='ltr'>illi</span> <span class='ocrx_word' id='word_1_714' title='bbox 2159 4646 2382 4700; x_wconf 86' lang='lat' dir='ltr'>detecta</span> <span class='ocrx_word' id='word_1_715' title='bbox 2407 4643 2609 4709; x_wconf 86' lang='lat' dir='ltr'>barba,</span> <span class='ocrx_word' id='word_1_716' title='bbox 2663 4658 2838 4713; x_wconf 90' lang='lat' dir='ltr'>quam</span> <span class='ocrx_word' id='word_1_717' title='bbox 2898 4640 3181 4712; x_wconf 88' lang='lat' dir='ltr'>prolixam</span> <span class='ocrx_word' id='word_1_718' title='bbox 3238 4638 3419 4693; x_wconf 86' lang='lat' dir='ltr'>lorica</span> <span class='ocrx_word' id='word_1_719' title='bbox 3476 4641 3699 4691; x_wconf 85' lang='lat' dir='ltr'>texerat</span> 
     </span>
    </p>
   </div>
   <div class='ocr_carea' id='block_1_108' title="bbox 1964 4727 3696 4814">
    <p class='ocr_par' dir='ltr' id='par_1_108' title="bbox 1964 4727 3696 4814">
     <span class='ocr_line' id='line_1_109' title="bbox 1964 4727 3696 4814; baseline -0.006 -23"><span class='ocrx_word' id='word_1_720' title='bbox 1964 4750 2010 4814; x_wconf 85' lang='lat' dir='ltr'><strong>D</strong></span> <span class='ocrx_word' id='word_1_721' title='bbox 2044 4752 2219 4806; x_wconf 88' lang='lat' dir='ltr'>super</span> <span class='ocrx_word' id='word_1_722' title='bbox 2248 4732 2516 4805; x_wconf 83' lang='lat' dir='ltr'>alligata;</span> <span class='ocrx_word' id='word_1_723' title='bbox 2552 4747 2802 4802; x_wconf 83' lang='lat' dir='ltr'>moxque</span> <span class='ocrx_word' id='word_1_724' title='bbox 2832 4730 2959 4785; x_wconf 89' lang='lat' dir='ltr'>sine</span> <span class='ocrx_word' id='word_1_725' title='bbox 2990 4746 3174 4796; x_wconf 90' lang='lat' dir='ltr'>mora,</span> <span class='ocrx_word' id='word_1_726' title='bbox 3209 4727 3432 4782; x_wconf 88' lang='lat' dir='ltr'>mutuis</span> <span class='ocrx_word' id='word_1_727' title='bbox 3463 4743 3527 4781; x_wconf 90' lang='lat' dir='ltr'>se</span> <span class='ocrx_word' id='word_1_728' title='bbox 3558 4742 3696 4781; x_wconf 87' lang='lat' dir='ltr'>con-</span> 
     </span>
    </p>
   </div>
   <div class='ocr_carea' id='block_1_109' title="bbox 2046 4815 3695 4894">
    <p class='ocr_par' dir='ltr' id='par_1_109' title="bbox 2046 4815 3695 4894">
     <span class='ocr_line' id='line_1_110' title="bbox 2046 4815 3695 4894; baseline -0.006 -16"><span class='ocrx_word' id='word_1_729' title='bbox 2046 4824 2332 4879; x_wconf 90' lang='lat' dir='ltr'>fodientes</span> <span class='ocrx_word' id='word_1_730' title='bbox 2362 4820 2629 4894; x_wconf 89' lang='lat' dir='ltr'>spiculis,</span> <span class='ocrx_word' id='word_1_731' title='bbox 2662 4824 2816 4874; x_wconf 89' lang='lat' dir='ltr'>terra</span> <span class='ocrx_word' id='word_1_732' title='bbox 2848 4824 3019 4875; x_wconf 91' lang='lat' dir='ltr'>tenus</span> <span class='ocrx_word' id='word_1_733' title='bbox 3074 4817 3308 4889; x_wconf 89' lang='lat' dir='ltr'>utrique</span> <span class='ocrx_word' id='word_1_734' title='bbox 3339 4815 3695 4879; x_wconf 88' lang='lat' dir='ltr'>ceciderunt,</span> 
     </span>
    </p>
   </div>
   <div class='ocr_carea' id='block_1_110' title="bbox 2047 4903 3697 4984">
    <p class='ocr_par' dir='ltr' id='par_1_110' title="bbox 2047 4903 3697 4984">
     <span class='ocr_line' id='line_1_111' title="bbox 2047 4903 3697 4984; baseline -0.005 -17"><span class='ocrx_word' id='word_1_735' title='bbox 2047 4928 2280 4984; x_wconf 87' lang='lat' dir='ltr'>unaque</span> <span class='ocrx_word' id='word_1_736' title='bbox 2310 4927 2446 4966; x_wconf 90' lang='lat' dir='ltr'>cum</span> <span class='ocrx_word' id='word_1_737' title='bbox 2478 4909 2765 4982; x_wconf 88' lang='lat' dir='ltr'>sanguine</span> <span class='ocrx_word' id='word_1_738' title='bbox 2799 4908 3073 4981; x_wconf 83' lang='lat' dir='ltr'>Spiritum</span> <span class='ocrx_word' id='word_1_739' title='bbox 3105 4907 3381 4963; x_wconf 84' lang='lat' dir='ltr'>efflarunt</span> <span class='ocrx_word' id='word_1_740' title='bbox 3401 4903 3551 4959; x_wconf 61' lang='lat' dir='ltr'>vitm.</span> <span class='ocrx_word' id='word_1_741' title='bbox 3585 4904 3697 4959; x_wconf 88' lang='lat' dir='ltr'>Au-</span> 
     </span>
    </p>
   </div>
   <div class='ocr_carea' id='block_1_111' title="bbox 2049 4992 3697 5069">
    <p class='ocr_par' dir='ltr' id='par_1_111' title="bbox 2049 4992 3697 5069">
     <span class='ocr_line' id='line_1_112' title="bbox 2049 4992 3697 5069; baseline -0.005 -13"><span class='ocrx_word' id='word_1_742' title='bbox 2049 5002 2270 5056; x_wconf 87' lang='lat' dir='ltr'>dientes</span> <span class='ocrx_word' id='word_1_743' title='bbox 2289 5004 2483 5056; x_wconf 90' lang='lat' dir='ltr'>autem</span> <span class='ocrx_word' id='word_1_744' title='bbox 2507 4996 2909 5055; x_wconf 88' lang='lat' dir='ltr'>Occidentales</span> <span class='ocrx_word' id='word_1_745' title='bbox 2936 5013 3128 5069; x_wconf 88' lang='lat' dir='ltr'>regem</span> <span class='ocrx_word' id='word_1_746' title='bbox 3155 4992 3358 5051; x_wconf 85' lang='lat' dir='ltr'>eerum</span> <span class='ocrx_word' id='word_1_747' title='bbox 3381 4993 3697 5063; x_wconf 89' lang='lat' dir='ltr'>corruisse,</span> 
     </span>
    </p>
   </div>
   <div class='ocr_carea' id='block_1_112' title="bbox 2048 5081 3696 5163">
    <p class='ocr_par' dir='ltr' id='par_1_112' title="bbox 2048 5081 3696 5163">
     <span class='ocr_line' id='line_1_113' title="bbox 2048 5081 3696 5163; baseline -0.006 -17"><span class='ocrx_word' id='word_1_748' title='bbox 2048 5091 2105 5146; x_wconf 92' lang='lat' dir='ltr'>in</span> <span class='ocrx_word' id='word_1_749' title='bbox 2140 5092 2278 5163; x_wconf 87' lang='lat' dir='ltr'>fuga</span> <span class='ocrx_word' id='word_1_750' title='bbox 2306 5088 2458 5145; x_wconf 89' lang='lat' dir='ltr'>versi</span> <span class='ocrx_word' id='word_1_751' title='bbox 2515 5092 2672 5155; x_wconf 90' lang='lat' dir='ltr'>sunt,</span> <span class='ocrx_word' id='word_1_752' title='bbox 2708 5086 3064 5159; x_wconf 90' lang='lat' dir='ltr'>victoriaque</span> <span class='ocrx_word' id='word_1_753' title='bbox 3096 5085 3273 5140; x_wconf 82' lang='lat' dir='ltr'>cessit</span> <span class='ocrx_word' id='word_1_754' title='bbox 3327 5081 3532 5138; x_wconf 89' lang='lat' dir='ltr'>Carolo</span> <span class='ocrx_word' id='word_1_755' title='bbox 3565 5097 3696 5137; x_wconf 89' lang='lat' dir='ltr'>cum</span> 
     </span>
    </p>
   </div>
   <div class='ocr_carea' id='block_1_113' title="bbox 2049 5170 3700 5245">
    <p class='ocr_par' dir='ltr' id='par_1_113' title="bbox 2049 5170 3700 5245">
     <span class='ocr_line' id='line_1_114' title="bbox 2049 5170 3700 5245; baseline -0.007 -10"><span class='ocrx_word' id='word_1_756' title='bbox 2049 5178 2603 5235; x_wconf 88' lang='lat' dir='ltr'>Orientalibus.Post</span> <span class='ocrx_word' id='word_1_757' title='bbox 2630 5176 3110 5232; x_wconf 88' lang='lat' dir='ltr'>crucntissimum</span> <span class='ocrx_word' id='word_1_758' title='bbox 3140 5190 3274 5229; x_wconf 90' lang='lat' dir='ltr'>vero</span> <span class='ocrx_word' id='word_1_759' title='bbox 3306 5172 3597 5245; x_wconf 68' lang='lat' dir='ltr'>praelium,</span> <span class='ocrx_word' id='word_1_760' title='bbox 3623 5170 3700 5224; x_wconf 90' lang='lat' dir='ltr'>vi-</span> 
     </span>
    </p>
   </div>
   <div class='ocr_carea' id='block_1_114' title="bbox 2050 5260 3697 5325">
    <p class='ocr_par' dir='ltr' id='par_1_114' title="bbox 2050 5260 3697 5325">
     <span class='ocr_line' id='line_1_115' title="bbox 2050 5260 3697 5325; baseline -0.006 -1"><span class='ocrx_word' id='word_1_761' title='bbox 2050 5271 2194 5325; x_wconf 90' lang='lat' dir='ltr'>dens</span> <span class='ocrx_word' id='word_1_762' title='bbox 2228 5267 2466 5324; x_wconf 89' lang='lat' dir='ltr'>Carolus</span> <span class='ocrx_word' id='word_1_763' title='bbox 2498 5284 2558 5322; x_wconf 89' lang='lat' dir='ltr'>se</span> <span class='ocrx_word' id='word_1_764' title='bbox 2589 5266 2781 5321; x_wconf 86' lang='lat' dir='ltr'>adhuc</span> <span class='ocrx_word' id='word_1_765' title='bbox 2812 5266 2963 5321; x_wconf 89' lang='lat' dir='ltr'>inter</span> <span class='ocrx_word' id='word_1_766' title='bbox 2992 5263 3484 5319; x_wconf 88' lang='lat' dir='ltr'>adversariorium</span> <span class='ocrx_word' id='word_1_767' title='bbox 3509 5260 3697 5316; x_wconf 81' lang='lat' dir='ltr'>medio</span> 
     </span>
    </p>
   </div>
   <div class='ocr_carea' id='block_1_115' title="bbox 2048 5350 3698 5431">
    <p class='ocr_par' dir='ltr' id='par_1_115' title="bbox 2048 5350 3698 5431">
     <span class='ocr_line' id='line_1_116' title="bbox 2048 5350 3698 5431; baseline -0.007 -17"><span class='ocrx_word' id='word_1_768' title='bbox 2048 5357 2471 5431; x_wconf 87' lang='lat' dir='ltr'>positum,binc</span> <span class='ocrx_word' id='word_1_769' title='bbox 2488 5355 3022 5428; x_wconf 85' lang='lat' dir='ltr'>scilicetHugonem</span> <span class='ocrx_word' id='word_1_770' title='bbox 3036 5355 3161 5426; x_wconf 90' lang='lat' dir='ltr'>jam</span> <span class='ocrx_word' id='word_1_771' title='bbox 3177 5352 3312 5408; x_wconf 90' lang='lat' dir='ltr'>dicti</span> <span class='ocrx_word' id='word_1_772' title='bbox 3330 5350 3606 5406; x_wconf 81' lang='lat' dir='ltr'>Rodberti</span> <span class='ocrx_word' id='word_1_773' title='bbox 3622 5365 3698 5403; x_wconf 89' lang='lat' dir='ltr'>re-</span> 
     </span>
    </p>
   </div>
   <div class='ocr_carea' id='block_1_116' title="bbox 2048 5437 3691 5520">
    <p class='ocr_par' dir='ltr' id='par_1_116' title="bbox 2048 5437 3691 5520">
     <span class='ocr_line' id='line_1_117' title="bbox 2048 5437 3691 5520; baseline -0.005 -19"><span class='ocrx_word' id='word_1_774' title='bbox 2048 5444 3203 5520; x_wconf 80' lang='lat' dir='ltr'>gistilium,illincHeribertum,ejusdem</span> <span class='ocrx_word' id='word_1_775' title='bbox 3223 5456 3504 5515; x_wconf 87' lang='lat' dir='ltr'>generum</span> <span class='ocrx_word' id='word_1_776' title='bbox 3519 5437 3691 5512; x_wconf 77' lang='lat' dir='ltr'>(1H);</span> 
     </span>
    </p>
   </div>
   <div class='ocr_carea' id='block_1_117' title="bbox 2050 5583 3697 5671">
    <p class='ocr_par' dir='ltr' id='par_1_117' title="bbox 2050 5583 3697 5671">
     <span class='ocr_line' id='line_1_118' title="bbox 2050 5583 3697 5671; baseline -0.007 -25"><span class='ocrx_word' id='word_1_777' title='bbox 2050 5589 2319 5671; x_wconf 78' lang='lat' dir='ltr'>sequenti</span> <span class='ocrx_word' id='word_1_778' title='bbox 2351 5587 2604 5661; x_wconf 89' lang='lat' dir='ltr'>capitulo</span> <span class='ocrx_word' id='word_1_779' title='bbox 2641 5586 3195 5671; x_wconf 49' lang='lat' dir='ltr'>sermo‘habebitur,</span> <span class='ocrx_word' id='word_1_780' title='bbox 3221 5583 3697 5671; x_wconf 47' lang='lat' dir='ltr'>ltpdbertusve‘rp</span> 
     </span>
    </p>
   </div>
   <div class='ocr_carea' id='block_1_118' title="bbox 2050 5651 3702 5792">
    <p class='ocr_par' dir='ltr' id='par_1_118' title="bbox 2050 5651 3702 5792">
     <span class='ocr_line' id='line_1_119' title="bbox 2050 5651 3702 5735; baseline -0.007 -18"><span class='ocrx_word' id='word_1_781' title='bbox 2050 5651 2233 5717; x_wconf 77' lang='lat' dir='ltr'>alium</span> <span class='ocrx_word' id='word_1_782' title='bbox 2267 5651 2498 5735; x_wconf 74' lang='lat' dir='ltr'>quoque</span> <span class='ocrx_word' id='word_1_783' title='bbox 2531 5676 2810 5733; x_wconf 87' lang='lat' dir='ltr'>generum</span> <span class='ocrx_word' id='word_1_784' title='bbox 2843 5658 3049 5715; x_wconf 89' lang='lat' dir='ltr'>habuit</span> <span class='ocrx_word' id='word_1_785' title='bbox 3079 5655 3393 5714; x_wconf 79' lang='lat' dir='ltr'>Radulfum</span> <span class='ocrx_word' id='word_1_786' title='bbox 3412 5653 3517 5728; x_wconf 89' lang='lat' dir='ltr'>qui</span> <span class='ocrx_word' id='word_1_787' title='bbox 3546 5653 3606 5709; x_wconf 91' lang='lat' dir='ltr'>in</span> <span class='ocrx_word' id='word_1_788' title='bbox 3626 5651 3702 5707; x_wconf 88' lang='lat' dir='ltr'>lo-</span> 
     </span>
     <span class='ocr_line' id='line_1_120' title="bbox 2050 5731 3030 5792; baseline -0.004 0"><span class='ocrx_word' id='word_1_789' title='bbox 2050 5749 2188 5792; x_wconf 86' lang='lat' dir='ltr'>cum</span> <span class='ocrx_word' id='word_1_790' title='bbox 2220 5733 2405 5791; x_wconf 87' lang='lat' dir='ltr'>soceri</span> <span class='ocrx_word' id='word_1_791' title='bbox 2435 5732 2696 5791; x_wconf 82' lang='lat' dir='ltr'>defuncti</span> <span class='ocrx_word' id='word_1_792' title='bbox 2726 5731 3030 5790; x_wconf 88' lang='lat' dir='ltr'>successit.</span> 
     </span>
    </p>
   </div>
  </div>
