1941 3256
83 271 163 314 1.251

84 344 251 375 cavensque
268 347 303 366 ne
319 338 458 367 irruerint
472 347 561 375 super
576 347 643 367 eum
651 348 719 367 cum
730 339 921 368 multitudine

83 382 226 418 hostium,
244 391 379 411 reversus
395 385 439 412 est
452 392 518 411 cum
535 383 608 417 suis,
626 384 703 412 unde
726 386 853 419 venerat,
885 384 913 412 in

86 427 214 455 Lotharii
229 436 364 464 regnum.

244 495 337 522 LXXI.
354 496 391 523 De
402 495 555 523 inclusiane
566 497 637 530 regis
651 495 753 523 Caroli.

114 561 166 589 His
182 562 223 589 ita
239 562 372 598 patratis,
384 562 541 598 praedictus
553 563 734 595 Ileribertus,
747 562 826 590 omni
837 562 916 590 dolo-

80 606 165 634 sitate
178 606 292 643 plenus,
308 609 374 643 post
396 616 494 644 regem
522 607 658 635 Carolum
689 607 809 635 nuntios
835 606 916 634 misit

79 651 178 679 verbis
192 651 323 687 paciﬁcis
338 652 368 678 in
383 652 460 686 dolo,
477 652 577 679 dicens
589 661 620 680 se
636 651 814 679 omnimodis
823 651 915 687 pceni~

79 697 139 724 tere
157 696 235 732 quod
251 698 352 724 contra
367 705 434 724 eum
451 699 574 724 conatus
591 696 696 724 fuisset
707 705 792 732 agere
805 705 812 730 ;
825 696 912 730 unde,

78 740 101 767 si
121 743 324 774 reverteretur,
342 741 477 777 promisit
493 741 517 769 ei
532 749 655 777 regnum
672 741 850 768 Francorum
863 749 914 777 per

79 785 179 813 omnia
204 786 374 822 subjugare.
407 786 487 818 Quod
519 786 642 813 audiens
672 785 802 817 Carolus,
829 785 913 813 laetus

76 830 197 857 eil'ectus
214 839 307 866 usque
323 830 417 858 sancti
431 830 560 862 Quintini
579 832 720 862 castrum,
736 829 911 857 Vermandis

78 876 124 901 est
140 883 284 902 reversus.
301 874 352 902 Cui
364 883 504 902 occurens
520 873 612 901 isdem
627 874 807 905 Heribertus,
820 874 910 901 intro-

77 919 163 946 duxit
179 928 246 947 eum
263 919 291 946 in
309 919 445 946 eumdem
462 920 602 951 castrum,
625 918 855 954 praeparavitque
885 918 910 945 ei

74 962 245 990 convivium
257 963 328 990 satis
344 962 554 990 lautissimum.
577 963 664 989 Facta
692 965 790 989 autem
816 965 911 996 nocte,

71 1016 145 1034 cum
163 1015 265 1035 omnes
279 1007 345 1034 vino
362 1006 467 1042 sepulti
479 1007 672 1042 quiescerent,
683 1006 820 1042 prmcepit
831 1006 911 1034 Heri-

70 1051 179 1079 bertus
195 1051 257 1078 suis
274 1052 315 1085 ut,
332 1051 484 1084 abeuntes,
501 1051 600 1078 omnia
615 1060 715 1078 eorum
728 1059 810 1078 arma
824 1052 908 1078 tolle-

70 1097 152 1128 rent,
170 1103 216 1129 ne,
235 1095 263 1122 in
280 1095 355 1123 facto
372 1095 449 1131 quod
467 1096 560 1123 facere
582 1095 738 1131 cogitabat,
767 1095 909 1123 haberent

74 1139 155 1167 unde
170 1140 306 1167 resistere
322 1142 453 1176 possent.
471 1140 538 1167 Orto
555 1140 644 1175 igitur
661 1139 732 1171 sole,
762 1139 907 1175 accipiens

72 1192 185 1220 regem,
202 1184 322 1211 tradidit
338 1184 488 1212 custodire.
511 1184 617 1211 Milites
631 1186 740 1217 autem,
762 1193 840 1215 cum,
871 1184 905 1211 ad

71 1237 156 1256 arma
168 1229 380 1264 confugientes,
398 1237 455 1255 non
474 1228 644 1264 reperirent,
663 1228 698 1255 ad
715 1228 834 1263 propria
855 1228 906 1254 d0-

73 1273 170 1301 Ientes
187 1272 428 1309 repairiaverunt.
445 1272 614 1300 Heribertus
636 1275 732 1300 autem
762 1272 907 1308 accipiens

75 1317 226 1352 Carolum,
237 1317 319 1345 duxit
328 1317 356 1344 in
364 1320 492 1345 castrum
502 1317 579 1353 quod
590 1317 698 1344 dicitur
709 1316 907 1344 ParonaScot-

73 1364 192 1397 torum;
208 1364 328 1398 eratque
344 1362 382 1389 ibi
400 1362 455 1389 sub
472 1361 606 1389 custodia
621 1361 739 1388 clausus
755 1369 848 1396 usque
870 1360 906 1388 ad

72 1407 151 1435 diem
168 1406 272 1435 mortis
288 1407 362 1442 ejus.
380 1406 456 1434 Uxor
469 1414 534 1434 vero
550 1406 624 1441 ejus,
647 1405 756 1442 regina,
788 1405 907 1433 nomine

71 1451 195 1488 Odgiva,
211 1459 316 1488 genere
332 1450 541 1484 transmarina,
573 1458 640 1477 cum
664 1452 693 1477 et
708 1450 772 1485 ipsa
797 1449 906 1477 multas

71 1494 273 1523 insecutiones
289 1494 394 1522 fuisset
409 1495 464 1522 sub
481 1494 535 1521 hoc
551 1496 682 1529 tempore
698 1502 794 1529 passa,
812 1493 905 1521 ﬁlium

72 1548 175 1573 suum,
193 1539 373 1567 Ludovicum
389 1548 523 1575 puerum,
541 1539 576 1566 ad
588 1538 695 1575 Anglos
711 1538 815 1565 direxit
826 1540 907 1565 tuen-

73 1584 144 1612 dum
158 1593 166 1618 ;
186 1592 254 1612 nam
268 1586 297 1611 et
308 1584 405 1620 ipsum
418 1584 586 1619 qurerebant
598 1583 841 1610 interficiendum.
855 1583 906 1610 Re-

72 1637 138 1666 gem
149 1628 241 1666 igitur
248 1637 337 1665 super
343 1637 373 1656 se
381 1628 482 1656 Franci
493 1630 627 1656 statuunt
637 1627 794 1655 Rodulfum
805 1636 905 1663 quem-

71 1674 140 1702 dam
156 1676 240 1710 patre
257 1673 391 1706 Ricardo,
408 1681 513 1709 genere
528 1673 723 1700 Alvernicum.
750 1672 810 1700 Sub
840 1672 904 1707 ejus

70 1707 205 1755 tempore
219 1718 397 1754 Stephanus,
410 1707 607 1745 7I‘arvanensis
627 1717 760 1745 Ecclesia:
789 1717 899 1752 episco-
917 1707 937 1740 C

70 1772 136 1799 pus,
153 1762 280 1792 decessit
297 1771 313 1790 a
329 1762 453 1796 saeculo;
472 1763 517 1790 cui
534 1762 561 1789 in
579 1762 748 1798 episcopatu
759 1761 903 1789 successit

70 1807 432 1843 Wicfridus,hujusnostri
439 1807 607 1834 monasterii
615 1806 708 1833 Sithiu
717 1806 900 1842 praepositus,

71 1861 147 1880 anno
164 1852 378 1880 incarnationis
390 1851 546 1879 Dominicae
552 1852 614 1884 755,
622 1860 661 1878 xu
671 1850 814 1878 Kalendas
820 1850 901 1883 Julii,

72 1897 106 1925 ab
121 1896 244 1925 Artaldo
261 1896 468 1932 archiprresule
493 1897 689 1923 consecratus.
723 1894 770 1922 liis
800 1894 903 1922 diebus

71 1941 266 1974 Nordmanni,
275 1941 457 1977 aRotomago
465 1940 585 1968 collecta
592 1939 779 1967 multitudine
786 1938 903 1966 navium

72 1986 316 2021 circumjacentia
332 1985 421 2013 maris
437 1985 536 2012 littora
544 1984 744 2011 devastabant.
756 1983 836 2015 Quod
853 1991 904 2009 au-

74 2031 157 2059 diens
177 2030 321 2058 Hodulfus
328 2039 387 2064 rex,
396 2032 570 2065 congregato
580 2030 756 2056 Francorum
767 2027 904 2061 exercitu,

74 2077 178 2103 contra
192 2074 247 2102 hos
262 2075 290 2102 in
307 2074 762 2111 pagoTarvanensepugnaturus
772 2071 905 2099 accessit.

75 2120 197 2156 Cognito
213 2120 279 2153 hoc,
296 2118 476 2148 Nordmanni
493 2119 632 2154 captivos,
650 2126 723 2153 quos
735 2118 770 2144 de
786 2116 907 2144 diversis

75 2164 147 2193 locis
163 2166 364 2200 sumpserant,
377 2163 565 2200 jugularunt.
583 2161 723 2189 [lodulfus
734 2164 832 2189 autem
848 2169 907 2193 rex,

75 2208 104 2236 in
112 2211 214 2237 monte
221 2208 270 2245 qui
279 2207 550 2243 diciturFalcoberg
557 2208 705 2235 insecutus
712 2205 908 2242 eos,prmlium

76 2253 236 2287 commisit,
256 2253 422 2289 fugatisque
429 2252 481 2286 eis,
488 2252 640 2280 victoriam
650 2254 693 2279 est
700 2251 832 2287 adeptus,
841 2250 909 2278 licet

77 2306 143 2326 cum
160 2306 285 2326 suorum
301 2297 429 2325 maximo
445 2296 608 2333 dispendio.

222 2364 331 2392 LXVII.
348 2364 385 2392 De
398 2363 515 2392 adventu
528 2363 658 2392 Ludovici
672 2363 755 2398 regis.

112 2432 201 2468 (929.)
216 2432 299 2459 Anno
329 2432 396 2467 post
422 2430 484 2459 haec
509 2429 723 2457 incarnationis
750 2428 907 2457 Dominicze

76 2476 139 2511 929,
156 2474 280 2504 Carolus
295 2484 345 2503 rex
360 2475 390 2503 in
407 2475 519 2503 Parona
534 2476 641 2508 castro,
657 2473 687 2501 in
703 2473 836 2502 custodia
851 2482 910 2509 qua

74 2512 191 2549 missus
206 2520 312 2555 fuerat,
330 2520 402 2548 obiit
411 2528 439 2548 v1
455 2518 749 2553 KalendasOctobris,
762 2518 909 2555 sepultus-

78 2574 134 2602 que
150 2568 198 2594 est
213 2565 242 2593 in
257 2564 437 2593 monasterio
453 2564 547 2592 sancti
573 2563 684 2591 Fursei.
715 2563 793 2591 Obiit
821 2563 909 2591 etiam

79 2612 145 2647 post
159 2610 222 2638 haec
237 2609 381 2638 Rodult‘us
397 2617 447 2637 rex
461 2608 546 2644 (H2).
564 2608 625 2640 Quo
643 2608 792 2641 defuncto,
808 2607 910 2635 Franci

78 2658 246 2683 transmare
260 2656 380 2691 propter
394 2654 572 2681 Ludovicum
588 2651 730 2689 dirigunt,
751 2654 783 2680 ut
798 2661 865 2680 cum
881 2652 911 2679 in

79 2703 201 2736 paterno
217 2699 291 2728 solio
306 2699 336 2726 in
352 2707 474 2735 regnum
491 2697 686 2725 sublimarent
705 2697 884 2724 Francorum
901 2706 908 2731 ;

78 2744 195 2781 ipsique
206 2744 385 2772 Francorum
395 2751 528 2780 proceres
537 2742 765 2779 episcopiqueet
775 2742 908 2776 comites,

79 2787 242 2817 Bononiam
253 2796 348 2824 usque
354 2787 512 2822 civitatem,
524 2795 592 2815 cum
607 2786 735 2815 maximo
751 2786 860 2814 honore
869 2794 912 2814 re-

79 2840 144 2868 gem
157 2832 326 2869 suscepturi
341 2832 457 2860 obviam
471 2833 619 2868 pergunt;
647 2830 725 2859 inter
749 2839 824 2867 quos
849 2832 911 2859 erat

113 2921 190 2964 (112)
205 2921 284 2952 Obiit
298 2921 443 2951 Rodulfus
459 2929 535 2950 anno
550 2921 614 2957 936,
631 2928 733 2950 mense
743 2919 809 2951 Jan.

241 2986 378 3021 Punon.
400 2975 563 3019 CXXXVI.

781 273 993 314 CHIARTULA
998 273 1111 305 RIUM.

927 321 963 374 Ἀ
979 340 1072 377 Hugo,
1103 341 1162 369 dux
1191 341 1369 369 Francorum
1393 341 1522 376 inclitus,
1565 326 1805 380 Heribertusique,

1727 275 1807 319 isse

973 385 1110 421 deceptor
1122 385 1422 419 fraudulentissimus,
1430 388 1458 414 et
1464 385 1616 414 Adalolfus
1627 386 1805 416 marchisus.

972 429 1172 466 Suscipientes
1189 430 1287 458 rehem
1303 430 1438 467 Lugduni
1459 430 1584 465 civitate,
1601 439 1668 459 cum
1696 430 1807 460 honore

973 474 1102 501 maximo
1120 474 1279 508 deducunt,
1296 474 1394 510 ibique
1408 482 1477 502 eum
1492 475 1521 503 in
1537 483 1636 511 regem
1652 475 1767 504 elevant
1777 477 1807 504 et

975 520 1099 554 ungunt.
1118 518 1171 551 Qui
1181 519 1372 547 conﬁrmatus
1385 519 1414 546 in
1431 527 1531 556 regno,
1549 519 1743 554 Heribertum,
1756 528 1806 557 pa-

974 563 1027 590 tris
1043 563 1088 590 sui
1105 563 1287 598 traditorem,
1304 566 1332 591 et
1346 566 1496 597 tortorem,
1513 572 1545 592 se
1573 571 1694 601 quoque
1718 565 1804 602 parili

973 608 1061 635 modo
1077 608 1209 644 decipere
1226 607 1401 644 cupientem,
1418 609 1476 636 Deo
1493 608 1534 636 illi
1547 609 1666 645 dignam
1692 617 1744 645 pro
1760 609 1803 639 fa-

971 652 1025 679 ctis
1041 653 1310 689 compensationem
1327 653 1475 687 reddente,
1489 652 1538 681 tali
1551 653 1664 689 punivit
1679 654 1800 683 ultione.

969 696 1125 724 Notaverat
1141 697 1233 725 isdem
1241 697 1411 725 Heribertus
1427 698 1504 725 diem
1512 705 1569 734 quo
1577 705 1626 726 rex
1636 698 1800 726 Ludovicus

968 744 1105 769 venatum
1122 742 1163 769 ire
1179 742 1296 769 deberet
1310 751 1316 775 ;
1333 742 1579 779 percogitavitque
1590 742 1743 779 ingenium
1756 744 1800 777 ut,

969 786 1086 821 quando
1104 786 1165 822 ipse
1182 795 1249 813 cum
1267 794 1333 822 rege
1356 786 1506 814 venatorio
1531 787 1681 815 insisteret
1706 787 1796 821 lusui,

967 830 1076 857 fabulis
1092 830 1155 857 suis
1172 830 1313 865 illectum,
1331 830 1431 866 procul
1447 831 1656 859 avenatoribus
1667 831 1800 868 sejunge-

968 875 1010 900 ret
1027 882 1134 909 regem,
1152 882 1278 909 moxque
1294 873 1434 910 ligamine
1447 874 1590 907 vinctum,
1616 874 1798 903 crudelitatis

968 926 1026 944 suae
1044 920 1189 945 exerceret
1206 920 1313 945 actum.
1331 918 1390 945 Hoc
1419 920 1517 946 autem
1543 918 1710 954 consilium,
1740 922 1798 948 Deo

968 962 1135 997 miserante,
1152 971 1208 989 non
1223 962 1318 998 potuit
1332 962 1491 996 latere,sed
1507 963 1567 999 regi
1580 963 1799 993 nuntiatumest

967 1006 1003 1033 ab
1019 1015 1078 1034 uno
1085 1007 1189 1034 borum
1197 1006 1247 1042 qui
1255 1006 1322 1034 huic
1329 1006 1450 1035 consilio
1457 1007 1631 1036 videbantur
1638 1008 1792 1038 interesse.

965 1050 1096 1086 Cumque
1112 1050 1157 1078 die
1174 1053 1295 1084 statuto,
1314 1051 1348 1079 ad
1370 1051 1553 1080 venationem
1578 1052 1715 1087 exissent,
1730 1061 1796 1090 par-

964 1097 1023 1122 tem
1040 1095 1169 1131 aliquam
1182 1095 1310 1123 militum
1325 1103 1373 1123 rex
1389 1096 1418 1123 in
1435 1095 1532 1124 oculto
1555 1097 1729 1126 insidiarum
1744 1105 1795 1134 po-

963 1140 1023 1166 suit
1036 1139 1108 1173 loco,
1127 1140 1193 1167 dato
1211 1139 1269 1167 illis
1284 1140 1458 1176 cognitionis
1469 1140 1562 1177 signo,
1580 1141 1657 1178 quod
1673 1142 1795 1171 audien-

963 1186 1016 1216 tes,
1034 1184 1355 1212 advolaronteontinuo.
1365 1185 1466 1222 Igitur,
1479 1185 1675 1222 cumiutrique
1683 1193 1794 1215 sermo-

964 1228 1096 1256 cinantes
1113 1228 1291 1264 incederent,
1306 1238 1354 1256 rex
1366 1229 1476 1257 scilicet
1486 1229 1700 1267 insidiatorque
1709 1239 1791 1266 suus,

963 1272 1184 1308 apprehendens
1201 1282 1267 1301 eum
1285 1282 1344 1307 rex,
1368 1273 1452 1309 quasi
1475 1274 1661 1311 amplexandi
1685 1276 1791 1314 gratia,

963 1317 1107 1344 abstraxit
1121 1317 1271 1345 vinculum
1297 1318 1367 1346 sctis
1397 1321 1573 1354 contortum,
1599 1319 1677 1347 sellis
1700 1319 1792 1354 illius,

962 1369 1022 1388 suae
1038 1361 1216 1398 alligationis
1232 1370 1330 1396 causa,
1347 1362 1501 1399 alligatum
1515 1371 1521 1397 ;
1545 1370 1681 1399 moxque,
1707 1364 1792 1401 signo

962 1405 1040 1438 dato,
1058 1406 1171 1433 insidia:
1187 1409 1376 1434 surrexerunt
1389 1407 1425 1434 de
1439 1406 1511 1435 loco.
1528 1407 1712 1445 Captumque
1735 1408 1790 1437 He-

961 1450 1103 1477 ribertum
1121 1450 1280 1487 interrogat
1292 1459 1351 1484 rex,
1375 1450 1446 1487 quid
1475 1451 1531 1479 sibi
1559 1450 1646 1480 vellet
1673 1452 1791 1481 vinculo

962 1495 1039 1530 quod
1057 1494 1133 1522 sellae
1149 1488 1268 1531 gerebat
1283 1495 1368 1523 affixo
1386 1504 1392 1529 ;
1417 1504 1542 1532 moxque
1567 1497 1719 1526 confessus
1747 1499 1792 1526 est

962 1548 1025 1575 qua:
1043 1539 1181 1567 adversus
1197 1539 1333 1567 eumdem
1350 1540 1536 1570 machinatus
1551 1543 1613 1570 erat
1623 1543 1710 1571 corde
1725 1550 1789 1579 per-

960 1591 1052 1611 verso.
1079 1584 1217 1620 Przecepit
1232 1587 1329 1612 autem
1359 1592 1418 1619 rex,
1449 1587 1477 1614 et
1504 1586 1790 1623 comprehenderunt

960 1637 1038 1661 eum,
1055 1630 1083 1656 et
1098 1628 1127 1655 iu
1144 1629 1246 1657 arbore
1262 1629 1367 1662 vicina,
1384 1630 1439 1657 sub
1456 1630 1558 1659 ascilla
1572 1630 1696 1668 ligatum
1722 1640 1788 1662 sus-

959 1673 1133 1708 penderunt.
1151 1673 1272 1709 Cunque
1292 1674 1388 1701 adhuc
1417 1674 1573 1712 palpitaret
1601 1676 1732 1715 pendens
1756 1677 1786 1706 in

957 1717 1069 1751 arbore,
1082 1717 1173 1752 jussit
1188 1726 1237 1745 rex
1253 1726 1310 1753 quo
1327 1719 1599 1755 pendebat(funem)
1610 1719 1749 1755 incidere,
1759 1723 1788 1749 et

957 1761 1006 1788 Dei
1024 1761 1101 1788 hunc
1117 1762 1253 1797 potestati
1270 1762 1461 1796 committere,
1475 1763 1499 1790 si
1530 1763 1619 1799 hujus
1648 1761 1704 1792 sub
1730 1757 1784 1793 hoc

958 1814 1026 1833 casu
1042 1806 1126 1833 vellet
1140 1805 1230 1833 vitam
1246 1814 1369 1834 servare.
1391 1806 1449 1834 Deo
1479 1809 1577 1835 autem
1603 1807 1646 1835 illi
1670 1809 1784 1844 justam

958 1849 1179 1877 retributionem
1199 1858 1250 1886 pro
1268 1850 1352 1878 factis
1366 1851 1516 1885 reddente,
1545 1859 1612 1879 cum
1642 1851 1784 1882 dimissus

959 1893 1063 1921 fuisset
1074 1902 1107 1921 ex
1119 1894 1231 1928 arbore,
1244 1895 1356 1930 crepuit
1367 1894 1481 1922 medius
1494 1904 1500 1923 :
1514 1897 1575 1923 erat
1587 1896 1665 1924 enim
1681 1898 1787 1925 crassi-

960 1938 1071 1965 tudinis
1078 1937 1185 1966 nimiae.
1196 1937 1318 1974 'I‘alique
1325 1941 1417 1967 morte
1429 1939 1516 1967 ﬁnem
1524 1941 1676 1976 praesentis
1684 1941 1788 1971 habuit

959 1982 1033 2010 vitae.

1105 2072 1221 2100 LXXIII.
1238 2073 1275 2100 De
1289 2075 1375 2101 morte
1389 2074 1522 2103 Balduz'ni
1533 2075 1647 2104 abbatis.

999 2162 1084 2196 (918.)
1102 2161 1263 2190 Balduinus
1277 2162 1401 2200 (Calvus)
1417 2165 1526 2199 autem,
1543 2172 1641 2192 comes
1657 2166 1686 2192 et
1700 2164 1792 2194 abbas

964 2206 1132 2234 monasterii
1144 2206 1250 2241 Sithiu,
1265 2207 1410 2235 ambitum
1427 2208 1539 2236 castelli
1555 2208 1631 2236 circa
1642 2211 1792 2238 monaste-

965 2251 1041 2279 rium
1062 2251 1155 2279 sancti
1184 2251 1292 2279 Bertini
1312 2252 1485 2286 construxit,
1510 2254 1540 2281 et
1553 2261 1605 2290 per
1627 2252 1792 2287 ministeria

964 2296 1128 2332 disposuit;
1142 2298 1171 2323 et
1185 2296 1489 2332 posth&c[utbrevius
1496 2298 1559 2333 ejus
1568 2298 1643 2326 facta
1653 2298 1792 2335 perstrin-

963 2343 1080 2377 guntur,
1097 2340 1163 2377 plus
1174 2340 1296 2369 abstulit
1310 2341 1443 2369 Ecclesiae
1453 2342 1645 2378 quamdedit;
1661 2342 1794 2372 ethacte-

923 2395 947 2428 D
963 2393 1020 2414 nus
1035 2386 1070 2425 de
1085 2385 1192 2413 damno
1203 2393 1220 2413 a
1230 2393 1259 2413 se
1269 2387 1433 2422 perpetrato
1445 2385 1571 2416 sentient
1579 2387 1715 2416 monachi
1724 2396 1794 2425 prie-

963 2432 1059 2458 sentes
1075 2431 1104 2458 et
1119 2429 1220 2457 futuri.
1234 2429 1393 2466 Postquam
1405 2432 1503 2459 autem
1525 2431 1610 2460 annis
1634 2432 1735 2460 decem
1763 2434 1792 2472 ot

964 2476 1075 2511 septem
1092 2473 1154 2502 solo
1174 2474 1293 2502 nomine
1322 2474 1494 2511 praefuisset]
1525 2476 1680 2513 aegrotans,
1711 2476 1794 2513 obiit,

966 2526 1042 2547 anno
1057 2517 1144 2546 Verbi
1155 2519 1371 2553 incaruati918,
1386 2528 1414 2547 Iv
1424 2519 1494 2548 Idus
1503 2520 1695 2557 Septembris.
1707 2516 1795 2550 Cuni-

965 2571 1022 2599 que
1037 2570 1144 2599 corpus
1159 2563 1223 2598 ejus
1238 2571 1307 2599 pars
1322 2562 1423 2599 aliqua
1438 2564 1567 2592 militum
1582 2564 1613 2593 in
1628 2564 1725 2594 Sithiu
1737 2566 1798 2595 mo-

966 2607 1103 2641 nasterio,
1114 2607 1199 2642 juxta
1214 2610 1327 2643 patrem
1343 2616 1430 2636 suum
1445 2608 1635 2645 [Balduinum
1657 2610 1797 2648 Ferreun]

964 2651 1072 2680 vellent
1086 2651 1243 2686 tumulare,
1260 2660 1332 2680 uxor
1347 2653 1427 2693 ejus,»
1441 2654 1561 2682 nomine
1576 2650 1730 2691 Elftrudis‘,
1745 2664 1797 2684 cu-

964 2697 1048 2733 piens
1064 2705 1131 2724 cum
1144 2696 1194 2724 illo
1209 2697 1319 2733 pariter
1334 2697 1363 2725 in
1381 2705 1439 2725 uno
1450 2697 1593 2727 cimiterio
1604 2699 1796 2735 concinerari,

965 2741 1113 2774 Gandavo,
1130 2741 1160 2768 in
1174 2741 1352 2770 monasterio
1368 2741 1534 2778 Blandinio,
1550 2743 1619 2772 fecit
1643 2744 1796 2773 tumulari.

965 2786 1097 2814 Necdum
1117 2786 1196 2814 enim
1224 2785 1338 2814 licitum
1361 2788 1424 2815 erat
1452 2787 1591 2825 cuiquam
1619 2789 1797 2818 feminarum

966 2830 1060 2859 sancti
1075 2830 1183 2859 Bertini
1198 2830 1312 2868 ingredi
1322 2832 1545 2868 monasterium,
1561 2826 1703 2871 nefasque
1714 2834 1798 2869 puta-

1602 2981 1645 3017 ιο
