3882 6438
327 402 523 512 Ϊιρὲθ

1437 448 1809 522 FOLOUINI
1854 449 1921 510 S.
1966 445 2288 508 BEltTINI
2332 445 2710 510 MONACHI.

3625 443 3790 507 1260

361 583 535 641 batur
560 582 612 642 si
641 581 731 640 vel
777 581 1030 640 ecclesiae
1088 581 1286 655 aliqua
1344 583 1546 638 furtim
1605 583 1998 640 subintrasset
2023 579 2082 648 Α
2115 579 2346 637 LXXVI.
2383 583 2456 638 De
2499 583 2746 653 ingressu
2775 580 3113 652 feminarum
3170 579 3230 634 in
3282 575 3379 634 hoc
3426 580 3782 641 monasterio.

341 669 571 729 atrium
597 673 765 745 (H3).

428 761 727 818 Marcham
758 778 892 818 vero
923 762 1054 834 ejus
1085 761 1190 817 lilii
1223 762 1354 833 ejus
1385 762 1538 818 inter
1561 779 1622 818 se
1671 762 2018 834 diviserunt,

334 844 344 925 ξ
369 855 428 907 et
474 849 780 918 Arnulfus,
837 850 938 922 qui
998 851 1189 923 major
1245 855 1387 906 natu
1445 854 1586 920 erat,
1643 851 2017 919 Flandriam;

355 935 662 996 Adalolfus
693 955 829 994 vero
879 939 1170 995 civitatem
1229 939 1550 996 Bononiam
1607 944 1665 996 et
1723 940 2020 1014 regionem

360 1027 810 1097 Taruennicam,
857 1029 1192 1102 pariterque
1241 1029 1426 1085 sancti
1484 1029 1702 1084 Bertini
1762 1029 2023 1102 suscepit

361 1115 685 1174 abbatiam.
719 1116 902 1189 anus
935 1135 1216 1187 amorem,
1251 1122 1540 1190 quantum
1563 1117 1718 1172 circa
1747 1119 2020 1173 eumdem

365 1205 562 1262 locum
595 1205 1138 1275 habuit,testantur
1163 1207 1262 1277 qui
1296 1206 1488 1262 adhuc
1519 1211 1856 1280 supersunt,
1919 1205 2021 1278 qui

367 1309 502 1350 eum
531 1293 644 1347 ﬁne
672 1297 845 1349 tenus
874 1299 1289 1364 cognoverunt.

468 1380 699 1437 LXXIV.
733 1385 820 1437 De
851 1383 1149 1439 elevatione
1176 1386 1350 1438 sancti
1381 1385 1640 1455 Folquinz'
1665 1386 1920 1456 episcopi.

445 1471 621 1542 (928.)
659 1473 823 1526 Anno
855 1475 990 1542 post
1019 1471 1141 1526 haec
1171 1475 1296 1538 928,
1349 1472 1697 1529 felicissimm
1757 1473 2022 1529 incarna-

377 1559 556 1616 tionis
573 1559 717 1615 Jesu
748 1558 962 1616 Christi
994 1561 1224 1615 Domini
1256 1561 1464 1629 nostri,
1522 1566 1782 1634 tempore
1835 1562 2023 1618 Caroli

367 1647 638 1714 reclausi,
668 1647 983 1704 indictione
1017 1666 1053 1716 ι,
1091 1666 1259 1705 meus
1291 1651 1392 1722 qui
1415 1651 1525 1706 hoc
1584 1651 1777 1722 ipsum
1833 1653 2025 1708 scribo

365 1742 550 1810 pater,
584 1735 906 1810 Folquinus
938 1738 1193 1806 nomine,
1229 1756 1363 1794 cum
1387 1739 1565 1794 fratre
1583 1756 1712 1806 suo,
1741 1745 2024 1812 apparatu

364 1844 478 1899 que
507 1829 798 1900 poterant,
839 1827 913 1883 de
960 1843 1138 1900 regno
1198 1828 1454 1884 Lotharii
1514 1828 1628 1884 huc
1688 1829 2026 1898 adveniunt,

353 1906 555 1973 'sancti
581 1915 850 1988 Folquini
881 1932 1113 1988 corpus,
1175 1919 1331 1989 quod
1390 1935 1456 1974 eo
1518 1935 1705 1990 usque
1757 1922 2025 1990 tempore

364 2010 520 2063 terra
546 2005 867 2080 tegebatur,
899 2005 1090 2062 levare
1116 2007 1436 2078 cupientes.
1471 2008 1645 2063 Erant
1682 2007 1839 2063 enim
1871 2007 2022 2063 utri-

368 2112 483 2168 que
514 2095 777 2167 ejusdem
801 2093 956 2150 beati
986 2095 1093 2150 viri
1126 2095 1343 2151 carnali
1366 2095 1874 2170 consanguinitate
1895 2115 2023 2169 pro-

367 2183 530 2240 ximi.
562 2182 859 2239 Postulata
879 2184 1054 2239 etiam
1088 2201 1122 2239 a
1180 2185 1454 2257 praedicto
1479 2186 1689 2242 comite
1731 2191 1786 2241 et
1815 2187 2024 2243 abbate

364 2271 687 2346 Adalolpho
719 2271 972 2340 licentia,
1003 2276 1242 2328 ventum
1270 2278 1358 2330 est
1390 2275 1462 2330 ad
1493 2274 1679 2330 sancti
1728 2275 1834 2330 viri
1867 2280 2022 2332 tum-

366 2362 503 2418 bam
533 2377 667 2418 cum
701 2361 884 2418 cereis
915 2365 972 2416 et
1000 2361 1478 2418 thimiamateriis
1528 2367 1584 2419 et
1635 2363 1812 2419 choro
1866 2365 2022 2435 psal-

362 2450 632 2518 lentium,
657 2449 1147 2523 elevavernntque
1190 2468 1401 2524 corpus
1431 2451 1627 2507 idibus
1659 2453 2021 2520 Novembris,

363 2539 508 2598 feria
533 2558 590 2613 ν,
617 2540 710 2597 die
741 2539 1154 2610 illucescente;
1186 2545 1776 2614 praeparaveruntque
1815 2559 2023 2615 supra-

363 2626 504 2684 dicti
535 2627 911 2684 refectionem
942 2628 1243 2697 fratribus,
1278 2633 1455 2701 prout
1483 2633 1768 2701 poterant,
1820 2631 2024 2687 vinum

366 2734 625 2790 namque
653 2721 710 2772 et
738 2717 940 2773 omnia
969 2717 1042 2772 ad
1074 2717 1292 2773 victum
1340 2719 1669 2774 necessaria
1723 2719 2024 2777 venientes

367 2822 568 2864 secum
599 2804 949 2861 detulerant.
1001 2806 1224 2871 Quibus
1255 2806 1528 2878 peractis,
1573 2809 1898 2878 gaudentes
1951 2811 2024 2866 ad

369 2894 607 2968 propria
635 2897 776 2948 sunt
802 2893 1014 2949 reversi
1043 2911 1056 2960 ;
1088 2898 1254 2950 erant
1281 2899 1498 2964 autem,
1531 2895 1718 2951 isdem
1757 2897 2026 2955 videlicet

373 2981 698 3053 Folquinus
731 2983 787 3036 et
817 2981 1190 3052 Regenwala,
1224 2983 1402 3037 frater
1432 3000 1598 3050 suus,
1623 2983 1735 3040 aelii
1767 2985 2023 3058 0dwini,

375 3070 481 3126 filii
513 3068 754 3125 alterius
785 3067 1041 3136 0dwini,
1073 3069 1172 3141 qui
1203 3074 1327 3126 erat
1352 3071 1528 3127 frater
1557 3071 1709 3129 beati
1758 3076 2026 3146 praesulis

376 3159 667 3232 Folquini.
684 3158 852 3214 Pater
862 3161 1057 3214 autem
1071 3159 1334 3230 ejusdem
1350 3161 1534 3216 sancti
1563 3162 1819 3236 episcopi
1833 3166 2026 3224 dictus

370 3253 461 3307 est
489 3246 900 3316 Hieronimus;
941 3245 1190 3319 genitrix
1246 3263 1380 3304 vero
1437 3249 1882 3312 Hermentrudis
1938 3260 2028 3313 est

368 3341 591 3398 vocata.

648 3425 863 3481 LXXV.
892 3429 976 3482 De
1005 3433 1178 3482 morte
1205 3426 1497 3499 Adalolphz'
1525 3429 1754 3487 abbatis.

436 3516 585 3589 (933)
615 3515 802 3588 Igitur
831 3519 964 3588 post
992 3513 1113 3570 haec
1141 3514 1524 3588 Adalolphus,
1551 3536 1745 3577 comes
1765 3527 1820 3577 et
1840 3523 2023 3581 abbas

2201 672 2348 743 (938)
2379 671 2570 744 Hujus
2603 675 2802 726 autem
2829 669 3060 726 abbatis
3093 672 3150 724 et
3173 667 3408 724 comitis
3432 667 3660 724 Arnulll
3695 685 3790 724 no-

2129 760 2424 816 bilissima
2458 761 2673 832 conjux
2719 761 2926 828 Adata,
2983 775 3117 814 cum
3176 757 3500 830 sapissime
3557 757 3790 831 magnis

2130 847 2580 905 infirmitatibus
2608 853 2764 905 esset
2795 851 3129 922 aggravata,
3166 846 3497 903 desiderare
3529 846 3703 920 cmpit
3735 846 3790 902 in

2132 937 2240 994 hoc
2259 937 2612 994 monasterio
2631 938 2683 993 ei
2705 936 3001 994 licentiam
3024 935 3297 992 monachi
3319 935 3527 992 darent
3543 935 3786 1005 intrare,

2132 1031 2197 1082 ut
2229 1045 2423 1083 coram
2456 1027 2639 1083 altare
2674 1027 2860 1082 sancti
2884 1025 3124 1092 Bertini,
3157 1041 3261 1097 pro
3293 1024 3480 1080 salute
3512 1025 3788 1097 depreca-

2131 1119 2283 1185 tura,
2311 1115 2512 1172 liceret
2539 1133 2598 1172 se
2629 1119 3016 1188 prosternere.
3049 1115 3238 1186 Hujus
3264 1112 3445 1186 igitur
3472 1113 3556 1169 rei
3587 1130 3788 1182 causa,

2133 1205 2429 1260 advocatis
2453 1204 2890 1260 venerabilibus
2921 1203 3209 1276 episcopis
3233 1202 3539 1269 Wicfrido,
3572 1205 3788 1259 Tarva-

2135 1293 2336 1350 nensis
2366 1293 2633 1349 Ecclesiae
2665 1292 2964 1365 episcopo,
2997 1296 3054 1347 et
3082 1291 3368 1360 Folberto,
3403 1290 3789 1348 Cameracen-

2135 1383 2238 1449 sis,
2269 1382 2588 1438 denudavit
2617 1382 2700 1438 eis
2732 1381 3089 1438 desiderium
3118 1398 3312 1437 suum.
3335 1383 3586 1454 Accepta
3612 1381 3788 1437 etiam

2135 1490 2169 1527 a
2197 1471 2502 1528 monachis
2533 1470 2790 1536 licentia,
2825 1487 2979 1526 anno
3021 1470 3342 1526 nativitatis
3399 1470 3632 1526 Domini
3663 1471 3786 1540 938,

2137 1578 2406 1633 annoque
2435 1579 2469 1614 v
2500 1560 2669 1632 (143.)
2705 1560 2977 1616 Ludovici
3013 1560 3190 1632 regis,
3214 1559 3356 1615 feria
3371 1561 3634 1616 secunda
3656 1560 3790 1617 Pas-

2137 1649 2278 1715 chaa,
2311 1649 2761 1705 introduxerunt
2786 1665 2918 1705 eam
2947 1649 3175 1720 praefati
3207 1648 3463 1721 episcopi
3495 1649 3554 1704 in
3585 1649 3789 1706 eodem

2137 1737 2519 1809 monasterio,
2552 1755 2666 1793 non
2702 1736 2828 1793 sine
2888 1742 3138 1793 tremore
3172 1736 3449 1806 maximo,
3510 1737 3790 1809 quoniam

2137 1827 2245 1882 hoc
2276 1826 2377 1882 illa
2409 1827 2601 1898 prima
2627 1828 2814 1882 facere
2869 1830 3346 1898 praesumpserat,
3403 1828 3559 1898 quod
3623 1832 3792 1882 antea

2137 1915 2471 1988 reginarum
2492 1915 2656 1971 nulla
2677 1916 3089 1987 concupiscere
3109 1914 3193 1971 vel
3216 1916 3487 1972 audebat.
3514 1916 3790 1973 Intrando

2138 2010 2362 2068 autem,
2394 2004 2653 2076 plurima
2684 2005 2821 2061 huic
2879 2003 3003 2060 loco
3037 2007 3381 2060 ornamenta
3436 2004 3709 2073 contulit,
3741 2012 3793 2061 et

2134 2094 2398 2166 quandiu
2429 2094 2595 2160 vixit,
2629 2111 2956 2166 numquam
2989 2094 3203 2149 donare
3235 2093 3499 2149 cessavit.

2208 2183 2268 2238 In
2301 2183 2426 2255 ipso
2458 2199 2691 2255 quoque
2723 2184 2851 2254 ejus
2883 2182 3171 2255 ingressu,
3194 2181 3432 2238 inclitus
3459 2183 3789 2240 marchisus

2131 2270 2433 2340 Arnulfus,
2469 2289 2569 2342 per
2599 2276 2868 2344 rogatum
2895 2271 3161 2343 ejusdem
3211 2289 3330 2328 suae
3366 2273 3790 2330 amantissima

2135 2361 2430 2433 conjugis,
2462 2361 2704 2416 tradidit
2761 2361 2953 2417 eidem
3011 2360 3158 2428 loco,
3195 2361 3266 2416 ad
3324 2379 3471 2418 usus
3521 2362 3789 2431 fratrum,

2136 2450 2347 2505 fiscum
2373 2449 2555 2505 Merki
2588 2466 2720 2506 cum
2751 2449 3027 2506 omnibus
3085 2450 3454 2522 adjacentiis,
3515 2451 3783 2524 ecclesia,

2136 2539 2476 2611 mancipiis,
2499 2539 2781 2605 zedificiis,
2806 2539 2979 2595 terris
3012 2539 3184 2596 cultis
3216 2543 3272 2595 et
3295 2538 3559 2607 incultis,
3583 2542 3788 2613 pratis,

2137 2628 2394 2700 pascuis,
2429 2628 2879 2700 piscationibus,
2913 2619 3275 2685 animalibus
3307 2629 3571 2702 quaesitis
3603 2637 3660 2686 et
3698 2632 3791 2686 in-

2135 2717 2475 2789 quirendis:
2511 2734 2578 2773 ea
2609 2717 2856 2784 ratione,
2889 2722 2976 2787 ut,
3012 2719 3272 2790 quandiu
3297 2718 3794 2792 adviverunt,ipse

2133 2805 2469 2861 videlicetet
2482 2823 2628 2861 uxor
2641 2823 2750 2862 sua
2765 2810 3272 2878 supramemorata
3287 2807 3498 2875 Adata,
3516 2807 3793 2880 filiusque

2133 2909 2334 2949 eorum
2356 2893 2698 2956 Balduinus,
2725 2895 2784 2948 in
2812 2893 3073 2965 suijuris
3105 2894 3365 2950 dominio
3393 2895 3789 2967 possiderent,

2134 2987 2222 3038 est
2239 2981 2490 3055 singulis
2503 2982 2674 3038 annis
2688 2985 2926 3038 centum
2941 2983 3158 3039 solidos
3172 2983 3452 3041 fratribus
3463 3003 3569 3058 pro
3587 2987 3796 3043 eodem

2135 3072 2275 3127 fisco
2312 3070 2744 3143 persolverent;
2777 3075 2909 3143 post
2965 3087 3169 3126 eorum
3201 3088 3336 3127 vero
3393 3074 3465 3129 de
3495 3073 3608 3131 hac
3664 3075 3793 3132 luce

2135 3158 2483 3227 discessum,
2499 3162 2618 3214 tota
2629 3158 2922 3231 possessio
2944 3159 3206 3230 ejusdem
3230 3164 3571 3218 monasterii
3597 3165 3800 3237 subje-

2137 3251 2264 3304 ceat
2294 3247 2518 3303 ditioni.
2547 3246 2728 3311 Quam
2754 3247 3128 3304 traditionem
3157 3265 3289 3305 cum
3313 3252 3625 3320 praestaria
3656 3255 3788 3310 des-

2059 3322 2102 3390 C
2139 3338 2362 3394 cribere
2393 3337 2634 3409 rogavit,
2669 3340 2725 3392 et
2775 3336 2900 3410 ipse
2931 3337 3166 3410 propria
3197 3355 3374 3393 manu
3424 3338 3708 3411 ﬁrmavit,
3739 3349 3799 3401 et

2137 3427 2395 3499 reliquos
2421 3425 2623 3498 palatii
2652 3426 2744 3482 sui
2778 3443 3045 3498 proceres
3069 3431 3133 3482 ut
3158 3427 3556 3484 describerent
3576 3447 3798 3504 praece-

2137 3516 2242 3588 pit.
2273 3515 2342 3571 Hi
2376 3520 2515 3572 sunt
2546 3519 2743 3571 autem
2777 3519 2955 3571 testes
3001 3532 3014 3571 :
3049 3515 3404 3585 Unicfridus,
3437 3518 3793 3593 episc0pus;

363 3607 540 3680 (pius,
582 3609 968 3678 posteaquam
1005 3609 1177 3661 annis
1208 3605 1545 3677 quindecim
1596 3611 1856 3668 coenobio
1887 3612 2022 3670 huic
2133 3605 2462 3673 Folbertus,
2495 3604 2834 3676 episcopus;
2870 3603 3180 3676 Damasus,
3241 3605 3578 3678 episcopus;
3614 3608 3796 3666 Hem-

362 3695 734 3769 praefuisset),
767 3693 825 3749 in
845 3693 956 3750 hoc
978 3692 1105 3766 ipso
1125 3696 1478 3751 monasterio
1497 3696 1687 3754 Sithiu
1709 3706 1992 3773 aegrotans

2193 3693 2686 3766 idus,presbyter;
2712 3691 3453 3776 Engelandus,monachus
3479 3713 3492 3764 ;
3516 3694 3791 3755 Vuitnet-

349 3782 506 3840 obiit
534 3799 686 3839 anno
717 3782 1040 3838 nativitatis
1071 3783 1300 3839 Domini
1341 3785 1467 3856 933,
1520 3785 1719 3844 Idibus
1774 3791 1990 3848 Novem

2197 3798 2353 3849 arus,
2370 3782 2628 3837 decanus
2650 3781 3058 3849 ;Grimbaldus
3080 3800 3092 3849 ;
3117 3782 3387 3854 Odarius,
3414 3787 3744 3844 monachus
3770 3807 3786 3856 ;

359 3871 504 3940 bris,
538 3871 922 3944 sepultusque
952 3876 1041 3927 est
1071 3871 1130 3926 in
1161 3872 1408 3929 basilica
1429 3877 1616 3931 sancti
1665 3878 1908 3948 Bertini,
1957 3881 2017 3937 in
2128 3871 2473 3938 Ενοΐειτάυεν
2506 3871 2820 3926 advocatus
2848 3888 2860 3938 ;
2910 3869 3352 3940 VUiDetmaPUS,
3409 3869 3632 3943 laicus;
3668 3876 3788 3933 Ro-

359 3960 542 4016 altare
572 3957 810 4015 sinistro
843 3958 1044 4016 altaris
1075 3961 1260 4018 sancti
1290 3963 1503 4018 Bertini
1525 3965 1836 4038 capitanei.
1863 3969 2018 4026 Inter
2127 3959 2365 4028 dumis;
2423 3958 2685 4025 Herieus,
2719 3959 2940 4028 laicus;
2999 3959 3435 4030 Vninetmal‘US,
3497 3962 3784 4023 diaconus

356 4047 584 4119 reliqua
612 4050 810 4103 autem
841 4046 1102 4116 donaria,
1135 4049 1299 4105 dedit
1315 4051 1386 4106 ad
1413 4053 1687 4110 eumdem
1710 4055 1906 4113 locum
1925 4076 2016 4115 ca-

358 4135 530 4193 licem
561 4135 654 4192 sui
684 4141 860 4209 potus
907 4153 1151 4193 aureum
1208 4143 1265 4193 et
1322 4139 1580 4196 balteum
1641 4145 1713 4199 ad
1772 4146 2012 4204 calicem

356 4225 815 4283 consecrationis
845 4225 1132 4282 Dominici
1165 4228 1472 4300 sanguinis
1502 4230 1834 4290 faciendum
1861 4254 1874 4305 ;
1918 4254 2012 4292 ar-

355 4313 552 4372 millas
581 4318 777 4371 autem
803 4331 943 4371 suas
975 4319 1178 4372 sancto
1222 4317 1554 4376 Audomaro
1604 4321 1675 4376 ad
1736 4328 2009 4395 patenam

353 4403 642 4460 concessit
672 4403 1020 4461 faciendam.
1052 4403 1300 4460 Dederat
1330 4423 1562 4480 quoque
1601 4413 1772 4466 antea
1819 4411 2008 4470 eidem

351 4497 554 4549 sancto
583 4493 914 4549 Audomaro
947 4491 1193 4566 pallium
1216 4496 1534 4566 quoddam.
1559 4515 1702 4555 auro
1725 4503 2006 4574 margari-

349 4581 546 4653 tisque
578 4580 822 4637 mirifice
869 4582 1198 4651 intextum;
1259 4589 1463 4642 contra
1521 4588 1677 4658 quod
1725 4590 2005 4649 Arnulfus

2125 4049 2533 4116 etmonachus,
2565 4048 2935 4121 subscripsit.
2967 4050 3114 4104 Ante
3147 4049 3256 4106 hoc
3288 4055 3508 4106 autem.
3541 4056 3781 4126 tempus

2121 4137 2504 4210 Adalolphus,
2529 4141 2670 4192 tunc
2701 4137 2940 4210 quidem
2997 4138 3300 4210 puerulus,
3361 4156 3518 4196 nunc
3577 4147 3779 4200 autem

2122 4230 2286 4282 aitate
2316 4225 2613 4292 mediocri,
2630 4224 2756 4298 ipso
2779 4227 2955 4282 etiam
2987 4227 3344 4284 saceredotio
3368 4227 3776 4303 honorandus,

2121 4332 2155 4370 a
2186 4319 2350 4388 patre
2381 4314 2702 4383 Evehardo,
2738 4332 2984 4371 summae
3016 4315 3344 4373 nobilitatis
3383 4318 3528 4388 viro,
3562 4324 3618 4375 et
3649 4338 3776 4378 ma-

2118 4408 2205 4459 tre
2238 4403 2540 4470 Ricsinda,
2570 4401 2631 4458 in
2664 4403 2772 4459 hoc
2796 4405 3152 4461 monasterio
3183 4410 3385 4462 sancto
3418 4406 3586 4464 Petro
3611 4426 3780 4468 sanc-

2118 4496 2292 4564 toque
2323 4491 2555 4548 Bertino
2587 4496 2676 4548 est
2715 4491 2970 4549 oblatus.
3004 4493 3291 4550 Rodulfus
3351 4495 3552 4563 etiam,
3585 4497 3772 4571 ipsius

2117 4579 2342 4637 castelli
2403 4585 2618 4652 praeter
2675 4582 2962 4652 urbanus,
3034 4583 3221 4639 ﬁlium
3273 4601 3472 4656 suum,
3534 4590 3773 4645 nomine

349 4668 614 4740 (inclitus
671 4670 1013 4728 marchisus
1072 4675 1129 4728 et
1194 4672 1368 4731 istius
1424 4675 1606 4746 abbas
1665 4684 1992 4753 conventus,

2193 4668 2484 4736 ialterum,
2536 4686 2671 4725 cum
2731 4671 2958 4737 morbo,
3013 4672 3222 4728 medici
3254 4689 3428 4745 quem
3486 4675 3802 4732 variolam.

349 4757 527 4815 frater
551 4758 860 4832 Adalolphi
884 4759 1011 4831 jam
1045 4761 1282 4834 mortui)
1314 4762 1564 4820 alterum
1613 4773 1814 4823 sancto
1866 4769 2004 4826 Ber-

2113 4763 2341 4827 vocant,
2376 4758 2547 4814 morti
2577 4759 2873 4816 videretur
2919 4777 3046 4817 esse
3080 4761 3397 4833 proximxs,
3445 4762 3606 4820 ulnis
3636 4783 3769 4837 pro-

351 4846 474 4904 tino
522 4849 837 4919 concessit,
895 4849 1189 4906 consimili
1221 4869 1392 4924 opere
1423 4855 1805 4928 praecipuum,
1866 4859 2006 4919 Ροει
2113 4847 2258 4920 priis
2290 4847 2624 4918 sustollens,
2658 4865 2854 4906 coram
2883 4850 3069 4907 sancti
3100 4851 3317 4907 Bertini
3349 4851 3528 4909 altare
3559 4853 3772 4928 depor-

346 4936 518 5005 cujus
547 4935 883 4994 luctuosum
914 4938 1160 5008 obitum,
1213 4942 1576 5014 Arnulphus,
1624 4945 1802 5003 trater
1849 4949 1998 5020 ejus,

2112 4937 2290 5004 tavit;
2324 4935 2800 5010 monachumque
2845 4939 3209 5008 effecturum,
3254 4941 3304 4996 si
3355 4942 3483 5014 ejus
3533 4943 3632 5014 pia
3671 4946 3766 5015 ju-

350 5021 646 5080 abbatiam
679 5042 814 5081 cum
853 5026 1077 5098 reliquo
1104 5030 1232 5099 ejus
1256 5032 1534 5087 comitatu
1568 5037 1784 5108 recepit
1806 5040 1886 5106 (et
1917 5039 2000 5096 ita
2108 5031 2345 5082 varetur
2377 5026 2814 5096 intercessione,
2849 5029 3195 5101 spopondit;
3215 5029 3398 5094 Quem
3423 5047 3560 5086 mox
3591 5032 3765 5089 saluti

329 5109 603 5190 'Ecclesia
634 5113 771 5181 ista,
832 5118 1066 5186 pastore
1121 5115 1391 5189 religioso
1437 5120 1697 5190 viduata,
1746 5141 1781 5180 a
1832 5126 1996 5185 laicis

345 5197 657 5267 maritatis,
688 5218 792 5272 per
818 5203 1060 5258 modum
1092 5205 1447 5263 haereditatis
1474 5215 1563 5264 est
1593 5217 1906 5287 possessa).

327 5371 332 5376 _
413 5314 569 5399 (113‘).
596 5314 732 5372 Post
760 5315 882 5399 haec
907 5319 1459 5399 cod.A_udom.addit
1488 5339 1614 5394 quae
1646 5336 1993 5399 sequuntnr.

527 5386 660 5450 Nam
691 5401 788 5450 per
815 5387 988 5450 legem
1018 5390 1301 5449 celebrem,

527 5449 762 5513 MonaCis
791 5449 977 5513 sex’um
1008 5452 1342 5513 muliebrem,

525 5509 840 5576 Quanquam
871 5512 964 5576 diu
992 5514 1140 5576 vixit,

523 5573 744 5637 Praeﬂx'o
775 5575 956 5637 limite,
988 5573 1152 5627 dicit:

522 5636 744 5701 femina
773 5638 874 5701 ﬁge
905 5636 1102 5689 sedem.

516 5699 686 5768 Negat
712 5700 800 5755 hic
816 5699 922 5756 tibi
953 5703 1192 5758 terminis
1215 5701 1388 5758 aedem

2109 5123 2465 5191 restitutum,
2483 5123 2599 5179 Deo
2623 5124 3009 5208 omnipotenti
3027 5126 3318 5183 famulum
3341 5132 3397 5184 et
3413 5134 3618 5186 sancto
3640 5132 3764 5188 Ber-

2105 5214 2227 5269 tino
2255 5211 2464 5269 obtulit
2485 5213 2842 5270 monachum
2873 5215 3287 5287 perpetualiter
3316 5234 3759 5290 pemansurum.

2380 5327 2650 5391 Sanctam,
2694 5333 3003 5380 sanctorum

2381 5390 2466 5455 AS‘ic
2494 5390 2682 5455 norma
2700 5391 2853 5455 jubet
2881 5393 3266 5445 monachorum

2383 5452 2479 5502 Hic
2508 5453 2658 5504 locus
2686 5452 2831 5504 nunc
2857 5455 3019 5505 ritum

2381 5516 2495 5565 Coli
2526 5530 2558 5565 a
2587 5518 2740 5568 Patre
2769 5517 3079 5568 stabilitum.

2171 5639 2508 5722 (llQ‘QLeg.
2559 5641 2794 5700 secundo
2841 5659 2980 5702 cum
3037 5645 3258 5703 Mabill.
3315 5647 3462 5705 Ann.
3496 5652 3621 5707 tom
3653 5648 3746 5722 ΠΙ,

2107 5726 2242 5792 pag.
2274 5711 2400 5772 441.
