3882 6498
151 500 314 568 1269

1547 497 2202 570 CHARTULARIUM.

783 125 3728 155 Vm

3425 498 3585 604 12m

147 636 456 706 Arnult‘us,
489 634 700 693 direxit
728 639 861 710 post
889 635 1563 710 Hildebrandum,supra
1589 652 1812 694 memo-
1838 636 1898 706 Α
1926 637 2282 697 haereditatis
2313 655 2432 697 suae
2461 640 2687 714 partem
2719 635 3104 712 delegaverat,
3137 639 3193 695 et
3223 633 3376 694 hanc
3423 651 3595 708 θείω(

148 730 344 784 ratum
386 727 658 784 abbatem
689 729 748 782 et
768 730 1041 800 nepotem
1068 731 1330 794 suum,et
1351 727 1402 782 ei
1427 727 1633 783 iterato
1656 725 1816 782 hunc

150 815 584 874 commendavit
613 815 1020 888 locum,quem
1041 820 1098 872 et
1118 816 1425 884 hactenus,
1441 814 1816 872 miseratione

145 906 271 974 Dei,
305 907 476 980 regit,
513 905 614 978 qui
646 910 736 961 est
775 922 966 963 annus
1016 909 1564 979 supramemoratus
1608 903 1814 960 Domi-

148 997 292 1054 nica:
324 995 655 1052 nativitatis
685 996 811 1050 961.
1179 1050 1200 1060 ,

218 1085 386 1152 Quod
401 1083 568 1142 facile
585 1088 709 1140 erat
725 1084 849 1140 ﬁeri
871 1085 1153 1156 quoniam
1173 1102 1206 1140 a
1233 1082 1541 1139 monachis
1565 1081 1818 1138 coenobii

146 1174 351 1247 hujus,
384 1174 456 1230 ob
486 1172 616 1228 vita:
651 1172 1048 1246 prolestatem,
1073 1191 1191 1230 non
1225 1173 1452 1228 modice
1475 1172 1813 1227 amabatur.

147 1264 218 1320 Et
236 1263 318 1319 ita
334 1266 492 1336 patet
513 1263 666 1334 quod
701 1261 1059 1335 Adalophus,
1093 1263 1214 1333 iam
1247 1261 1383 1317 dicti
1419 1260 1668 1317 ccenobii
1690 1277 1810 1316 mo-

147 1351 395 1421 nachus,
429 1352 605 1409 cessit
632 1350 919 1407 voluntati
952 1351 1186 1408 comitis
1214 1368 1365 1422 saepe
1393 1350 1698 1418 dicti,cum
1721 1349 1816 1404 vix

147 1457 302 1497 anno
335 1441 508 1497 unico
541 1439 1035 1497 administrasset.
1069 1441 1138 1496 Et
1176 1439 1578 1512 postmodum,
1611 1437 1806 1493 Hilde-

142 1530 357 1586 brandi
390 1531 622 1586 abbatis
636 1530 820 1608 nostri
835 1529 1193 1602 reassumpti
1217 1528 1521 1601 regiminis
1553 1544 1705 1582 anno
1727 1543 1810 1601 ιιι,

139 1619 275 1690 ejus
305 1618 635 1675 avunculus
667 1618 1028 1691 Arnulphus,
1060 1619 1358 1690 quondam
1395 1633 1590 1673 comes
1641 1615 1811 1671 Flan-

139 1707 387 1763 drarum
420 1712 478 1763 et
506 1707 710 1774 abbas,
745 1711 810 1762 nt
835 1724 1017 1780 supra
1046 1709 1354 1762 ostensum
1386 1702 1815 1776 est,complevit

140 1796 411 1852 ofﬁcium
442 1797 571 1851 vitae
602 1795 869 1869 sepultus
900 1797 960 1850 in
991 1795 1325 1850 Blandinio.

215 1885 454 1941 LXXXI.
505 1883 741 1955 Explevi
785 1885 936 1955 jam,
989 1883 1310 1940 auxiliante
1357 1881 1626 1951 Domino,
1685 1897 1813 1952 quae

119 1975 430 2047 jusseras,
465 1973 678 2028 domne
717 1976 773 2027 et
819 1972 1180 2039 beatissime,
1224 1989 1451 2028 necnon
1501 1975 1558 2027 et
1606 1986 1811 2026 aman-
1844 2009 1894 2081 Β

127 2062 175 2081 ΑΒ
231 2061 370 2081 κεᾼᾼ-
424 2064 584 2081 ---ι-μ,
669 2060 950 2081 Aj_1-_L-
1036 2061 1531 2081 _A_-__-L_m_‘l-_._
1582 2059 1636 2081 Ξ..
1691 2074 1806 2081 ---Α

125 2061 378 2118 tissime
424 2064 606 2133 pater,
656 2060 978 2133 Adalophe,
1030 2061 1534 2134 comprehendens
1582 2059 1642 2114 in
1691 2074 1809 2113 uno

126 2150 348 2207 codice
378 2149 726 2205 traditiones
757 2149 1020 2206 ﬁdelium
1040 2167 1173 2206 cum
1199 2150 1419 2206 chartis
1448 2163 1812 2219 earum,nec—

127 2256 260 2295 non
292 2243 350 2293 et
379 2243 545 2311 gesta
589 2238 873 2293 abbatum
926 2240 998 2293 ab
1048 2238 1176 2310 ipso
1226 2239 1418 2310 primo
1470 2237 1580 2293 loci
1627 2237 1808 2308 hujus

129 2331 436 2385 structore
475 2327 692 2382 domno
747 2327 980 2382 Bertino
1030 2329 1260 2395 abbate,
1297 2343 1483 2399 usque
1541 2327 1613 2382 ad
1669 2325 1807 2380 ulti-

129 2432 331 2482 mum,
366 2415 467 2487 qui
504 2432 658 2470 nunc
688 2419 899 2487 praeest
928 2421 1144 2472 nostrae
1175 2415 1362 2471 atatis
1385 2415 1808 2487 tempore.Fra-

127 2511 226 2562 ter
257 2509 458 2560 autem
511 2505 640 2576 ipsa
687 2503 950 2572 veritate,
999 2509 1147 2560 teste
1195 2521 1308 2572 me,
1343 2503 1489 2560 nihil
1521 2504 1616 2559 hic
1647 2503 1805 2559 aliud

130 2593 453 2666 scripsisse
485 2593 637 2665 quod
695 2593 754 2647 in
806 2592 1183 2666 exemplariis
1233 2594 1612 2665 antiquorum
1644 2591 1806 2664 potui

133 2682 421 2756 reperire,
454 2687 556 2738 aut
587 2682 844 2737 strennis
874 2682 1014 2738 viris
1042 2682 1422 2738 narrantibus
1468 2697 1805 2755 agnoscere.

134 2771 198 2829 Si
262 2770 364 2844 qui
414 2774 611 2826 autem
663 2787 756 2827 me
808 2770 1094 2828 invidiose
1152 2770 1446 2827 voluerint
1500 2770 1806 2837 dilaniare,

136 2861 385 2918 obsecro
399 2859 769 2932 paternitatis
785 2877 904 2915 sum
921 2861 1287 2917 refrenentur
1310 2859 1811 2931 favore.Reliquas

135 2965 278 3007 vero
299 2948 537 3005 chartas
568 2965 672 3022 per
703 2950 1071 3006 diversorum
1105 2949 1571 3006 ministeriorum
1621 2947 1810 3004 officio

146 3038 468 3112 deputatas
515 3038 715 3094 curavi
759 3040 1078 3111 separatim
1136 3039 1474 3107 inscribere,
1536 3041 1601 3092 ut
1655 3037 1810 3109 quod

145 3127 473 3200 unicuique
504 3119 831 3184 ministerio
863 3129 1248 3184 distributum
1282 3132 1424 3196 erat,
1453 3126 1698 3182 faciliori
1730 3127 1815 3180 in-

145 3215 474 3290 quisitione
523 3221 722 3290 posset
770 3217 1077 3289 inquirens
1127 3217 1424 3290 indagare.
1477 3215 1812 3288 Subscripsi

143 3301 332 3362 etiam
397 3321 502 3378 per
562 3305 826 3360 ordinem
898 3305 1146 3361 fratrum
1216 3310 1483 3360 nostrum
1549 3302 1810 3371 nomina,

1928 729 2061 784 dem
2090 728 2297 786 cellam
2330 730 2402 786 ad
2435 733 2705 786 sanctum
2727 727 3029 784 Bertinum
3048 744 3153 801 pro
3171 730 3333 801 parte
3363 725 3465 782 ﬁlii
3490 723 3584 782 sui

1925 817 2232 874 Guntberti
2265 835 2441 891 quem
2475 818 2534 874 in
2567 819 2771 874 eodem
2813 816 3170 874 monasterio
3225 815 3584 872 monachum

1926 905 2160 974 fecerat,
2197 908 2306 964 sub
2338 911 2620 982 perpetua
2662 907 2933 962 firmitate
2986 904 3356 962 condonavit.
3391 903 3588 960 Prima

1926 1000 2122 1051 autem
2156 996 2494 1053 chartarum
2525 997 2596 1052 de
2634 995 2810 1063 villis,
2843 1012 2992 1068 quas
3043 995 3117 1051 ad
3159 995 3428 1050 eamdem
3470 991 3585 1048 cel-

1924 1084 2044 1140 lam
2073 1085 2319 1141 tradidit
2358 1085 2691 1154 nobiscum,
2736 1084 2988 1141 habetur
3034 1084 3106 1139 de
3152 1081 3581 1151 Curmontium,

1927 1191 2055 1246 quas
2082 1174 2141 1230 in
2174 1176 2378 1231 ordine
2428 1173 2765 1247 scriptionis
2814 1172 3006 1246 prima
3053 1171 3164 1228 erit
3211 1171 3580 1244 subsequen-

1925 1263 2098 1319 tium.

1925 1369 2222 1426 LXXXIII.
2281 1369 2518 1426 Traditio
2570 1369 2810 1424 Goiberti
2854 1368 2921 1424 de
2979 1368 3380 1432 Curmontium,
3441 1370 3580 1423 tem-

2398 1457 2531 1514 pore
2560 1440 2832 1510 Fridogisi
2858 1439 3091 1496 abbatis.

1995 1532 2152 1604 (Aug.
2187 1530 2336 1603 83!.)
2368 1554 2395 1581 «
2434 1532 2654 1586 Domno
2683 1527 3002 1586 venerabili
3052 1528 3112 1584 iu
3163 1525 3392 1583 Christo
3423 1525 3580 1599 patri

1925 1619 2247 1692 Fridogiso,
2303 1618 2501 1676 abbati
2559 1619 2631 1674 de
2680 1617 3034 1674 monasterio
3085 1616 3300 1685 Sithiu,
3333 1615 3432 1671 ubi
3461 1615 3576 1672 duo

1923 1709 2061 1781 agii,
2092 1709 2467 1764 Audomarus
2497 1705 2764 1762 videlicet
2790 1723 2910 1761 una
2957 1722 3092 1760 cum
3123 1705 3292 1760 beato
3319 1704 3574 1773 Bertino,

1923 1797 2139 1853 Christi
2171 1796 2405 1852 Domini
2437 1795 2822 1865 confessores,
2857 1795 2916 1849 in
2948 1810 3188 1866 corpore
3236 1796 3573 1865 repausant.

1921 1887 2063 1959 Ego,
2097 1886 2157 1940 in
2188 1885 2285 1941 Dei
2316 1886 2575 1953 nomine,
2609 1881 2940 1952 Goibertus,
2975 1900 3096 1938 una
3124 1898 3258 1938 cum
3292 1881 3414 1938 ﬁlio
3446 1898 3576 1939 meo

1923 1974 2267 2041 Guntberto,
2301 1973 2519 2046 pariter
2557 1972 2892 2040 traditores,
2926 1987 3030 2044 per
3075 1970 3227 2027 hanc
3267 1968 3577 2044 epistolam

1921 2063 2257 2120 traditionis
2274 2063 2568 2118 donamus
2586 2060 2752 2116 vobis
2771 2063 3094 2134 spontanee
3104 2058 3400 2116 voluntate
3413 2059 3581 2132 quid-

1919 2153 2060 2225 quid
2091 2152 2306 2208 habere
2337 2149 2424 2206 vel
2456 2150 2759 2206 dominare
2806 2149 2917 2204 visi
2967 2165 3178 2204 sumus
3207 2147 3268 2204 in
3315 2147 3442 2205 loco
3475 2142 3577 2221 qui

1917 2241 2133 2297 dicitur
2161 2239 2656 2307 Curmontium,in
2689 2253 2838 2311 pago
2870 2236 3221 2306 Bononensi,
3255 2253 3433 2309 super
3461 2238 3576 2293 ﬂu-

1917 2331 2080 2387 vium
2111 2329 2380 2386 Edivinia
2403 2347 2415 2385 :
2442 2328 2501 2383 id
2533 2332 2924 2396 est,mansum
2955 2330 3014 2382 et
3043 2343 3240 2382 casam
3264 2327 3575 2400 capitalem

1918 2418 2518 2492 superpositam,cum
2554 2415 2669 2471 alia
2698 2413 2930 2472 castitia
2959 2413 3045 2470 vel
3079 2415 3326 2471 aediﬁcia
3354 2415 3574 2472 ibidem

1917 2506 2289 2582 pertinentia,
2343 2507 2571 2577 majora
2615 2504 2703 2560 vel
2758 2503 3019 2572 minora;
3055 2521 3175 2560 una
3220 2519 3354 2560 cum
3402 2505 3574 2561 terris

1918 2596 2260 2664 arabilibus,
2296 2594 2501 2667 pratis,
2551 2593 2808 2665 pascuis,
2864 2592 3146 2659 concidis,
3194 2593 3572 2663 communiis,

1918 2685 2129 2759 perviis
2159 2683 2525 2756 1egitimis,et
2552 2681 3174 2754 wadriscapis;omnia
3195 2681 3255 2736 in
3275 2681 3573 2754 omnibus,

1918 2790 2043 2831 rem
2072 2772 2511 2845 inexquisitam,
2544 2774 2734 2826 totum
2767 2770 2839 2826 ad
2871 2770 3202 2842 integrum;
3235 2773 3292 2826 et
3332 2769 3577 2842 insuper

1920 2862 2212 2935 mancipia
2261 2879 2316 2928 ι,
2361 2861 2454 2916 his
2501 2859 2842 2915 nominibus
2893 2876 2906 2915 :
2959 2857 3324 2928 Ellefridum,
3357 2858 3576 2916 OdberL

1921 2957 2069 3021 tum,
2103 2948 2503 3016 Gervvaldum,
2536 2947 3035 3004 Vuerembaldum
3068 2964 3203 3003 cum
3246 2947 3578 3006 infantibus

1923 3041 2048 3098 suis
2080 3057 2142 3106 ιι,
2175 3039 2439 3095 Hidewif
2456 3054 2591 3093 cum
2624 3036 2951 3092 infantibus
2973 3035 3098 3094 suis
3128 3055 3190 3092 ιι.
3222 3031 3354 3094 Haec
3377 3038 3579 3094 omnia

1923 3128 2196 3203 superius
2227 3127 2605 3184 denominata
2637 3127 2708 3181 ad
2740 3125 3078 3199 sepulcrum
3119 3127 3309 3183 sancti
3358 3127 3578 3184 Bertini

1921 3218 2188 3292 legaliter
2216 3234 2412 3272 coram
2441 3215 2692 3272 testibus
2718 3215 3105 3284 tradimus,ea
3134 3215 3355 3272 scilicet
3383 3216 3580 3274 condi-

1925 3309 2084 3365 tione
2116 3312 2409 3380 quatenus
2441 3309 2574 3378 post
2603 3322 2710 3361 nos
2742 3304 2802 3360 in
2828 3305 3032 3362 eodem
3062 3303 3188 3361 loco
3222 3306 3466 3363 Domino
3493 3306 3576 3361 fa-

144 3409 305 3467 quos
335 3377 442 3466 ego
466 3393 822 3465 juvenculus
861 3397 919 3450 et
964 3410 1111 3466 pene
1162 3393 1427 3462 ultimus,
1458 3393 1729 3449 recordor
1753 3391 1812 3446 in
1844 3377 1888 3446 (ἶ
1926 3377 2218 3455 mulantes
2261 3396 2371 3452 hoc
2421 3377 2492 3451 ad
2540 3393 2850 3466 specialem
2907 3393 3365 3450 consolationem
3397 3411 3580 3467 supra

143 3482 258 3541 hoc
283 3482 645 3538 monasterio
677 3482 930 3555 regulari
961 3483 1174 3539 vixisse
1204 3483 1340 3538 vita.

215 3571 489 3629 Domnus
519 3572 702 3628 abbas
732 3571 1187 3640 Hildebrandus,
1223 3572 1484 3628 Odoldus
1513 3572 1807 3638 decanus;

146 3658 534 3734 Ingelandus,
602 3659 1020 3716 Vuinetmarus
1087 3660 1485 3729 Grimbaldus,
1555 3660 1810 3714 domnus

144 3750 339 3808 abbas
385 3747 782 3823 Regenoldus,
837 3748 1257 3817 Grunwaldus,
1311 3749 1678 3815 Benedictus,
1714 3747 1813 3802 Ri-

144 3838 412 3906 kelmus,
443 3837 832 3906 Drotwimus,
867 3838 1204 3905 chfridus,
1245 3836 1607 3909 Adalophus,
1660 3836 1814 3891 Rod-

142 3928 350 3996 vinus,
403 3926 711 4000 Signinus,
773 3927 1092 3994 Galandus,
1154 3926 1477 3996 Liodricus,
1540 3924 1811 3992 Odarius,

144 4015 567 4085 Eretnbaldus,
595 4015 909 4084 Suavinus,
963 4015 1299 4089 Adalgisus,
1350 4013 1687 4080 Vuluricus,
1728 4012 1814 4067 Si-

144 4103 465 4180 gebaldus,
496 4104 894 4178 Engelandus,
931 4103 1246 4177 Sigelmus,
1275 4103 1812 4176 Aldgerus,Vuago,

145 4194 502 4268 Folquinus,
534 4191 892 4261 Idelbaldus,
942 4193 1253 4266 Adalsigse,
1286 4192 1636 4258 Adalardus,
1669 4191 1814 4245 Mat-

145 4284 366 4350 fridus,
397 4281 816 4351 Amarlandus,
843 4282 1216 4350 Heremarus,
1251 4280 1649 4349 Grimbaldus,
1686 4280 1815 4334 I-lei-

146 4373 433 4441 metiens,
482 4372 826 4440 Everardus,
877 4371 1075 4436 Liuzo,
1130 4370 1468 4436 Everoldus,
1521 4369 1815 4442 chenfri-

146 4462 286 4531 dus,
315 4459 515 4529 Tiozo,
547 4458 898 4529 Vulfandus,
933 4459 1813 4532 Reingerus,Nidgrinus,Hum-

145 4549 365 4618 fridus,
398 4547 700 4615 Folcarus,
734 4549 1088 4621 Regenerus.

145 4700 419 4758 LXXXII.
470 4699 672 4756 Dehinc
715 4703 1025 4826 seqquntur
1075 4699 1290 4757 charte
1339 4701 1607 4755 testantes
1654 4698 1818 4754 villas

256 4811 262 4814 ν
795 4787 824 4826 e
849 4786 1177 4826 eemosunae.

256 4811 262 4814 μ
795 4786 1177 4843 elemosynae.

218 4905 326 4963 Hic
359 4904 544 4962 etiam
572 4903 809 4961 villulas
840 4905 909 4960 ad
937 4903 1321 4978 eleemosynae
1352 4902 1750 4960 ministerium
1782 4921 1817 4960 a

149 4994 433 5052 ﬁdelibus
464 4993 851 5061 contraditas,
883 5011 1001 5050 non
1034 5010 1164 5050 meo
1195 5009 1442 5065 parcens
1472 4992 1678 5060 labori,
1713 4993 1815 5050 sed

152 5081 500 5140 monasterii
533 5081 900 5154 prospiciens
931 5081 1192 5154 utilitati,
1221 5098 1356 5137 enm
1386 5081 1629 5149 chartis,
1670 5081 1815 5150 suis,

153 5174 412 5230 scribere
440 5171 784 5244 aggrediar:
808 5171 1050 5229 memini
1078 5187 1335 5244 namque
1356 5187 1450 5227 me
1478 5170 1588 5227 hoc
1618 5171 1816 5244 ipsum

153 5262 672 5336 promisisse,cum
693 5262 1002 5318 Guntberti
1015 5262 1378 5318 mentionem
1396 5262 1505 5318 sub
1517 5261 1818 5334 Fridogiso

155 5350 431 5408 fecissem
459 5350 689 5406 abbate.
733 5350 922 5424 Igitur
971 5368 1096 5423 qua
1144 5350 1458 5406 scribenda
1487 5353 1627 5406 sunt
1673 5368 1835 5423 pene

157 5440 360 5497 omnia
389 5438 584 5512 ipsius
615 5439 922 5496 Guntberti
952 5444 1008 5496 et
1037 5440 1220 5514 patris
1252 5439 1342 5494 sui
1385 5438 1642 5495 Goiberti
1683 5444 1823 5496 sunt

157 5528 472 5602 largitione
485 5528 703 5584 tradita
719 5533 1143 5598 ;construxerat
1157 5532 1353 5585 autem
1365 5527 1574 5584 iisdem
1589 5528 1822 5585 Goiber-

157 5621 250 5674 tus
297 5617 360 5673 in
411 5616 772 5691 proprietate
819 5635 948 5688 sua,
981 5617 1135 5675 sicut
1164 5618 1338 5691 longe
1378 5615 1648 5688 superius
1680 5618 1822 5686 dixi,

158 5705 436 5765 cellulam
468 5708 794 5780 quamdam
828 5708 890 5764 in
914 5707 1134 5764 honore
1160 5707 1393 5765 Domini
1425 5704 1743 5763 Salvatoris
1765 5707 1824 5763 in

159 5794 282 5854 loco
311 5798 707 5868 nuncupante
736 5795 1103 5866 Stenetland;
1155 5797 1226 5854 ad
1269 5811 1450 5867 quam
1507 5794 1826 5854 maximam

1919 3504 2096 3546 suum
2128 3486 2393 3542 debitum
2425 3483 2871 3549 habeanLQuod
2888 3481 2938 3537 si
2957 3481 3274 3554 quisquam
3306 3483 3378 3538 de
3400 3486 3580 3538 recto-

1921 3570 2086 3632 ribus
2107 3573 2369 3648 praedicti
2387 3571 2864 3637 monasterii,hoc
2885 3571 2958 3626 ab
2980 3569 3065 3626 eis
3085 3571 3578 3643 auferre,propter

1921 3663 2401 3727 malivolentiam,
2430 3659 2518 3715 vel
2552 3660 2688 3715 inde
2737 3659 3001 3714 debitum
3051 3675 3255 3714 eorum
3303 3657 3576 3732 supplere

1919 3752 2187 3820 voluerit,
2229 3754 2370 3805 tunc
2414 3746 2792 3813 omnimodis,
2837 3747 3063 3820 absque
3109 3745 3234 3803 ulla
3281 3748 3577 3819 contradi-

1923 3842 2135 3906 ctione,
2194 3839 2266 3894 ad
2327 3840 2560 3892 nostros
2617 3834 2912 3908 legitimos
2967 3835 3229 3891 heredes
3290 3839 3579 3892 revertere

1924 3931 2150 3998 debeat,
2185 3932 2244 3984 et
2273 3930 2338 3982 ut
2365 3942 2470 3998 ego
2502 3925 2866 3981 Guntbertus
2896 3918 3133 3998 propter
3179 3924 3290 3981 hoc
3333 3926 3578 3996 donum,

1925 4015 2461 4092 quandiu,Domino
2493 4017 2810 4084 annuente,
2842 4013 3061 4083 vixero,
3093 4013 3247 4070 inter
3275 4013 3434 4087 ipsos
3457 4030 3582 4070 mo-

1925 4107 2144 4164 nachos
2178 4103 2590 4178 plenissimum
2619 4101 2883 4158 debitum
2916 4102 3358 4170 habeam.Quod
3380 4103 3428 4159 si
3452 4120 3585 4159 con-

1923 4197 2215 4271 tigerit,ut
2245 4210 2394 4267 saepe
2425 4192 2636 4260 evenit,
2667 4196 2750 4258 ut,
2762 4196 3000 4265 propter
3028 4191 3314 4248 invidiam
3335 4192 3424 4249 vel
3449 4210 3584 4249 ava-

1926 4287 2122 4342 ri.iam
2183 4281 2650 4357 prazpositorum,
2711 4281 2782 4337 de
2833 4282 2962 4353 jam
3019 4281 3174 4338 dicto
3227 4283 3585 4338 monasterio

1925 4392 2197 4450 egressus
2247 4374 2431 4440 fuero,
2465 4375 2627 4439 tunc,
2661 4370 2885 4443 absque
2933 4370 3055 4427 ulla
3102 4370 3584 4442 contradictione,

1927 4465 2141 4520 iterum
2168 4460 2569 4518 haereditatem
2597 4477 2790 4516 meam
2811 4460 3189 4532 recipiam.Et
3209 4460 3324 4518 ista
3343 4460 3586 4518 haeredi-

1926 4553 2116 4610 tatula
2146 4569 2324 4624 parva
2341 4550 2614 4606 volumus
2636 4553 2702 4605 ut
2714 4549 2785 4605 ad
2808 4549 3116 4607 ecclesiam
3137 4549 3370 4607 Domini
3393 4548 3588 4608 Salva-

1925 4643 2070 4700 toris
2092 4643 2150 4698 in
2174 4640 2488 4698 Steneland
2523 4639 2893 4695 deserviat.Si
2925 4639 3059 4710 quis
3089 4640 3408 4712 vero,quod
3432 4639 3589 4695 futu-

1846 4749 1894 4815 D
1927 4750 2060 4790 rum
2092 4749 2220 4788 esse
2250 4746 2366 4786 non
2399 4729 2716 4797 credimus,
2749 4728 2904 4800 quod
2954 4726 3114 4784 ullus
3147 4728 3218 4784 de
3255 4727 3589 4784 hazredibus

1924 4823 2012 4879 vel
2039 4817 2480 4895 prohzeredibus
2512 4816 2751 4885 nostris,
2785 4816 2834 4873 si
2868 4816 2982 4873 ista
3015 4815 3208 4873 cautio
3239 4817 3412 4873 ﬁrma
3455 4822 3598 4888 ρει-ε’

1926 4909 2246 4976 duraverit,
2279 4906 2367 4964 vel
2400 4904 2676 4979 quaelibet
2706 4904 2975 4978 opposita
3005 4909 3107 4962 aut
3149 4909 3424 4961 extranea
3452 4921 3584 4978 per-

1927 5018 2092 5070 sona,
2125 5002 2328 5054 contra
2356 4997 2509 5051 hanc
2539 4993 2917 5050 traditionem
2968 4998 3231 5050 nostram
3275 4994 3589 5050 devotissi-

1928 5106 2088 5146 mam
2117 5087 2313 5144 venire
2343 5084 2806 5157 praesumpserit,
2850 5083 2941 5139 vel
2990 5083 3310 5156 infringere
3336 5085 3592 5141 tentave-

1928 5179 2026 5245 rit,
2080 5177 2230 5232 iram
2283 5174 2473 5248 ipsius
2524 5171 2757 5228 Domini
2802 5171 3119 5229 Salvatoris
3170 5171 3268 5228 Dei
3321 5171 3589 5245 omnipo-

1926 5266 2109 5324 tentis
2165 5265 2446 5329 incurrat,
2506 5265 2565 5317 et
2623 5263 2960 5317 sanctorum
3020 5261 3190 5333 ejus;
3245 5263 3305 5317 et
3345 5261 3591 5332 insuper

1929 5355 2314 5427 distringente
2372 5351 2535 5418 ﬁsco,
2595 5349 2723 5405 auri
2776 5348 2986 5405 uncias
3041 5368 3096 5417 ι,
3157 5353 3398 5423 argento
3445 5365 3588 5421 pon-

1929 5447 2069 5501 dera
2115 5461 2208 5508 xx,
2262 5448 2516 5506 coaclus,
2562 5437 2838 5506 exsolvat,
2886 5442 2944 5494 et
2993 5438 3148 5511 quod
3191 5438 3399 5510 repetit
3427 5435 3584 5492 evin-

1932 5533 2125 5590 dicare
2183 5548 2299 5587 non
2357 5527 2581 5595 valeat;
2642 5527 2746 5583 sed
2802 5543 3060 5600 praesens
3131 5526 3369 5584 traditio
3424 5521 3604 5586 omni,

1933 5627 2193 5694 tempore
2243 5617 2595 5674 ﬁrmissima
2639 5620 3001 5689 permaneat,
3035 5631 3172 5673 cum
3211 5609 3588 5687 stipulatione

1938 5711 2213 5768 subnixa.

2017 5823 2045 5852 ‹‹
2076 5801 2286 5858 Actum
2324 5794 2516 5853 Sithiu
2566 5794 2944 5861 monasterio,
2995 5794 3056 5850 in
3103 5804 3301 5849 mense
3345 5780 3567 5848 Αυευει
