1941 3250
278 66 1923 83 .m-

100 269 179 307 ἡττῐᾶ
284 269 302 281 ’

793 266 1118 308 αΗᾹΒῩῖῨῙῙᾸΡιΙΠΜ.

1732 275 1812 306 H78

100 341 416 372 DominiSalvatorisin
426 341 653 378 Steneland,sub
664 342 928 379 sensuluminario,
943 343 972 378 Α
985 341 1305 386 ohartasltraditionem
1322 341 1364 371 sic
1386 340 1563 370 inconvul's'aa
1596 343 1745 377 maneant,
1760 349 1810 370 eas

101 387 136 416 ad
151 387 287 416 denarios
301 395 342 416 IV.
358 389 442 416 Anno
448 388 550 416 eodem
557 390 624 424 post
632 387 706 423 haec,
717 388 747 416 in
759 396 861 417 mense
870 388 928 416 No-

99 432 241 466 vembrio,
262 441 330 460 cum
354 432 524 460 inﬁrmatus
545 432 672 461 senisset
694 433 929 469 appropinquare

102 477 179 505 diem
195 477 292 505 obitus
300 477 356 510 sui,
373 477 529 513 descripsit
543 477 729 513 ipsepropria
740 478 926 510 manu,inta-

101 521 178 550 bulis
202 522 308 550 ceratis
335 530 398 558 quae
423 521 550 549 exterius
574 522 672 549 celata:
688 524 771 549 erant
797 521 929 549 barbulis

101 566 193 594 crassi
202 566 339 602 piscis,et
354 566 459 594 subtus
475 567 619 594 deaurata:
628 566 929 612 erant,'qualitersuas

101 620 148 639 res
159 620 249 639 manu
264 611 341 638 tertii
358 611 404 638 sui
429 611 627 647 disponerent,
653 619 681 638 1v
696 611 793 638 Nonas
807 611 936 649 Novem-t

102 656 174 689 bris,
191 664 211 683 Π
227 655 308 689 feria,
326 656 381 683 isto
393 656 478 683 modo
496 665 502 683 :
521 666 534 680 ι(
552 656 583 683 In
599 655 886 691 Humbaldingahem
903 657 931 682 et

101 700 256 734 Embreka,
274 702 302 728 et
317 701 548 735 Hettesnamont,
566 700 601 728 ad
617 709 691 736 opus
707 700 860 728 Guntberti
878 700 930 727 ﬁlii

102 744 170 772 mei.
187 745 219 772 In
236 745 373 781 Ostringa
385 744 542 772 bunarium
559 752 568 772 1
583 744 817 781 ipsiGuntberto.
835 747 867 771 In
875 745 930 772 Ga-

102 798 188 825 nape,
204 789 383 817 Trudlindae.
402 789 434 816 In
455 789 675 825 Winingahem,
699 789 866 823 Bertrudaa;
887 797 932 817 ex-

102 836 186 870 cepto
203 843 306 862 manso
323 842 410 870 quem
424 834 459 861 ad
476 834 630 861 ecclesiam
650 833 681 860 in
697 833 854 861 Steneland
877 836 933 860 tra-

102 878 176 906 didi.
194 879 225 906 In
241 878 429 911 Middelhem,
456 879 491 905 ad
517 880 652 905 sanctum
671 878 881 905 Audomarum.
900 877 932 904 In

102 923 296 958 Anineshem,
311 922 491 956 Folbaldo,et
506 922 577 949 illud
589 922 789 958 pratumquod
799 922 888 949 habui
903 922 932 949 in

99 967 209 996 Selem.
224 968 257 995 In
278 967 439 1001 Fraxerias,
457 967 486 993 in
504 966 654 1000 Frandris,
671 968 769 994 totam
781 966 933 993 haeredita~

99 1014 164 1040 tem
175 1011 273 1048 nepoti
283 1019 357 1038 meo.
366 1011 406 1038 Ad
419 1012 554 1038 sanctum
573 1010 762 1043 Salvatorem,
775 1010 932 1047 petrariam

99 1056 188 1083 illam
200 1064 289 1092 quam
305 1055 394 1083 habui
406 1056 490 1091 juxta
505 1055 648 1082 Scammis
662 1065 668 1089 ;
695 1055 843 1092 mancipia
859 1063 933 1091 quo-

100 1109 162 1136 que
177 1109 213 1127 xv
227 1100 262 1127 ad
277 1100 411 1128 eamdem
428 1100 581 1127 ecclesiam
589 1100 735 1128 dimittere
748 1100 813 1127 volo
829 1100 863 1128 ad
883 1100 933 1127 dc-

100 1144 205 1172 narios
218 1153 256 1171 Iv.
274 1155 288 1168 »
305 1144 401 1172 Jussit
416 1153 532 1180 quoque
543 1145 658 1172 recitari
666 1153 763 1172 coram
780 1152 810 1171 se
825 1147 854 1172 et
865 1144 934 1171 ami-

100 1189 146 1217 cis
161 1188 224 1217 suis
240 1188 337 1224 ipsum
356 1189 485 1222 brevem,
502 1197 623 1216 unonas
642 1188 823 1216 Novembris.
838 1189 933 1216 Pridie

100 1234 172 1261 ante
188 1233 301 1261 obitum
318 1241 416 1266 suum,
434 1232 546 1260 dimisit
557 1241 673 1268 quoque
690 1242 717 1260 ix
734 1233 881 1269 mancipia
897 1234 933 1261 ad

99 1277 258 1305 Steneland
267 1277 404 1313 ingenua.
417 1277 556 1313 Sequenti
564 1286 680 1313 quoque
691 1277 747 1310 die,
760 1278 933 1314 priusquam

100 1322 208 1355 obiret,
223 1322 317 1349 claves
334 1322 460 1350 basilica:
487 1322 581 1358 ipsius
599 1322 792 1358 omniumque
808 1322 933 1350 aliarum

102 1367 291 1395 ofﬁcinarum
303 1367 332 1394 in
349 1375 455 1394 manus
472 1367 523 1394 ﬁlii
541 1367 586 1394 sui
603 1367 755 1394 Guntherti
771 1367 892 1394 tradidit
907 1369 935 1394 et

104 1411 334 1445 commendavit,
352 1411 452 1439 dicens
470 1420 476 1439 :
495 1423 508 1436 α
534 1411 584 1439 His
606 1411 754 1445 omnibus,
772 1411 824 1444 ﬁli,
841 1414 869 1439 te
885 1420 934 1439 su-

104 1456 258 1492 perstitem
274 1456 425 1490 conﬁrmo,
439 1458 584 1492 quatenus
609 1459 638 1484 et
651 1456 701 1484 Dei
717 1457 793 1484 hanc
813 1456 934 1484 domum

104 1508 263 1536 meamque
279 1509 311 1528 ac
322 1503 540 1528 antecessorum
557 1509 689 1528 meorum
705 1501 793 1528 etiam
810 1503 838 1528 et
853 1503 934 1528 tuam

104 1544 334 1581 eleemosynam,
352 1545 422 1572 dum
439 1545 594 1578 advixeris,
611 1553 741 1581 congrua
753 1554 823 1573 cura
838 1548 935 1573 custo-

106 1589 183 1617 dias.
203 1600 213 1614 ι
235 1589 348 1622 Quibus
363 1589 645 1626 dictis,requievitin
661 1590 785 1617 Domino
801 1590 899 1617 anima
909 1592 937 1617 et

104 1641 229 1670 corpore
244 1642 276 1661 ac
292 1633 365 1662 obiit
386 1634 478 1662 Nonis
493 1633 676 1667 Novembris,
699 1642 727 1662 IV
750 1634 822 1661 feria
835 1642 936 1670 vespe-

104 1680 249 1707 rascente.
263 1678 382 1706 Postera
396 1678 442 1706 die
466 1680 617 1714 portantes
633 1686 738 1714 corpus
754 1679 886 1706 Guiberti
898 1679 934 1706 ad

983 388 1159 419 nominatim
1167 387 1372 424 exprimimus,
1380 386 1491 416 scilicet
1507 396 1514 415 :
1526 387 1556 415 in
1570 386 1635 424 ipso
1641 386 1809 422 Steneland,

983 436 1014 464 in
1030 432 1280 469 Ricolvingahem,
1297 432 1327 459 in
1343 431 1492 460 Hisdonne
1506 439 1575 460 cum
1596 432 1764 468 mancipiis,
1780 431 1811 459 in

984 478 1230 514 Henrikingahem
1242 477 1301 505 sive
1310 476 1431 510 vilhem,
1441 479 1469 504 et
1481 476 1537 504 alio
1548 476 1811 512 Henrizeingahem,

984 533 1050 553 curn
1067 522 1215 552 Trubaldo
1231 524 1257 550 et
1273 521 1439 549 luminariis
1454 520 1484 548 in
1505 522 1568 556 ejus
1585 521 1767 555 ministerio;
1782 521 1812 548 in

984 568 1184 605 Siningahem,
1202 569 1229 595 et
1245 567 1275 594 in
1291 567 1378 594 Istem
1393 575 1399 599 ;
1415 565 1446 593 in
1472 565 1685 602 Hokingahem,
1712 565 1741 593 in
1755 566 1813 593 Ho-

985 614 1075 647 stede,
1092 613 1122 640 in
1139 611 1382 648 Lampanessezin
1399 610 1557 646 Simpiaco,
1574 610 1603 637 in
1622 610 1812 646 Burthem,in

986 660 1074 692 Reka,
1092 658 1121 685 in
1136 657 1250 690 Strate;
1268 656 1297 683 in
1309 655 1501 687 Hemmawic,
1517 657 1595 683 terra
1618 655 1742 683 F'rawivi
1759 663 1766 689 ;
1783 655 1813 682 in

985 703 1112 731 Kilciaco
1124 709 1190 729 cum
1202 700 1333 729 Odlando
1345 700 1437 733 fabro,
1447 699 1477 727 in
1484 700 1693 736 Etesnasberg;
1710 700 1740 727 in
1752 708 1813 727 mo-

986 747 1111 776 nasterio
1127 754 1264 774 mansum
1280 745 1457 780 hortumque
1473 753 1479 778 ;
1507 745 1536 772 in
1548 745 1650 773 Ariaco
1663 744 1814 777 similiter;

986 793 1016 820 in
1032 793 1178 820 Tarwana
1192 798 1331 818 mansum
1344 799 1350 823 ;
1363 790 1392 817 in
1405 789 1574 822 Quentwico
1582 789 1728 823 similiter,
1746 798 1817 825 quo-

986 837 1058 864 libet
1073 836 1189 872 ingenio
1206 836 1345 868 attractis,
1362 834 1407 861 vel
1424 836 1525 861 nostro
1545 833 1726 861 adminiculo
1743 842 1815 870 aug-

988 882 1133 913 mentatze,
1151 882 1179 907 et
1193 887 1317 914 qumque
1332 878 1362 905 in
1383 878 1571 914 postmodum
1587 878 1638 906 Dei
1660 877 1817 906 clementia

988 924 1144 953 addiderit.
1160 924 1232 951 Item
1248 923 1278 950 in
1303 922 1450 956 Kessiaco,
1476 922 1609 958 Sperdia,
1630 922 1815 956 Vuesarmio,

987 969 1151 1005 Vestringe,
1159 966 1444 1004 Tingiaco,Vuilere,
1454 966 1815 1002 Mellingasele,Loblasse,

989 1012 1257 1049 Lominstagahem,
1284 1011 1454 1047 praecariam
1479 1011 1649 1044 Landberti,
1668 1011 1815 1048 Adalgeri,

986 1057 1147 1090 Hildberti;
1173 1056 1202 1083 in
1219 1056 1409 1091 Gruonoberg
1437 1055 1547 1091 sylvam
1574 1063 1640 1083 cum
1666 1057 1763 1090 terra;
1787 1056 1816 1084 in

987 1101 1262 1139 Dagmaringahem,
1274 1102 1334 1128 tam
1346 1099 1409 1136 ipso
1424 1100 1572 1128 Gunberto
1587 1100 1710 1135 vivente,
1727 1108 1817 1137 quam

988 1149 1054 1183 post
1069 1146 1183 1174 obitum
1192 1146 1265 1181 ejus,
1282 1144 1461 1172 inconvulsae
1473 1146 1622 1177 maneant,
1639 1144 1716 1173 Sicut
1731 1145 1818 1173 hodie

988 1192 1047 1219 illic
1060 1191 1203 1227 pertinere
1215 1191 1390 1217 noscuntur.
1404 1189 1507 1216 Moneo
1515 1189 1604 1216 etiam
1617 1191 1645 1217 et
1659 1191 1816 1222 contestor,

988 1244 1040 1272 per
1055 1236 1153 1271 ipsum
1176 1234 1333 1262 Dominum
1359 1234 1551 1267 Salvatorem,
1568 1242 1670 1262 omnes
1691 1236 1817 1262 rectores

988 1280 1078 1315 hujus
1094 1278 1213 1306 caanobii
1230 1279 1386 1315 praesentes
1401 1278 1694 1314 futurosquenechoo
1710 1281 1817 1306 nostra;

989 1323 1170 1352 auctoritatis
1185 1325 1393 1350 testamentum
1414 1322 1597 1358 malignitate
1621 1322 1753 1358 qualibet
1773 1322 1816 1349 in-

990 1369 1115 1404 fringere
1131 1367 1349 1403 quantumlibet
1362 1366 1568 1394 moliantur.At
1578 1367 1672 1402 siquis
1681 1375 1769 1403 quam
1781 1367 1818 1394 fe-

989 1413 1069 1446 cerit,
1086 1412 1214 1448 impreco
1223 1413 1325 1439 contra
1339 1419 1406 1439 eum
1414 1411 1506 1438 Deum
1521 1411 1818 1447 omnipotentemom-

990 1466 1101 1493 nesque
1118 1457 1307 1492 sanctosejus
1317 1455 1501 1489 ultores,una
1512 1463 1579 1483 eum
1591 1455 1748 1483 animabus
1759 1456 1817 1484 Deo

991 1501 1111 1534 devotis,
1130 1501 1179 1536 qui
1191 1500 1244 1527 has
1257 1500 1298 1527 illi
1308 1507 1355 1527 res
1368 1499 1564 1527 contulerunt.
1575 1500 1714 1528 Utautem
1728 1500 1818 1536 hujus

990 1545 1156 1573 testamenti
1175 1544 1297 1572 ﬁrmitas
1309 1544 1433 1580 perfecte
1441 1545 1604 1579 roboratur,
1613 1553 1703 1572 manu
1717 1545 1819 1581 propia

991 1589 1232 1625 subscripsimus,
1249 1590 1278 1616 et
1293 1588 1563 1616 reverentissimum
1579 1589 1748 1625 episcopum
1764 1598 1818 1617 no-

991 1637 1085 1662 strum
1101 1633 1287 1661 Humt'ridum
1296 1633 1511 1670 subscriptione
1521 1641 1575 1661 sua
1590 1634 1726 1662 roborare
1735 1640 1817 1671 roga-

991 1688 1099 1706 VimUS.

103 1722 320 1751 monasterium
335 1723 429 1750 Sithiu
445 1723 623 1759 sepelierunt
643 1723 672 1750 in
698 1723 819 1751 basilica
840 1723 934 1751 sancti
950 1714 971 1747 ί]
1027 1735 1041 1749 κ
1055 1725 1159 1752 Actum
1178 1723 1239 1751 aria
1263 1721 1453 1754 monasterio,
1478 1725 1511 1750 ut
1535 1722 1681 1751 Kalendas
1698 1723 1817 1758 Aprilis,

102 1767 227 1801 Bertini,
237 1776 335 1795 coram
345 1767 435 1795 altare
450 1768 566 1795 Domini
579 1767 737 1795 Salvatoris
752 1770 780 1795 et
794 1767 934 1795 cruciﬁxi.

100 1820 272 1850 LXXXVIII.
296 1821 478 1857 Privilegz'um
509 1821 641 1850 Adalardz
671 1821 777 1848 abbatis
805 1821 838 1849 de
865 1821 936 1848 cella

280 1857 390 1885 Domini
405 1857 554 1885 Saluatoris
564 1858 595 1884 in
609 1857 763 1884 Slcneland.

136 1902 187 1938 (27
202 1901 280 1929 Mart.
295 1901 370 1938 857.)
393 1912 407 1926 ‹‹
432 1902 618 1937 Quaecunque
642 1904 768 1929 rectores
788 1901 934 1928 Ecclesia-

100 1954 171 1974 rum
186 1945 281 1983 Deum
296 1946 470 1974 timentibus
480 1955 494 1973 e
521 1945 689 1973 amantibus
700 1945 735 1973 ad
748 1947 814 1972 vota
827 1953 935 1972 annue-

101 1991 172 2025 rint,
191 1990 222 2018 in
238 1990 285 2018 his
298 1991 398 2027 procul
415 1990 505 2018 dubio
516 1990 566 2017 Dei
575 1998 605 2017 se
616 1989 796 2017 voluntatem
812 1989 935 2025 implere

101 2043 161 2063 non
174 2034 322 2063 dubitant.
333 2034 445 2071 Idcirgo
455 2043 517 2071 ego,
530 2035 559 2061 in
569 2034 619 2062 Dei
627 2034 755 2066 nomine,
770 2033 935 2062 Adalardus

101 2078 197 2108 abbas
213 2079 383 2108 monasterii
400 2079 493 2107 sancti
510 2079 598 2112 Petri,
611 2079 751 2106 vocabulo
768 2078 874 2112 Sithiu,
885 2079 933 2106 ubi

101 2124 200 2152 sancti
212 2123 519 2152 DominiAudomarus
531 2124 726 2158 Bertinusque
737 2123 933 2159 requiescunt,

101 2170 209 2197 notum
219 2177 284 2208 esse
299 2168 363 2196 volo
379 2171 486 2196 sancta:
511 2168 646 2195 Ecclesiae
672 2167 797 2195 Deicolis
811 2176 936 2204 praesen-

100 2213 184 2241 tibus
200 2214 289 2249 atque
300 2212 496 2249 futuris,quia
504 2212 598 2240 ﬁdelis
610 2212 658 2240 Dei
670 2211 823 2247 ipsiusque
840 2212 934 2240 sancti

99 2256 170 2291 lo‘ei,
187 2258 216 2285 et
231 2258 340 2291 noster,
348 2257 539 2291 Gunthertus,
557 2257 730 2292 parvitatem
743 2259 872 2284 nostram
889 2265 936 2292 pe-

99 2302 157 2336 tiit,
178 2303 211 2341 ut
225 2302 413 2330 traditionem
429 2301 522 2338 patris
538 2301 584 2329 sui
600 2301 729 2329 Goiberti
746 2309 778 2328 ac
797 2309 881 2328 suam
900 2302 935 2329 de

99 2345 308 2375 cella'Domini
332 2346 491 2375 Salvatoris
517 2346 547 2373 in
571 2345 740 2378 Steneland,
762 2346 822 2373 sive
835 2346 934 2373 Sancti

98 2390 271 2430 Salvatoris,
288 2392 388 2419 nostro
400 2391 489 2418 etiam
496 2392 672 2418 testamento
679 2390 933 2418 conﬁrmaremus.
950 2398 973 2430 D

99 2428 198 2471 Cujus
210 2428 354 2474 voluntati
366 2437 394 2463 et
408 2434 744 2474 petitionilibentissime
760 2437 932 2467 annuentes,

100 2479 136 2519 ob
152 2481 242 2508 suam
258 2472 409 2516 patrisque
424 2479 471 2507 sui
493 2472 655 2515 praescripti
671 2478 747 2506 circa
762 2478 933 2514 praedictum

100 2520 240 2552 sanetum
250 2524 416 2552 ‘eenobium
427 2523 609 2551 devotionem
620 2525 648 2550 et
654 2522 813 2558 plurimam
826 2523 866 2550 uti
871 2523 937 2551 lita-

99 2570 172 2603 tum,
190 2561 350 2597 statuimus
365 2568 427 2596 vice
442 2568 528 2596 Deiet
536 2570 706 2596 sanctorum
720 2568 794 2603 ejus,
812 2570 842 2595 ut
859 2568 936 2596 sicut

98 2607 316 2652 uelamentum
328 2614 392 2649 jam
408 2613 491 2641 dictis
507 2613 674 2641 traditionis
691 2614 808 2640 resonat
824 2613 936 2648 absque

99 2657 193 2698 ullius
208 2653 415 2686 centrarietate
430 2666 476 2686 res
488 2657 559 2694 ipsa;
576 2657 612 2685 ad
624 2657 755 2693 ipsorum
778 2657 936 2693 praedeces-

99 2697 392 2742 sorumquesuorum
401 2702 617 2738 eleemosynam
624 2702 821 2737 peragendam
833 2710 934 2738 perpe-

99 2747 221 2787 tualitar
249 2748 386 2781 maneat;
412 2748 533 2783 ipseque
559 2746 760 2779 Gunthertus,
791 2747 933 2781 quandiu,

98 2791 217 2821 Christo
239 2794 398 2827 annuente,
412 2792 517 2820 vixerit
545 2791 676 2827 ipsarum
697 2791 933 2827 procurationem

98 2837 127 2864 et
139 2829 318 2873 potestatem
334 2837 370 2865 ad
386 2844 461 2873 opus
483 2830 655 2864 manasterii
680 2835 777 2863 Sithiu
793 2835 931 2871 (habeat;

98 2882 161 2918 qui,
179 2881 206 2909 si
222 2881 310 2910 citius
319 2881 409 2909 vitam
416 2881 535 2914 ﬁnierit,
545 2888 632 2916 quem
640 2880 703 2916 ipse
712 2880 877 2915 probaverit
887 2880 931 2908 vel

98 2925 223 2963 elegerit
237 2926 268 2954 in
284 2926 450 2962 provisione
473 2925 624 2960 suscipiat.
657 2924 750 2959 thue
770 2925 931 2952 secundum

990 1767 1284 1796 annoincarnationis
1293 1767 1480 1800 Domini856,
1491 1769 1519 1794 et
1533 1766 1675 1794 bissextili
1693 1775 1818 1795 ascensu

990 1822 999 1841 ι
1017 1813 1175 1840 indictione
1189 1821 1216 1843 v,
1231 1819 1265 1839 ac
1276 1811 1460 1845 embolis‘mo,
1472 1811 1593 1838 sabbato
1605 1813 1672 1838 ante
1687 1810 1818 1839 modium

990 1856 1235 1893 quadragesima),
1255 1864 1332 1883 anno
1347 1863 1415 1889 xvu,
1432 1857 1572 1890 regnante
1582 1855 1689 1882 domno
1706 1856 1818 1892 Carolo,

990 1910 1056 1929 cum
1074 1901 1161 1928 fratre
1177 1899 1320 1928 Ludovico
1335 1908 1368 1927 ao
1384 1901 1488 1934 nepote
1504 1899 1650 1927 Lothario.

1027 1957 1040 1970 α
1055 1946 1112 1982 Ego
1128 1944 1303 1977 Adalardus,
1319 1944 1421 1978 abbas,
1448 1944 1566 1980 propria
1587 1952 1677 1972 manu
1693 1945 1817 1973 ﬁrmavi.

1026 2002 1039 2015 α
1058 1990 1117 2026 Ego
1132 1989 1322 2023 Humeridus,
1339 1988 1506 2025 episcopus,
1528 1989 1584 2017 hac
1607 1991 1818 2018 testamentum

989 2035 1108 2071 propria
1123 2043 1213 2062 manu
1230 2034 1354 2061 ﬁrmavi.
1696 2033 1704 2040 '

1028 2091 1041 2103 »
1057 2079 1115 2115 Ego
1131 2079 1204 2114 ipse,
1220 2078 1251 2105 in
1262 2078 1312 2105 Dei
1327 2077 1453 2111 nomine,
1465 2079 1656 2113 Guntbertus,
1674 2081 1817 2115 peccator,

990 2124 1108 2158 iubente
1120 2123 1227 2151 domno
1244 2123 1347 2150 abbate
1358 2122 1502 2150 Adalardo
1519 2126 1547 2151 et
1563 2125 1711 2151 annuente
1725 2124 1819 2159 preci-

990 2169 1045 2196 bus
1062 2168 1146 2201 meis,
1164 2176 1223 2195 una
1239 2175 1306 2195 cum
1322 2166 1480 2195 venerabili
1497 2168 1632 2204 episcopo
1651 2168 1816 2202 Hnmfrido,

990 2212 1163 2249 subscripsi.
1182 2224 1196 2237 ››
1543 2218 1546 2223 '

990 2288 1128 2316 LXXXIX.
1153 2288 1334 2323 Privilegz'um
1359 2287 1451 2315 Caroli
1474 2288 1546 2322 regis
1566 2287 1598 2315 (le
1614 2288 1685 2316 cella
1709 2288 1819 2316 Domini

1220 2324 1372 2351 Salvatoris
1388 2324 1418 2350 in
1432 2323 1589 2351 Sleneland.

1025 2391 1080 2427 (25)
1095 2391 1167 2419 Julii
1181 2390 1257 2425 866.)
1273 2401 1286 2415 ‹‹
1304 2389 1335 2418 In
1352 2389 1470 2418 nomine
1494 2384 1602 2418 sancta
1618 2392 1647 2418 et
1661 2390 1817 2418 individuas

989 2435 1151 2463 Trinitatis.
1169 2435 1300 2468 Carolus,
1326 2435 1421 2470 gratia
1445 2434 1505 2468 Dei,
1519 2440 1582 2462 rex.
1599 2434 1751 2463 Debitores
1762 2443 1817 2463 nos

989 2479 1070 2516 regia
1084 2478 1255 2507 excellentia
1270 2479 1417 2512 novunue,
1434 2482 1467 2506 ut
1478 2482 1627 2507 servorum
1642 2479 1818 2507 Dei'déVotis

990 2524 1248 2552 constitutionibus
1262 2526 1290 2551 et
1306 2524 1474 2551 ﬁrmitatem
1488 2526 1516 2551 et
1527 2524 1727 2551 defensionem
1738 2517 1821 2552 adhi‘

989 2569 1130 2603 beamus;
1148 2568 1235 2604 idque
1250 2567 1333 2596 novis
1343 2568 1466 2596 vitam'et
1481 2568 1611 2596 futuram
1627 2561 1818 2597 beatitudiem

990 2614 1175 2650 profuturum
1193 2622 1250 2640 non
1268 2613 1450 2640 dubitamus.
1468 2613 1606 2641 Noverint
1616 2613 1707 2650 igitur
1717 2616 1820 2641 omnes

990 2658 1090 2686 ﬁdeles
1107 2660 1214 2686 sanctae
1233 2657 1280 2685 Dei
1296 2657 1430 2685 Ecclesiae
1447 2662 1475 2684 et
1490 2658 1582 2685 nostri
1601 2660 1761 2694 pressantes
1777 2661 1819 2686 at-

991 2711 1047 2739 que
1061 2702 1164 2737 futuri,
1178 2702 1247 2738 quia
1261 2701 1437 2729 venerabilis
1452 2702 1497 2729 vir
1507 2702 1690 2737 Humﬁ'idus,
1707 2703 1818 2739 episco-

991 2756 1046 2784 pus
1062 2749 1089 2775 et
1105 2747 1206 2781 abbas,
1224 2748 1356 2774 nostram
1373 2747 1457 2783 petiit
1482 2742 1695 2775 sublimitatem
1711 2747 1746 2775 de
1762 2747 1819 2775 cel-

989 2792 1058 2819 lulis
1074 2792 1252 2828 quibusdam
1265 2791 1293 2818 in
1311 2791 1424 2819 dicmesi
1438 2800 1502 2825 sua,
1513 2792 1623 2820 scilicet
1632 2791 1731 2819 inloco
1746 2798 1819 2818 nun-

989 2838 1093 2872 eupato
1110 2835 1478 2870 Saneti’Salva'toris,’sive‘
1495 2836 1761 2871 Steneland,qixam
1776 2835 1816 2861 'in

988 2881 1098 2908 honore
1113 2880 1229 2907 Domini
1248 2879 1295 2907 Dei
1311 2880 1470 2908 Salvatoris
1495 2881 1564 2908 Jcsu
1580 2879 1687 2907 Christi
1703 2887 1818 2906 venera-

988 2925 1056 2953 bilis
1073 2926 1207 2952 matrona
1223 2924 1375 2958 Bortruﬂa,
1392 2933 1452 2953 una
1466 2927 1538 2954 cuni
1546 2924 1614 2951 ﬁlio
1624 2921 1815 2958 Θοῶθῇηῠιιίη
