3882 6504
538 29 3882 193 ﬂ

188 610 350 677 i885

1182 608 1571 676 EPISTULA
1615 609 1718 674 AD
1760 607 2203 675 AUGIENSES
2248 608 2637 674 FRATRES.

3452 608 3617 676 ’1286

192 763 368 820 quem
400 744 727 803 fraternum
757 742 960 802 odium
989 744 1271 803 maculat.
1301 746 1345 803 Ο
1377 732 1568 802 diram
1590 748 1808 802 sortem
1838 742 1851 799 !
1882 744 1941 816 Α
1970 748 2059 800 ter
2088 744 2418 815 mordebar,
2474 761 2594 819 qua
2619 743 2799 802 falsos
2846 744 3228 820 philosophos
3283 744 3483 819 culpat
3523 746 3617 807 his

191 852 309 910 qua
322 834 1035 904 humananatura,rclicta
1048 834 1525 892 rationabilitatis
1543 834 1846 907 dignitate,

191 924 264 982 ad
317 924 568 981 ferinam
614 941 677 981 se
729 924 1057 981 conformat
1101 925 1306 994 vitam,
1361 924 1513 980 sicut
1566 924 1851 998 scriptum

191 1017 281 1071 est
313 1031 329 1082 ;
358 1015 526 1071 Homo
554 1029 680 1070 cum
711 1014 772 1068 in
801 1013 1005 1070 honore
1034 1021 1188 1083 esset,
1222 1030 1335 1070 non
1363 1014 1636 1070 intellexit
1652 1030 1674 1076 ;
1711 1029 1854 1069 com-

185 1109 416 1176 paratus
445 1106 524 1158 est
546 1104 816 1174 jumentis
864 1103 1280 1176 insipientibus,
1328 1106 1381 1158 et
1419 1102 1631 1158 similis
1673 1105 1853 1174 factus

190 1199 272 1248 est
297 1191 436 1248 illis.
472 1191 612 1247 Inde
640 1191 903 1265 estquod
937 1190 999 1247 in
1019 1190 1328 1265 Evangelio
1355 1191 1641 1247 Herodem
1663 1191 1853 1251 Domi:

186 1279 569 1354 nus’vulpem
604 1279 881 1354 appellat.
913 1282 1009 1348 Ite,
1036 1280 1335 1352 inquiens,
1372 1280 1536 1336 dicite
1564 1281 1720 1352 vulpi
1741 1281 1849 1335 illi.
1921 1284 1924 1288 “

186 1370 260 1427 Et
285 1368 601 1427 Psalmista
632 1386 645 1425 :
678 1371 891 1437 Partes,
924 1368 1139 1443 inquit,
1170 1370 1422 1441 vulpium
1449 1376 1628 1425 erunt.
1643 1369 1852 1437 Canes,

184 1474 423 1531 porcos,
472 1462 540 1514 ut
584 1474 601 1514 :
651 1459 830 1515 Nolite
875 1467 1124 1514 sanctum
1181 1458 1316 1514 dare
1374 1459 1626 1530 canibus,
1680 1454 1856 1529 neque

190 1547 425 1603 mittatis
476 1549 816 1618 margaritas
878 1550 1086 1603 vestras
1152 1551 1282 1603 ante
1350 1563 1563 1619 porcos.
1628 1548 1854 1604 Tauros

188 1634 427 1707 vitulos,
459 1640 527 1692 ut
558 1652 572 1691 :
606 1635 1092 1692 Circumdederunt
1136 1652 1224 1691 me
1274 1637 1440 1692 vituli
1485 1637 1669 1704 multi,
1703 1637 1858 1692 tauri

187 1726 426 1798 pingues
453 1725 776 1781 obsederunt
805 1742 911 1780 me.
945 1725 1210 1796 Nequam
1239 1725 1507 1781 homines
1546 1724 1609 1781 in
1640 1725 1857 1781 divinis

188 1812 595 1870 voluminibus
626 1812 950 1888 appellatos
983 1812 1325 1869 invenimus
1355 1817 1620 1881 eatenus,
1653 1817 1719 1869 ut
1739 1831 1855 1869 non

185 1900 388 1959 solum
422 1901 767 1958 nominibus
815 1899 1188 1968 animalium,
1227 1918 1423 1957 veram
1470 1902 1647 1958 etiam
1682 1903 1858 1958 rebus

181 1990 643 2048 insensibilibus
673 1993 1111 2063 comparentur.
1144 1989 1438 2062 Scriptum
1470 1990 1689 2063 quippe
1717 1995 1808 2046 est
1840 2008 1853 2046 :

184 2082 323 2136 Ecce
352 2072 538 2149 gente:
587 2080 749 2150 quasi
797 2079 955 2134 stilla
994 2078 1203 2151 situla,
1250 2082 1301 2134 et
1338 2080 1503 2150 quasi
1520 2088 1859 2135 momentum

177 2171 416 2225 staterae
445 2171 880 2239 reputatesunt.
915 2167 1058 2222 Item
1091 2183 1109 2222 :
1143 2168 1337 2223 Omnes
1366 2171 1549 2238 gentes
1577 2170 1740 2241 quasi
1750 2185 1861 2224 non

180 2257 327 2321 sint,
359 2257 411 2312 si
437 2260 568 2311 sunt
596 2272 782 2311 coram
827 2271 910 2322 eo,
942 2263 992 2311 et
1043 2258 1207 2328 quasi
1232 2264 1569 2312 momentum
1614 2261 1665 2313 et
1694 2258 1861 2314 inane

180 2345 461 2415 reputatae
490 2350 617 2397 sunt
640 2343 712 2398 ei.
748 2342 828 2397 Ex
855 2359 971 2414 quo
1002 2341 1227 2414 liquido
1254 2341 1551 2415 colligitur
1579 2359 1679 2399 eos
1709 2344 1863 2400 inter

185 2434 401 2507 gentes
429 2429 779 2501 computari,
813 2431 914 2501 qui
946 2430 1073 2486 sine
1104 2430 1381 2503 operibus
1399 2431 1733 2489 Christiano
1764 2451 1863 2490 no-

186 2519 356 2576 mine
378 2536 440 2575 se
470 2519 741 2591 insigniri
774 2518 1121 2592 gloriantur.
1170 2520 1319 2593 Ergo
1370 2519 1745 2577 ultroneitate
1775 2540 1863 2578 ar-

184 2608 352 2665 bitrii
381 2606 493 2666 sibi
526 2623 807 2664 concessa
855 2608 1170 2664 abutentes
1214 2607 1296 2663 ait
1356 2609 1863 2668 irrationabilibus

170 2696 555 2755 animalibus
569 2701 1005 2769 comparantur,
1030 2700 1132 2752 aut
1146 2697 1203 2752 in
1223 2695 1472 2753 nihilum
1493 2699 1861 2772 rediguntur,

185 2803 450 2862 quorum
479 2785 668 2843 exitus
692 2803 847 2842 unus
863 2790 971 2842 est.
1004 2785 1087 2842 Ne
1113 2786 1334 2858 putetis
1357 2803 1449 2843 me
1463 2788 1866 2846 doctrinaliter

185 2875 348 2934 velle
378 2875 563 2948 loqui,
580 2876 832 2932 excitare
848 2879 1048 2931 tamen
1080 2879 1308 2932 mentes
1331 2881 1552 2933 vestras
1578 2877 1725 2946 volo,
1751 2896 1866 2951 que

189 2952 255 3022 et
284 2961 569 3025 cucullati
590 2963 891 3022 lasciviam
918 2967 976 3020 et
1004 2980 1097 3020 me
1118 2981 1235 3020 non
1268 2964 1501 3037 qualem
1522 2967 1749 3038 putavit
1766 2984 1864 3024 co—

194 3050 903 3128 gnOscatis.Narrationis
933 3052 1130 3126 itaque
1160 3055 1302 3110 ordo
1342 3054 1415 3109 ab
1445 3054 1557 3111 hoc
1585 3054 1717 3112 loco
1741 3074 1865 3114 cre-

192 3143 369 3201 ditur
395 3142 787 3201 ordinandus.

210 3288 213 3289 ν
266 3231 431 3292 Quod
459 3231 601 3283 fateo
631 3235 839 3283 vestras
867 3233 1052 3283 forsan
1082 3233 1333 3297 pervenit
1362 3233 1427 3283 ad
1459 3248 1638 3285 aures.

274 3338 649 3397 Venerabilis
680 3356 781 3397 rex
809 3340 941 3397 Otto
972 3356 1125 3414 saepe
1165 3341 1319 3413 apud
1352 3340 1535 3417 Italiae
1570 3342 1867 3417 principes

193 3430 573 3505 quibusdam
586 3428 993 3486 moliminibus
1008 3429 1444 3502 egit,quatenus
1461 3432 1532 3488 ad
1550 3431 1672 3489 haec
1689 3449 1869 3506 regna

174 3485 501 3603 ‘e‘vocarer.
526 3519 635 3575 Sed
671 3518 826 3576 enim
844 3518 982 3591 quia
1003 3535 1118 3574 non
1149 3518 1349 3575 alicuti
1379 3519 1461 3576 ita
1489 3485 1863 3593 subjicieli’ar,
1895 3485 1941 3555 Ο

172 3612 398 3684 meque
414 3612 533 3665 tam
555 3606 800 3664 humilis
819 3608 1063 3663 fortuna;
1080 3607 1433 3675 habebar,ut
1460 3608 1588 3682 cogi
1603 3627 1865 3682 possem,

185 3698 392 3773 vorsis
422 3698 498 3755 ad
524 3714 638 3754 me
666 3713 905 3770 precum
955 3695 1211 3765 indiciis,
1264 3696 1714 3768 promissionem
1759 3716 1865 3756 ceu

186 3782 425 3863 pignus
449 3786 720 3844 veniendi
752 3786 995 3858 accepit.
1022 3786 1216 3857 quue
1237 3787 1456 3842 factum
1487 3792 1577 3843 est
1597 3792 1661 3843 ut
1690 3804 1757 3844 eo
1791 3790 1863 3845 ab

184 3875 371 3934 Italia
386 3875 693 3944 redeunte,
716 3892 835 3930 una
850 3875 1132 3943 venerim,
1155 3874 1408 3947 negotio,
1440 3879 1506 3930 ut
1527 3891 1660 3931 vera
1682 3877 1867 3934 fatear

183 3963 360 4023 ultra
387 3962 658 4039 proprias
672 3963 824 4020 vires
843 3966 1139 4035 suscepto.
1161 3964 1284 4029 Quo
1305 3980 1421 4019 non
1455 3961 1736 4021 charitate
1759 3966 1866 4022 im-

170 4044 529 4128 pellimur?
561 4054 684 4120 Quo
715 4070 831 4109 non
864 4052 1124 4108 fraterna
1173 4051 1557 4109 delectatione
1593 4071 1866 4126 provoca—

182 4143 386 4203 mur?
416 4141 695 4201 Gordium
727 4144 1022 4199 scrutator
1068 4141 1225 4198 Deus
1256 4141 1369 4197 scit
1407 4157 1521 4197 non
1553 4159 1620 4199 eo
1652 4160 1745 4200 me
1772 4161 1865 4201 ve-

181 4233 361 4292 nisse
392 4236 463 4289 ut
485 4228 661 4288 alicui
689 4247 979 4299 nocerem,
1011 4246 1213 4286 verum
1245 4247 1360 4302 quo
1383 4229 1588 4287 multis
1618 4233 1864 4304 prodes-

180 4316 349 4382 δέω.
384 4321 591 4395 Neque
621 4319 879 4394 processi
897 4318 1078 4375 veluti
1096 4319 1371 4375 Britanus
1389 4319 1635 4392 spiculis
1668 4320 1864 4378 hirsu-

178 4417 291 4471 tus
321 4409 829 4485 reprehensionis,
864 4409 967 4465 sed
1018 4424 1261 4465 munere
1304 4407 1627 4466 charitatis.
1662 4410 1866 4468 Sciunt

178 4510 284 4561 me
332 4516 544 4558 revera
586 4498 718 4568 fari,
771 4498 873 4571 qui
924 4496 1131 4554 munia
1179 4495 1510 4554 litterarum
1561 4516 1677 4556 non
1718 4500 1863 4556 mihi

176 4589 446 4664 penitus
476 4587 683 4659 abesse
714 4587 1071 4644 didicerunt.
1109 4586 1313 4642 Munia
1354 4586 1683 4646 litterarum
1710 4590 1861 4659 dico,

175 4696 307 4739 non
374 4675 650 4736 insidiari
704 4676 929 4746 fraude,
971 4676 1071 4733 sed
1110 4691 1179 4732 ex
1210 4675 1515 4743 dilectione
1561 4678 1705 4735 velle
1736 4697 1866 4752 pro-

124 4769 388 4847 ‘tdesse.
424 4767 536 4824 Per
563 4766 815 4839 abrupta
859 4765 1042 4840 igitur
1090 4765 1379 4821 montium
1432 4783 1498 4822 ac
1541 4768 1866 4842 praecipitia

1963 832 2157 889 verbis
2192 848 2207 888 :

2024 931 2197 981 Rarus
2222 944 2400 982 sermo
2425 931 2555 993 illis,
2585 932 2677 983 sed
2706 946 2903 998 magna
2929 931 3098 983 libido
3125 931 3359 982 tacendi.

2034 1020 2177 1085 Quis
2225 1020 2335 1077 hoc
2392 1021 2464 1077 de
2522 1021 2808 1079 monacho
2859 1022 3081 1078 dictum
3113 1021 3417 1079 crederet?
3458 1022 3621 1081 Unde

1962 1108 2164 1180 gentili
2216 1108 2441 1166 homini
2499 1110 2755 1183 cognitio
2817 1108 3121 1167 cucullata:
3192 1110 3623 1183 perversitatis?

1963 1199 2245 1270 Ignorans
2263 1198 2443 1254 vitam
2470 1198 2730 1268 laetabar,
2766 1203 2941 1271 atque
2964 1200 3369 1272 exspectabam
3403 1199 3453 1257 si
3478 1200 3624 1257 forte

1964 1285 2117 1342 inter
2154 1303 2317 1342 raros
2369 1304 2645 1345 susurros
2693 1287 3087 1360 philosophici
3140 1287 3323 1344 studii
3366 1287 3624 1368 scintilla

1964 1373 2227 1431 micaret.
2256 1374 2586 1443 Nihilinde,
2621 1377 2722 1432 sed
2742 1376 2967 1432 fraudis
3002 1375 3306 1433 molimina
3333 1378 3623 1451 paraban-

1963 1467 2079 1519 tur.
2112 1465 2325 1520 Aderat
2356 1464 2651 1537 siquidem
2675 1463 2865 1537 pusio,
2890 1464 3161 1536 interque
3189 1462 3485 1538 principes
3506 1482 3627 1522 mo-

1965 1553 2225 1620 rabatur,
2251 1568 2426 1625 quem
2445 1552 2781 1625 frequenter
2797 1552 3117 1626 aspiciebat
3137 1551 3419 1626 magister
3433 1552 3626 1627 qualis

1967 1640 2162 1713 qualis
2193 1642 2253 1696 in
2287 1640 2482 1697 hircos
2509 1640 2695 1698 oculis
2715 1642 3155 1713 reﬂexis,atque
3184 1640 3626 1716 interaspectus

1968 1729 2255 1801 ringebat,
2290 1730 2446 1801 quod
2474 1729 2714 1786 delicias
2765 1747 2904 1785 suas
2962 1728 3303 1802 potentibus
3333 1729 3628 1788 adhaerere

1967 1820 2251 1885 cerneret,
2282 1822 2351 1873 ut
2389 1834 2521 1874 reor
2552 1818 2836 1874 interesse
2875 1834 2989 1875 non
3049 1821 3266 1890 putans
3299 1818 3627 1892 quidquam

1968 1905 2301 1961 castitatem
2352 1905 2603 1963 turturis
2661 1911 2719 1962 et
2756 1906 3180 1963 obscenitatem
3238 1907 3496 1980 perdicis
3523 1908 3629 1967 Hic

1967 2010 2103 2049 cum
2135 1995 2511 2067 egrederetur
2525 1999 2584 2051 et
2598 1994 3024 2067 ingrederetur,
3044 1995 3625 2071 committebatdisci,

1968 2080 2139 2154 pulos
2172 2099 2319 2155 quas
2349 2084 2595 2156 parabat
2625 2084 2880 2140 fraudes.

2035 2190 2146 2254 Nox
2177 2192 2318 2254 erat,
2342 2194 2403 2254 et,
2422 2203 2645 2240 somnus
2674 2204 2830 2239 curas
2858 2203 3100 2254 marcore
3130 2191 3422 2254 premebat,

2029 2252 2233 2315 Jusque
2262 2252 2359 2302 sibi
2391 2252 2447 2300 in
2476 2256 2658 2301 saturo
2687 2253 2946 2315 poscebat
2973 2252 3158 2303 ventre
3189 2254 3381 2304 Liuius.

1970 2357 2116 2413 Cum
2176 2358 2409 2413 fortuna
2464 2358 2576 2413 fuit
2622 2359 2681 2413 in
2739 2358 3113 2416 sermonibus
3166 2359 3389 2416 frivolis
3449 2362 3629 2420 unius

1971 2463 2144 2503 casus
2157 2447 2478 2503 mutatione
2495 2447 2861 2516 offenderim,
2878 2448 3148 2520 ponendo
3172 2448 3443 2507 videlicet
3457 2467 3629 2509 accu-

1971 2537 2223 2592 sativum
2255 2553 2361 2609 pro
2392 2536 2663 2593 ablativo.
2697 2537 2860 2593 Tunc
2890 2538 3143 2611 denique
3164 2536 3361 2611 palam
3409 2540 3628 2599 factum

1973 2630 2083 2695 est,
2119 2626 2272 2698 quod
2324 2642 2429 2699 per
2468 2629 2660 2682 totum
2705 2626 2861 2682 diem
2906 2614 3187 2698 magister
3223 2625 3631 2700 improbabilia

1974 2714 2971 2787 eruditionisdocueritdiscipulum
2986 2715 3049 2770 in
3081 2714 3363 2771 laudibus
3392 2716 3634 2775 obsecu-

1974 2803 2173 2859 tionis.
2225 2803 2425 2859 Adfuit
2472 2808 2673 2860 tamen
2724 2819 2900 2877 quem
2943 2820 3125 2877 supra
3152 2803 3464 2876 pusionem
3487 2806 3628 2876 dixi,

1976 2892 2225 2965 culpane
2253 2896 2374 2948 tam
2402 2909 2575 2966 grave
2608 2892 2839 2949 facinus
2857 2891 3203 2949 mutationis
3225 2893 3402 2949 unius
3433 2910 3628 2965 casus,

1978 2997 2247 3038 asserens
2278 2997 2371 3037 me
2400 2997 2602 3038 senem
2623 2980 2994 3038 scholaribus
3016 2980 3265 3054 dignum
3294 2982 3633 3056 ﬂagellis,et

1976 3069 2087 3126 hoc
2117 3069 2412 3126 lascivulis
2441 3070 2729 3138 versibus,
2762 3070 2934 3143 quasi
2982 3069 3044 3126 in
3075 3069 3187 3127 hoc
3216 3070 3455 3145 sapiens
3482 3072 3630 3129 mihi

1977 3158 2290 3216 cucullatio
2318 3159 2631 3217 videretur.
2661 3159 3082 3217 Verumtamen
3100 3159 3233 3233 quis
3254 3160 3487 3234 ignorat
3509 3177 3633 3219 ver-

1979 3265 2082 3305 sus
2112 3247 2472 3306 lascivientis
2502 3248 2774 3309 monachi
2808 3248 2836 3303 ‘l
2865 3248 2994 3306 Otio
3022 3265 3338 3317 vacans,os
3351 3250 3557 3324 aperit,
3575 3254 3633 3308 et

1978 3353 2189 3411 poema
2215 3337 2451 3406 emittit,
2481 3336 2763 3411 ignorans
2779 3337 3164 3395 ceconomiam
3179 3338 3480 3408 carminis,
3495 3356 3634 3413 pur~

1977 3443 2226 3500 pureum
2255 3443 2519 3500 pannum
2551 3427 2653 3500 qui
2682 3427 2830 3484 bene
2859 3426 3165 3500 splendeat
3190 3444 3378 3485 unum
3407 3432 3466 3485 et
3488 3428 3639 3495 alte;

1981 3534 2111 3573 rum
2142 3516 2421 3584 inserere,
2472 3532 2666 3573 mores
2714 3519 2915 3572 :etates
2943 3531 3277 3588 personare,
3322 3516 3632 3574 observare

1977 3604 2298 3678 dignitates
2330 3605 2389 3661 in
2420 3604 2579 3676 poesi
2612 3604 2802 3660 nescit
2830 3604 3078 3676 Porrigit
3122 3606 3354 3660 tantum
3384 3604 3549 3660 labra
3572 3610 3632 3662 et

1975 3694 2188 3764 ejactat
2214 3709 2422 3765 poema
2448 3710 2462 3761 ;
2495 3692 2651 3764 quod
2680 3691 2916 3750 Persius
2963 3708 3079 3749 non
3123 3695 3383 3749 mentem
3412 3692 3631 3750 intrare

1975 3781 2139 3850 dicit,
2174 3782 2276 3838 sed
2305 3781 2577 3837 lumbum
2611 3798 2625 3836 :

2038 3916 2051 3929 .
2123 3916 2135 3929 .
2203 3915 2216 3927 .
2288 3915 2301 3928 .
2370 3916 2381 3927 .
2452 3913 2465 3927 .
2538 3916 2557 3941 ,ί
2617 3891 2737 3927 cum
2767 3878 3008 3928 carmina
3036 3877 3282 3941 lumbum

2037 3943 2258 4001 lntrant,
2289 3944 2343 3991 et
2369 3940 2599 3991 tremulo
2630 3941 2945 4003 scalpuntur
2974 3941 3068 3991 ubi
3096 3942 3287 3991 intima
3312 3955 3491 3992 versu.

2045 4039 2207 4098 Item,
2236 4047 2305 4087 ex
2333 4046 2584 4103 persona
2631 4028 2734 4102 qui
2777 4028 2940 4086 molli
2985 4030 3463 4104 pronuntiatione
3491 4049 3630 4107 gau-

1972 4120 2132 4190 dent,
2162 4117 2356 4192 inquit
2387 4135 2402 4176 :

2035 4216 2301 4284 Quidnam
2332 4198 2495 4284 igitur
2512 4218 2807 4284 ?_te_nerum
2839 4220 2892 4268 et
2919 4216 3042 4268 laxa
3069 4218 3275 4284 cervice
3293 4218 3625 4284 legendum,

2031 4281 2204 4330 Torva
2234 4279 2589 4343 Mimalloneis
2619 4279 2909 4343 implerunt
2935 4294 3140 4332 cornua
3166 4279 3407 4343 bombis',

2034 4345 2107 4455 1'53;
2124 4346 2338 4416 raptum
2367 4342 2538 4392 vitulo
2567 4342 2730 4406 caput
2757 4343 3004 4394 ablatura
3031 4343 3265 4407 superbo

2108 4419 2286 4455 ssaris.

2108 4419 2286 4455 SSBI'IS.

2045 4493 2318 4550 Horatius
2350 4493 2421 4550 de
2451 4491 2673 4549 Lucilio
2702 4492 2894 4566 inquit
2924 4510 2939 4551 :

2035 4593 2168 4643 Nam
2196 4590 2299 4641 fuit
2324 4591 2428 4641 hoc
2456 4591 2685 4655 vitiosus
2698 4592 2769 4655 in
2798 4591 2931 4655 hora
2958 4604 3100 4655 saape
3128 4589 3409 4655 ducentos,

2035 4656 2102 4705 Ut
2129 4664 2407 4718 magnum,
2438 4667 2629 4704 versus
2657 4653 2894 4705 dictabat
2921 4653 3071 4704 stans
3098 4653 3234 4718 pede
3263 4654 3319 4704 in
3347 4666 3480 4715 uno,

2044 4762 2249 4820 Fateor
2279 4778 2373 4818 me
2396 4761 2676 4835 juvenem
2708 4761 2818 4818 hoc
2846 4760 2985 4818 vitio
3005 4762 3251 4817 tactum.
3285 4760 3493 4831 Pudet,
3512 4778 3629 4819 non

171 4856 468 4939 vallium,
499 4859 844 4930 perventum
877 4858 966 4912 est
1003 4854 1241 4910 tandem
1284 4855 1354 4909 ad
1387 4855 1446 4911 S.
1482 4855 1630 4912 Galli
1661 4874 1865 4914 mona-
1894 4856 1942 4922 D
1974 4857 2171 4910 tamen
2218 4868 2323 4908 ceu
2381 4851 2625 4924 quidam
2671 4850 2999 4909 monachus
3054 4851 3227 4908 ovina
3268 4851 3394 4909 sine
3451 4845 3630 4909 mori-

156 4945 473 5023 σιδήρεα.
516 4945 696 5003 Porro
754 4944 897 5000 adeo
945 4943 1226 5017 fatigatus
1274 4959 1456 5014 eram,
1509 4950 1575 5000 ut
1603 4963 1862 5005 carerem

170 5051 340 5111 pene
373 5032 574 5091 ofﬁcio
589 5049 876 5089 manuum
908 5036 1187 5089 montano
1220 5030 1434 5106 frigore
1465 5039 1861 5107 perustarum,

171 5126 497 5198 quatenus
513 5137 704 5195 neque
723 5120 971 5195 imponi,
991 5137 1182 5193 neque
1198 5120 1411 5194 deponi
1427 5139 1577 5194 equo
1603 5141 1833 5196 possem
1846 5168 1860 5195 ,

172 5211 303 5271 nisi
327 5210 553 5269 alienis
583 5210 863 5267 manibus
903 5210 1261 5283 dcportarer.
1293 5209 1636 5267 Advenienti
1665 5217 1862 5270 tamen

370 5314 518 5375 epes
568 5302 695 5357 erat
745 5315 964 5355 securae
996 5297 1211 5370 quietis
1243 5298 1305 5353 in
1351 5297 1476 5355 loco
1506 5300 1861 5357 monachica:

166 5380 608 5459 habitationis.
640 5388 926 5445 Videbam
956 5386 1290 5459 frequentes
1321 5387 1581 5460 capitum
1612 5388 1861 5447 inclina-

165 5480 411 5547 tione,
436 5478 568 5553 per
594 5477 750 5555 inter
777 5474 1113 5550 scapularia
1158 5475 1513 5548 compositos
1537 5478 1734 5549 jacere
1766 5496 1865 5535 cu-

168 5560 415 5639 cnllos,‘
442 5566 715 5626 incessus
745 5565 927 5635 lenes,
968 5576 1132 5622 raros
1181 5580 1504 5632 sermones,
1555 5565 1862 5624 nihilmali

164 5646 571 5735 suspicabar,
617 5654 733 5713 nisi
781 5653 924 5728 quia
984 5651 1286 5710 Juvenalis
1337 5655 1627 5711 sententia
1680 5654 1865 5713 laten-

1973 4944 2084 5000 bus
2142 4939 2293 5015 pelle
2337 4940 2594 5014 tegebar.
2644 4941 2726 4997 Ne
2772 4940 2989 5014 putetis
3045 4957 3140 4997 me
3186 4940 3309 4997 haec
3360 4939 3632 5015 proloqui

1972 5036 2040 5089 ut
2068 5030 2355 5105 poematis
2397 5029 2664 5087 studium
2722 5030 2782 5085 in
2834 5033 3233 5104 contemptum
3285 5030 3496 5088 ducere
3532 5046 3632 5088 ve-

1972 5120 2098 5177 lim.
2130 5117 2570 5176 Ecclesiasticos
2608 5120 2785 5176 etiam
2813 5119 2971 5177 viros
3000 5122 3267 5192 poemate
3298 5136 3439 5177 usos
3470 5118 3629 5177 inve-

1972 5209 2111 5278 nio;
2148 5208 2249 5266 sed
2282 5207 2464 5264 miror
2511 5208 2560 5264 si
2593 5214 2791 5265 nostro
2826 5213 3089 5282 tempore
3135 5212 3311 5281 queat
3347 5208 3468 5265 veri
3493 5225 3631 5283 poe-

1975 5297 2151 5355 matis
2180 5296 2435 5369 scriptor
2466 5297 2812 5354 inveniri.Si
2842 5298 3082 5371 quidem
3104 5296 3379 5371 Cinna(1)
3410 5296 3629 5355 librum

1972 5403 2144 5445 suum
2169 5390 2480 5459 Smyrnam
2498 5403 2535 5442 x
2560 5386 2731 5444 annis
2750 5385 3311 5455 elimavit,Horatius
3329 5385 3390 5444 in
3408 5402 3628 5443 nonum

1973 5492 2195 5532 annum
2226 5475 2491 5531 carmina
2507 5475 2634 5533 sine
2652 5477 2891 5551 publica
2905 5477 3230 5535 ostentione
3253 5475 3629 5551 producenda

1971 5564 2262 5642 praecepit.
2295 5563 2442 5620 Hinc
2458 5564 2758 5623 Juvenalis
2786 5567 2858 5624 de
2888 5567 3171 5641 scriptore
3202 5563 3493 5639 poematis
3508 5562 3626 5622 ait:

2034 5664 2239 5726 Magnas
2268 5662 2463 5713 mentis
2492 5676 2648 5728 opus,
2678 5677 2780 5715 nec
2809 5664 2875 5715 de
2905 5664 3078 5718 lodice
3106 5662 3367 5731 paranda.

150 5811 155 5817 .
241 5763 331 5845 (1)
358 5750 566 5827 Cinna
592 5762 706 5825 fuit
732 5765 907 5845 poeta
934 5758 1334 5845 doctissimus,
1361 5759 1607 5845 Virgilio
1637 5762 1901 5845 aequalis,
1925 5761 2036 5845 _qui
2066 5760 2254 5834 ipsius
2284 5760 2558 5845 meminit
2587 5761 2789 5839 ecloga
2816 5764 2872 5823 9.

1105 5839 1240 5906 13am
1268 5852 1446 5906 neque
1475 5840 1651 5893 adhuc
1678 5844 1824 5896 varie
1851 5843 2058 5903 videor,
2075 5853 2252 5906 neque
2283 5839 2459 5893 dicere
2488 5841 2659 5898 Cinna

1106 5901 1294 5973 Digna,
1324 5901 1420 5957 sed
1446 5907 1666 5976 argutos
1691 5901 2072 5981 interstrepere
2102 5901 2302 5960 claros.
