3910 6380
266 414 422 478 1287

264 549 499 606 Persius
524 562 774 620 quoque.

324 658 441 706 Non
470 669 567 717 ego
595 654 803 704 laudari
830 657 1062 717 metuam
1096 652 1139 701 si
1169 651 1304 702 forte
1337 650 1466 715 quid
1497 650 1673 715 aptius
1703 648 1829 708 exit,

325 716 551 777 Quando
581 718 695 767 haec
724 729 846 766 rara
876 716 989 764 avis
1017 720 1114 764 est.
1187 751 1198 763 .
1267 750 1280 762 .
1353 751 1364 762 .
1432 750 1445 762 .

259 817 478 873 Statius
507 831 740 888 quoque
763 813 976 868 librum
1007 827 1183 867 suum
1215 810 1520 883 alloquens
1549 808 1742 880 inquit
1775 824 1786 862 :

322 923 362 970 O
390 921 516 970 mihi
546 921 629 969 bis
657 933 815 968 senos
841 918 1038 968 'l‘bebei
1063 917 1278 980 vigilata
1305 930 1400 980 per
1429 929 1603 965 annos

322 984 448 1035 Vive
478 996 686 1047 precor,
719 996 818 1032 nec
848 986 905 1030 tu
936 979 1173 1030 divinam
1201 979 1422 1029 Eneida
1450 981 1616 1028 tenta.

257 1082 536 1138 Eamdem
566 1084 762 1136 tamen
781 1078 1286 1150 Eneidem,quam
1311 1075 1531 1132 Statius
1549 1073 1825 1146 appellat,
1852 1072 1910 1128 in

256 1175 512 1227 extremo
532 1168 660 1225 vitae
693 1168 925 1240 positus
958 1171 1126 1240 poeta
1161 1165 1597 1222 incmendatam
1645 1161 1910 1217 Vulcano

258 1259 625 1316 committere
655 1257 860 1314 voluit.
891 1257 1016 1312 Non
1065 1272 1271 1328 parum
1325 1254 1629 1310 videbatur
1679 1249 1816 1318 illis,
1848 1255 1914 1307 ut

259 1365 408 1416 reor,
442 1363 680 1420 operam
711 1347 850 1402 dare
881 1345 1263 1402 carminibus.
1297 1344 1464 1400 Nunc
1491 1358 1624 1398 vero
1654 1340 1788 1413 quis
1821 1357 1914 1394 ru~

258 1441 354 1492 cta
381 1441 439 1492 et
467 1435 688 1510 optima
721 1439 991 1508 poemata
1029 1434 1236 1504 jactat,
1291 1449 1418 1504 quae
1468 1435 1665 1486 tamen
1707 1446 1910 1485 scurra

255 1524 492 1580 vicatim
526 1525 830 1597 producat,
866 1523 1190 1579 secundum
1227 1521 1488 1578 Persium
1523 1537 1536 1574 :

318 1624 424 1686 Nec
456 1621 697 1686 pluteum
726 1621 1028 1686 cmdit,_nec
1059 1621 1336 1670 demorsos
1367 1618 1508 1682 sapit
1537 1630 1762 1686 ungues.

321 1680 649 1734 Vult-medio
678 1687 873 1733 terram
906 1683 1106 1745 finique
1137 1695 1399 1744 reponere
1418 1680 1693 1745 met-dam,

319 1750 487 1808 Quam
518 1747 714 1796 lasciva
743 1746 842 1794 sibi
874 1743 1144 1794 modicum
1175 1743 1379 1794 victura
1408 1743 1631 1792 fatiscat.

257 1844 621 1918 Perpendite,
652 1860 870 1918 quzeso,
892 1843 1128 1898 tandem
1151 1841 1293 1913 quid
1317 1841 1576 1913 prudens
1600 1839 1689 1894 vir
1716 1839 1814 1894 ille
1839 1839 1912 1894 de

255 1896 590 2008 quorsermo
623 1896 714 1988 est
744 1932 801 1986 in
835 1930 1284 2002 reprehensione
1314 1930 1489 1984 unius
1521 1945 1694 1984 casus
1726 1927 1912 2000 profe-
1943 1912 1992 1979 B
2022 1896 2708 2008 ίξεῐξξξοίξῖε-ξῗῗίξεινῇξῆς

258 2023 421 2090 cerit,
456 2022 572 2078 aud
615 2020 755 2093 quid
789 2019 986 2092 magni
1029 2020 1100 2076 de
1131 2037 1193 2075 se
1223 2017 1564 2075 ostenderit.
1616 2017 1790 2072 Porro
1834 2015 1912 2071 si-

254 2111 459 2168 lemsis
490 2127 593 2182 per
624 2125 870 2165 casuum
923 2107 1280 2162 mutationes
1337 2123 1452 2162 non
1511 2105 1702 2162 solum
1757 2105 1911 2177 apud

253 2200 596 2266 versidicos,
626 2214 829 2253 verum
861 2197 1016 2269 apud
1051 2196 1176 2252 sine
1207 2195 1411 2250 metris
1441 2195 1768 2251 scribentes
1800 2195 1910 2248 fre-

255 2293 503 2362 quenter
531 2286 843 2342 invenitur.
876 2284 1580 2358 Virgiliusaccusativum
1613 2299 1718 2356 pro
1749 2281 1910 2354 geni-

255 2379 371 2434 tivo
402 2381 503 2434 aut
533 2375 783 2432 ablativo
815 2375 1098 2430 mirantcr
1129 2374 1342 2447 posuit.

316 2485 417 2534 Sed
450 2486 706 2547 Latagum
739 2494 868 2547 saxo
899 2487 1060 2547 atque
1091 2481 1294 2545 ingenti
1325 2480 1586 2544 fragmine
1617 2481 1816 2530 montis

314 2551 550 2609 Occupat
577 2545 636 2595 os
671 2545 968 2609 faciemque
998 2545 1296 2594 adversam.
1366 2580 1379 2593 .
1450 2578 1464 2593 .
1533 2581 1544 2593 .
1615 2580 1627 2592 .

322 2645 431 2700 Pro
463 2661 528 2699 eo
559 2643 715 2715 quod
746 2646 837 2698 est
860 2647 1106 2714 occupat
1138 2643 1419 2714 Latagum
1451 2657 1549 2696 ore
1578 2645 1680 2696 aut
1703 2641 1902 2712 Latagi

249 2751 336 2791 os.
365 2735 500 2798 Quae
533 2734 721 2805 figura
767 2732 923 2804 apud
978 2731 1214 2786 Latinos
1262 2729 1560 2795 rarissime,
1608 2730 1762 2801 apud
1796 2730 1906 2784 llo-

250 2839 479 2878 merum
512 2821 785 2892 frequens
819 2820 836 2892 (
867 2820 1178 2886 invenitur,
1209 2823 1274 2874 ut
1311 2823 1400 2874 est
1446 2817 1590 2873 illud
1633 2821 1901 2874 Ecrousen

248 2911 468 2966 Achille
493 2913 583 2964 ton
610 2908 768 2980 poda,
798 2907 856 2962 id
889 2913 979 2962 est
1010 2908 1301 2978 percussit
1331 2905 1618 2962 Achillem
1663 2907 1896 2978 pedem.

247 2999 489 3056 Dicenta
518 2997 696 3068 igitur
728 2997 995 3067 quzedam
1027 2996 1098 3050 de
1158 2995 1482 3050 mutatione
1525 3011 1792 3062 casuum,
1827 3012 1900 3050 ne

245 3073 548 3160 ignoscere
568 3085 680 3140 sibi
712 3083 931 3139 stultus
947 3083 1269 3138 monachus
1291 3083 1576 3138 videatur.
1601 3083 1768 3154 Apud
1790 3084 1896 3138 Te-

246 3176 503 3232 rentium
534 3173 825 3247 genitivus
858 3190 959 3244 pro
992 3173 1442 3243 nominativo,ut
1473 3173 1570 3227 hoc
1592 3174 1713 3228 villi
1727 3173 1894 3228 edur-

1301 412 1689 476 GUNZONIS
1734 406 2048 494 DIAGQNI
2094 409 2650 475 NOVARIENSIS.

1945 542 2002 610 Α
2032 559 2246 598 scrmo.
2298 544 2368 600 Et
2421 545 2479 598 in
2507 543 2756 600 Psalmis
2790 544 3049 620 Lapidem
3077 561 3237 618 quem
3256 544 3684 618 reprobaverunt

3523 407 3684 504 428s

2020 631 2356 702 aediﬁcantes
2385 649 2487 704 pro
2519 631 2690 705 lapis.
2718 633 2847 689 Haec
2887 638 2946 690 et
2977 633 3138 690 mille
3178 633 3319 689 talia
3363 633 3681 706 scriptores

2023 719 2240 775 artium
2275 721 2414 776 vitio
2446 721 2681 790 dantur,
2716 726 2781 778 ut
2800 723 3062 779 Donatus
3096 740 3109 779 :
3148 724 3340 780 Urbem
3372 741 3539 794 quam
3572 733 3685 779 sta-

2020 817 2110 865 tuo
2141 819 2318 866 vestra
2347 815 2447 866 est.
2480 811 2592 866 Sed
2625 811 2758 884 quis
2797 816 2915 868 tam
2940 813 3369 878 excerebratus,
3425 817 3491 868 ut
3521 816 3690 884 putet

2021 898 2196 954 verba
2228 899 2378 955 sacri
2409 898 2625 972 eloquii
2675 900 2881 974 stringi
2911 901 3130 975 regulis
3179 901 3389 957 Donati
3437 905 3538 958 aut
3564 901 3686 956 Pri-

2022 986 2205 1043 sciani
2228 989 2254 1042 ἱ)
2286 989 2517 1061 Legitur
2547 989 2608 1044 in
2639 989 2836 1046 divina
2867 990 3112 1047 historia
3145 1008 3158 1046 :
3213 991 3383 1063 Moysi
3411 991 3562 1056 huic,
3591 992 3692 1063 qui

2021 1092 2118 1131 nos
2150 1076 2345 1132 educit
2374 1078 2440 1132 de
2462 1081 2611 1133 terra
2641 1081 2884 1150 [Egypt-1',
2936 1082 3208 1136 nescimus
3257 1080 3387 1150 quid
3429 1079 3693 1136 acciderit

2021 1166 2092 1220 ei.
2119 1166 2261 1229 Quis
2285 1167 2454 1222 modo
2472 1166 2831 1236 sicloquitur
2849 1167 2876 1223 ?
2907 1168 3215 1224 Nescimus
3243 1168 3383 1241 quid
3414 1167 3689 1224 acciderit

2025 1254 2208 1327 Moysi
2241 1254 2378 1311 huic
2410 1255 2508 1310 ei?
2539 1257 2607 1311 Et
2629 1256 2686 1312 in
2706 1256 2954 1313 Psalmis
2983 1276 2996 1313 :
3033 1259 3205 1314 Misit
3226 1259 3438 1331 Moysen
3466 1275 3688 1314 servum

2019 1359 2205 1410 suum,
2239 1349 2421 1400 Aaron
2469 1362 2628 1417 quem
2658 1347 2822 1415 elegit
2869 1348 3072 1418 ipsum.
3122 1347 3282 1403 Licet
3326 1347 3570 1420 quidam
3617 1364 3688 1403 ex

2023 1433 2318 1504 superfluo
2351 1433 2461 1489 sibi
2493 1433 2694 1502 velint,
2713 1434 2991 1508 Virgilius
3017 1435 3685 1493 hancconstructionem

2025 1521 2222 1592 posuit
2252 1522 2349 1576 ubi
2385 1523 2466 1578 ait
2501 1541 2514 1578 :

2081 1635 2179 1704 Qlli
2207 1637 2492 1704 subridens
2521 1639 2801 1689 hominum
2832 1643 2976 1690 sator
3003 1644 3165 1704 atque
3197 1640 3423 1691 deorum

2083 1699 2275 1749 Oscula
2306 1701 2492 1750 libavit
2522 1707 2680 1752 nates.

2021 1808 2131 1862 Sed
2160 1807 2300 1879 quia
2340 1807 2534 1864 Servio
2580 1826 2786 1881 aspera
2841 1810 2968 1864 visa
3023 1815 3132 1876 est,
3180 1810 3279 1866 olli
3326 1811 3680 1869 adverbium

2761 1897 2818 1954 id
2868 1903 2959 1956 est
3011 1903 3171 1956 tunc.
3204 1897 3431 1967 Nullus,
3464 1899 3679 1973 inquit,

2030 1985 2191 2053 dicit,
2225 1986 2427 2042 oscula
2447 1985 2648 2043 libavit
2677 1987 2762 2042 illi
2804 1993 2972 2045 nata).
3005 1989 3332 2046 Pronomen
3363 1989 3521 2046 enim
3561 2007 3679 2046 non

2024 2092 2158 2131 cum
2191 2075 2553 2147 pronomine,
2582 2078 2681 2132 sed
2707 2077 2832 2133 loco
2864 2077 3121 2134 nominis
3151 2079 3320 2134 debet
3342 2078 3496 2150 poni.
3533 2081 3679 2134 Cum

2023 2164 2204 2236 igitur
2233 2165 2314 2219 ita
2345 2181 2471 2220 sese
2503 2165 2830 2222 divinarum
2873 2167 3053 2224 series
3097 2167 3310 2224 habeat
3347 2167 3676 2241 Scriptura-

2022 2270 2175 2322 rum,
2211 2253 2345 2325 quis
2375 2258 2496 2309 tam
2525 2255 2791 2325 perditus
2823 2261 2932 2320 est,
2966 2260 3029 2310 ut
3045 2255 3558 2313 taleselocutiones
3575 2261 3680 2313 aut

2021 2342 2442 2414 reprehendere
2501 2344 2713 2399 audeat
2761 2347 2825 2399 ut
2880 2345 3163 2400 mutare?
3214 2344 3382 2401 Falso
3450 2347 3680 2418 putavit

2018 2434 2073 2497 S,
2105 2430 2254 2487 Galli
2291 2431 2616 2488 monachus
2639 2449 2732 2488 me
2753 2437 3043 2488 remotum
3066 2451 3100 2490 a
3122 2434 3365 2491 scientia
3389 2451 3682 2507 gramma-

2019 2519 2144 2574 tica)
2177 2520 2340 2588 artis,
2373 2519 2507 2576 licet
2537 2521 2855 2593 aliquando
2886 2523 3145 2578 retarder
3167 2541 3273 2580 usu
3304 2527 3518 2580 nostra:
3547 2523 3678 2578 vul-

2015 2608 2174 2680 garis
2207 2607 2442 2681 linguae,
2466 2627 2592 2682 qua:
2624 2609 2907 2666 latinitati
2954 2611 3147 2667 vicina
3184 2616 3292 2668 est.
3324 2611 3675 2672 Excedimus

2016 2713 2249 2769 quoque
2281 2697 2594 2770 aliquando
2626 2704 2727 2755 aut
2756 2699 3113 2773 negligentia
3144 2705 3246 2756 aut
3277 2700 3680 2758 humanaim-

2012 2787 2382 2857 perfectione,
2429 2788 2502 2843 de
2549 2805 2666 2859 qua
2714 2789 3092 2856 Priscianus;
3143 2791 3318 2858 Nihil,
3360 2789 3576 2862 inquit,
3613 2792 3677 2846 in

2011 2877 2270 2932 humanis
2300 2878 2704 2934 inventionibus
2733 2894 2803 2934 ea:
2830 2881 2983 2934 omni
3006 2887 3162 2950 parte
3184 2882 3487 2952 perfectum
3518 2879 3673 2936 inve-
3730 2893 3735 2899 ‘

2008 2967 2127 3020 niri
2154 2965 2330 3020 credo.
2366 2965 2733 3038 Negligentia
2753 2969 3277 3038 peccamus,sicut,
3313 2969 3383 3024 de
3418 2968 3673 3026 Homero

2070 3079 2403 3143 Quandoque
2431 3080 2608 3130 bonus
2643 3081 2899 3131 dormitat
2929 3083 3210 3142 Homerus,

2007 3187 2064 3242 id
2098 3190 2186 3242 est
2216 3185 2576 3259 negligenter
2603 3187 2825 3243 scribit.
2860 3188 2984 3252 Qua
3011 3188 3321 3262 Virgilium
3347 3190 3525 3245 etiam
3558 3206 3666 3246 no-

235 3267 475 3320 ’miseam
505 3281 610 3335 pro
657 3263 766 3318 hoc
796 3262 1019 3318 vilium.
1043 3263 1210 3333 Apud
1259 3261 1591 3334 Virgilium;
1643 3267 1708 3318 ut
1747 3263 1779 3331 ρ

2144 3292 2460 3347 possumus
2487 3275 2586 3331 ubi
2616 3276 2699 3331 ait
2731 3293 2744 3330 :
2779 3277 2989 3332 Stratus
3020 3278 3178 3332 humi
3220 3277 3326 3332 bos.
3359 3278 3667 3335 Pessimus

241 3370 453 3427 cunque
480 3353 578 3408 hoe
605 3353 766 3422 regni
795 3368 899 3423 pro
929 3367 1196 3423 regnum.
1221 3351 1460 3406 Dativus
1486 3367 1590 3423 pro
1619 3352 1892 3424 genitivo,

244 3448 308 3499 ut
337 3443 571 3498 immitis
603 3441 807 3496 Achilli
838 3457 941 3512 pro
971 3440 1234 3496 Achillis.
1268 3439 1568 3496 Ablativus
1597 3457 1700 3512 pro
1733 3457 1898 3495 accu-

243 3532 453 3599 sativo,
485 3535 551 3586 ut
582 3533 624 3585 it
651 3531 860 3585 clamor
887 3531 1023 3585 czelo
1051 3546 1152 3601 pro
1173 3529 1232 3584 in
1253 3529 1484 3585 cmlum.
1520 3529 1760 3584 Dativus
1791 3546 1894 3600 pro

241 3620 492 3676 ablativo
524 3619 679 3692 apud
711 3619 1054 3674 Juvenalem
1092 3635 1104 3674 :

303 3718 567 3780 Penelope
597 3717 788 3766 melius
819 3716 988 3766 levius
1019 3716 1284 3780 torquetis
1318 3715 1597 3766 Arachnes.

240 3803 473 3863 Persius
500 3806 825 3862 vocativum
856 3822 960 3878 pro
991 3805 1346 3862 nominativo
1377 3806 1592 3879 posuit.

239 3887 244 3890 ’
302 3905 584 3954 Censorem
614 3907 762 3953 tuum
795 3903 880 3951 vel
911 3903 1039 3966 quid
1069 3904 1302 3953 trebeate
1333 3905 1551 3953 salutas.

239 4009 343 4065 pro
373 3992 692 4048 trabeatus.
729 3991 954 4046 Rursus
979 3998 1044 4047 ut
1074 3993 1468 4050 nominativus
1498 4011 1601 4067 pro
1631 3995 1890 4050 vocativo

237 4080 590 4146 inveniatur,
611 4080 974 4152 superﬂuum
996 4085 1136 4153 puto
1153 4081 1523 4156 inquisitum,
1541 4101 1674 4139 cum
1695 4084 1892 4140 divina

239 4169 539 4226 volumina
568 4169 740 4243 plena
768 4170 1050 4243 exemplis
1082 4172 1474 4229 inveniantur.
1493 4172 1772 4245 Virgilius
1803 4178 1887 4230 ta-

240 4275 374 4315 men
400 4259 592 4332 inquit
623 4277 637 4315 :

297 4349 551 4413 Corniger
580 4349 919 4414 Hisperidum
948 4351 1137 4400 ﬂuvius
1166 4356 1418 4416 regnator
1447 4365 1704 4415 aquarum

239 4454 342 4511 pro
373 4437 568 4494 fluvio.
622 4438 681 4494 Si
746 4440 878 4513 quis
929 4445 1126 4497 autem
1176 4440 1422 4515 pleniter
1462 4443 1610 4498 scire
1658 4442 1885 4502 deside-

237 4531 347 4593 rat,
377 4525 560 4583 libros
591 4528 874 4584 Prisciani
920 4530 990 4584 de
1041 4532 1476 4587 constructione
1527 4529 1696 4601 legat.
1746 4531 1884 4587 Ani-

2005 3382 2207 3420 versus
2238 3369 2327 3419 est
2370 3364 2592 3419 habens
2633 3365 2692 3419 in
2732 3367 2846 3420 {ine
2891 3365 3362 3438 monosyllabum
3422 3383 3664 3436 nomen,

2005 3454 2119 3510 nisi
2152 3454 2297 3509 forte
2329 3453 2405 3508 sit
2429 3449 2726 3508 minorum
2767 3455 3136 3521 animalium,
3179 3460 3244 3510 ut
3273 3454 3330 3509 in
3377 3455 3614 3513 Horatio
3648 3473 3664 3513 :

2068 3560 2376 3611 Parturiuut
2405 3564 2636 3620 montes,
2664 3565 2913 3610 nascetur
2939 3562 3194 3611 ridiculus
3224 3576 3361 3611 mus.

2008 3659 2290 3714 Praeterea
2317 3657 2550 3713 Servius
2573 3658 2824 3728 majores
2855 3664 3086 3715 nostros
3117 3659 3254 3715 vitia
3286 3660 3427 3716 dicit
3457 3677 3570 3715 non
3602 3659 3666 3716 in

1931 3770 1945 3781 -
2004 3747 2162 3802 dictu
2197 3745 2610 3814 essevoluisse,
2645 3747 2745 3802 sed
2770 3747 2827 3801 in
2852 3747 3295 3820 significatione,
3321 3754 3386 3803 ut
3413 3748 3666 3804 estillud

2001 3835 2061 3890 in
2093 3835 2366 3891 Sallustio
2403 3852 2414 3890 :
2453 3835 2624 3904 Quam
2655 3838 2883 3909 quisque
2925 3840 3160 3909 pessime
3215 3840 3364 3910 fecit,
3399 3842 3511 3892 tam
3540 3855 3666 3892 ma-

1998 3927 2149 3980 xime
2179 3933 2328 3980 tutus
2357 3928 2452 3979 est.
2505 3924 2747 3997 Regitur
2805 3925 2863 3979 in
2910 3930 3051 3992 arte,
3099 3927 3253 3997 quod
3287 3934 3422 3992 tam,
3461 3929 3660 3997 magis,

1997 4016 2262 4080 maxime,
2295 4015 2763 4082 minus,min.ime,
2783 4015 3026 4086 positivo
3058 4019 3285 4070 tantum
3303 4015 3660 4087 junguntur.

1999 4102 2146 4176 Ergo
2180 4102 2378 4157 sensui
2413 4106 2470 4157 et
2500 4101 2916 4174 signiﬁcationi
2949 4103 3069 4158 haec
3101 4104 3335 4158 Salustii
3370 4104 3666 4159 sententia

1999 4191 2284 4258 convenit,
2319 4194 2376 4246 et
2407 4208 2521 4246 non
2555 4191 2729 4246 dicto.
2783 4191 2887 4246 Cui
2929 4191 3010 4247 rei
3039 4192 3383 4249 Aristotcles
3415 4191 3472 4246 in
3507 4191 3660 4248 libro

1997 4279 2126 4335 Peri
2172 4279 2475 4334 Ermenias
2526 4280 2817 4352 congruit,
2851 4280 2945 4335 his
2988 4281 3180 4336 verbis
3215 4299 3227 4335 :
3259 4282 3394 4336 Sunt
3429 4297 3556 4353 ergo
3597 4298 3664 4337 ea

1998 4383 2124 4441 quae
2144 4375 2270 4422 sunt
2317 4369 2378 4422 in
2409 4384 2530 4424 voce
2557 4385 2753 4424 earum
2801 4384 2926 4441 qua:
2953 4374 3080 4425 sunt
3134 4373 3194 4425 in
3225 4372 3417 4426 anima
3441 4371 3664 4443 passio-

1995 4474 2131 4512 num
2159 4464 2321 4513 notae.
2371 4457 2558 4513 Omnis
2603 4466 2733 4513 nota
2780 4460 3019 4530 alicujus
3067 4461 3149 4514 rei
3194 4462 3323 4515 nota
3351 4463 3448 4515 est.
3489 4460 3665 4515 Prius

1995 4562 2121 4616 ergo
2164 4560 2247 4600 res
2275 4553 2355 4600 est
2395 4563 2556 4616 quam
2586 4553 2734 4601 nota.
2785 4549 2884 4603 Res
2932 4563 3058 4618 ergo
3100 4549 3258 4619 prius
3299 4547 3665 4620 ponderanda

237 4615 597 4682 madvertite,
632 4634 848 4689 quaiso,
883 4619 1175 4675 insaniam
1217 4619 1413 4675 miseri
1450 4619 1781 4677 homuncio:

2119 4652 2260 4690 ruam
2288 4639 2434 4691 nota.
2469 4635 2666 4690 Solent
2697 4641 2971 4708 praeterea
2994 4636 3232 4692 diversae
3273 4653 3363 4692 res
3400 4653 3519 4692 una
3565 4652 3663 4692 ca-

235 4703 334 4776 qui
363 4705 420 4759 in
451 4708 570 4761 tam
603 4706 699 4761 vili
730 4725 790 4764 re
816 4708 1109 4779 integrum
1151 4725 1297 4780 pene
1330 4709 1671 4780 expenderit
1707 4711 1883 4767 diem.

233 4794 360 4850 Non
391 4795 597 4852 saltem
629 4814 808 4854 unam
833 4796 1318 4868 quaestiunculam
1339 4814 1517 4868 quam
1535 4806 1887 4871 proponeret

233 4882 488 4940 habuit?
529 4886 744 4942 Audiat
791 4887 1003 4943 iterum
1037 4886 1432 4941 accusativum
1465 4905 1568 4959 pro
1602 4889 1793 4945 dativo
1827 4891 1886 4946 in

231 4972 482 5030 Psalmis
517 4992 529 5030 :
565 4976 733 5044 Quasi
757 4977 1075 5046 proximum
1105 4979 1156 5029 et
1185 4976 1347 5046 quasi
1377 4977 1611 5046 fratrem
1640 4987 1888 5035 nostrum

231 5062 311 5116 sic
337 5064 758 5133 complacebam.
785 5063 890 5118 Pro
911 5062 1172 5134 proximo
1204 5069 1261 5117 et
1286 5064 1612 5120 fratri.Vult
1643 5069 1888 5125 fortasse

231 5150 736 5224 complangebum.
791 5152 948 5216 Esto,
1004 5151 1065 5204 ln
1112 5167 1286 5221 prosa
1327 5154 1481 5224 apud
1541 5155 1888 5213 Sallustium

233 5238 551 5293 ablativum
575 5255 677 5309 pro
709 5239 1276 5310 genitivo.Dubitavit
1304 5243 1422 5296 acie
1445 5260 1578 5313 pars
1600 5262 1701 5316 pro
1720 5246 1882 5303 aciei.

232 5325 376 5380 Item
395 5326 657 5380 dativum
709 5343 810 5397 pro
854 5326 1128 5398 genitivo,
1179 5327 1249 5383 ad
1289 5329 1492 5386 bellum
1532 5334 1691 5389 Persi
1725 5335 1888 5392 Mace-

231 5413 488 5468 donicum
519 5429 620 5485 pro
649 5413 859 5469 Persis.
897 5416 958 5470 In
990 5416 1298 5489 Evangelio
1337 5436 1570 5492 quoque
1601 5426 1885 5481 accusati-

230 5516 372 5554 vum
396 5517 499 5571 pro
529 5503 884 5560 nominativo
907 5506 1230 5561 secundum
1263 5509 1633 5583 artigraphos
1664 5513 1885 5570 inveni-

233 5605 388 5644 mus.
410 5593 601 5646 Jesum
643 5608 802 5662 quem
850 5596 1074 5663 quaeris,
1134 5613 1244 5652 non
1295 5602 1372 5653 est
1401 5600 1509 5670 hic,
1559 5619 1662 5674 pro
1689 5606 1881 5663 Jesus.

231 5676 346 5737 Et:
380 5675 686 5738 Sermorem
735 5698 896 5760 quem
950 5684 1206 5756 audistis,
1261 5704 1372 5746 non
1427 5694 1508 5748 est
1549 5709 1729 5774 ,meus,
1779 5712 1883 5773 pro

1999 4725 2251 4797 demque
2283 4723 2904 4798 notasignari,ntputa
2934 4725 3021 4781 leo
3045 4725 3340 4782 Christum
3365 4725 3666 4798 signiﬁcat

1996 4818 2053 4870 et
2082 4812 2404 4868 diabolum.
2437 4814 2576 4879 Quis
2605 4815 2844 4870 demens
2890 4815 3100 4870 dixerit
3126 4831 3192 4870 eo
3225 4813 3335 4869 loci
3377 4814 3478 4869 ubi
3508 4813 3654 4887 legi-

1995 4908 2093 4958 tur
2125 4921 2137 4958 :
2178 4904 2313 4958 Vicit
2342 4903 2422 4958 leo
2460 4902 2526 4956 de
2572 4903 2722 4958 tribu
2754 4903 2914 4975 juda,
2970 4902 3268 4959 diabolum
3302 4903 3666 4958 monstrari?

1998 4997 2098 5047 aut
2127 4991 2424 5047 Christum
2457 4991 2555 5046 ubi
2583 4992 2796 5065 legitur
2829 5010 2841 5047 :
2875 4994 3071 5048 Libera
3101 5009 3187 5048 me
3215 4992 3280 5048 de
3321 5009 3412 5048 ore
3444 4993 3620 5048 leonis
3640 4996 3667 5046 .9

1999 5080 2163 5135 Patet
2186 5081 2444 5153 profecto
2468 5080 2606 5152 quia
2659 5099 2772 5136 non
2804 5084 2978 5137 verba
3007 5087 3240 5137 tantum
3271 5081 3664 5136 examinanda

2000 5174 2139 5224 sunt
2171 5174 2458 5241 quantum
2499 5169 2869 5243 significatio.
2895 5171 3057 5237 Quod
3091 5171 3149 5225 in
3189 5170 3386 5242 Moyse
3425 5185 3663 5242 quoque

1997 5258 2432 5330 comprobatur,
2467 5259 2568 5330 qui
2599 5260 2757 5314 omni
2809 5259 3096 5331 sapientia
3123 5260 3524 5332 Egyptiorum
3558 5257 3668 5314 im-

1997 5346 2197 5414 butus,
2248 5363 2395 5418 quos
2438 5346 2769 5403 liberalium
2824 5354 3148 5420 repertores
3204 5347 3421 5403 artium
3480 5346 3665 5404 fuisse

1999 5439 2250 5500 constat,
2287 5435 2531 5491 Domino
2565 5453 2626 5492 se
2657 5437 2728 5491 ad
2761 5436 3124 5494 Pharaonem
3155 5436 3410 5492 mittenti
3443 5435 3665 5492 dixisse

1999 5522 2215 5595 legithr
2247 5540 2260 5579 :
2298 5525 2539 5594 Obsecro,
2577 5526 2826 5592 Domine,
2857 5544 2967 5583 non
2996 5544 3119 5582 sum
3157 5527 3414 5597 eloquens
3443 5525 3511 5579 ab
3548 5525 3668 5580 heri

1993 5613 2272 5668 etnudius
2298 5614 2510 5681 tertius,
2550 5621 2600 5669 et
2650 5631 2720 5672 ea:
2743 5631 2847 5688 quo
2896 5617 3112 5687 coepisti
3159 5615 3313 5688 loqui
3343 5613 3414 5669 ad
3443 5629 3668 5670 servum

1991 5710 2148 5763 tuum
2177 5701 2540 5779 impeditioris
2570 5707 2623 5764 et
2675 5703 2938 5766 tardioris
2971 5705 3183 5779 linguis
3210 5720 3379 5763 sum..
3415 5702 3665 5764 Fateba-
