1941 3250
70 342 147 373 1289

66 412 115 436 tur
128 408 231 444 utique
246 416 278 436 se
291 407 321 435 in
336 416 501 436 sermonem
518 408 647 443 tardum;
664 417 751 444 quem
765 408 894 444 philoso-
910 410 937 442 Α

65 453 136 489 phia
149 452 249 482 nullus
265 452 320 480 rite
332 452 408 480 valet
431 452 525 481 dicere
542 453 723 488 imperitum,
744 455 817 481 teste
834 461 896 489 pro-

65 499 223 534 tomartyre
235 497 394 534 Stephano,
410 497 460 533 qui
471 497 500 525 in
515 497 636 525 Actibus
652 497 850 534 apostolorum
860 497 896 524 de

65 551 98 570 eo
114 542 155 570 ita
170 542 303 578 loquitur
320 542 403 570 :Eral
418 541 520 577 Moyses
544 542 668 569 eruditus
694 543 770 569 omni
783 542 896 577 sapien-

65 587 105 614 tia
119 587 321 622 Egyptioram.
334 587 516 622 Quapropter
531 587 597 614 side
608 587 765 614 verborum
782 586 895 622 signiﬁ-

66 630 274 666 cationumque
289 631 315 658 vi
332 630 418 667 plura
433 631 535 658 audire
548 631 665 667 cupitis,
678 631 766 658 etiam
783 639 817 658 ea
833 639 896 666 quae

65 678 232 712 sequuntur
247 684 330 711 aequo
343 675 441 703 animo
453 676 637 703 considerare
648 675 770 703 debetis.
779 674 897 702 Boetius

65 720 110 747 vir
125 720 348 748 eruditissimus
362 719 391 747 in
417 720 492 747 libro
517 719 580 748 Peri
597 719 747 747 Ermenias
763 719 896 747 secundm

64 763 204 793 editionis
221 764 319 792 audite
329 763 400 800 quid
424 764 503 792 dicat
520 773 526 792 :
551 764 754 792 Admirziculari
768 764 834 799 quis
851 763 897 791 de-

66 809 107 837 bet
122 809 231 837 obcuris
245 809 378 843 sensibus,
394 809 527 844 patientia
553 813 643 844 atque,
668 816 812 841 consensu,
828 807 898 844 quod

64 853 100 881 ad
115 854 281 882 sententiam
298 854 412 881 dicentis
440 855 552 889 spectat,
568 855 594 881 et
608 854 632 880 si
653 861 804 880 sermonem
827 853 898 880 ratio

62 906 91 925 se
108 899 149 926 ita
164 906 219 926 non
243 899 350 925 habeat.
378 897 537 925 Sufﬁciunt
558 897 619 925 hmo
636 897 671 924 ad
688 897 897 925 confutandam

62 942 223 970 stultitiam
239 942 358 975 fratris;
375 951 410 969 an
434 941 520 977 plura
541 941 717 977 requiritis?
741 940 774 968 Ni
803 939 897 973 fallor,

60 995 130 1014 vera
147 995 265 1023 quoque
283 995 329 1013 me
344 986 438 1013 dicere
462 986 588 1022 probant
601 993 690 1012 verna
704 993 739 1013 ex
754 984 899 1020 corruptis

59 1031 240 1067 composita,
263 1030 305 1058 vel
333 1030 361 1057 in
390 1030 597 1066 compendium
623 1030 719 1062 ducta,
740 1029 770 1056 in
791 1029 898 1064 quibus

58 1075 147 1103 brevi
172 1075 286 1111 prolatu
310 1073 403 1102 multa
429 1076 642 1107 monstrantur,
665 1076 698 1101 ut
727 1073 756 1101 in
781 1073 899 1101 nomine
914 1093 936 1125 Β

62 1121 163 1153 Ve'na,
181 1120 259 1155 quod
271 1119 354 1146 aiunt
368 1128 402 1146 ex
416 1119 511 1146 tribus
524 1119 669 1154 corruptis
687 1118 896 1154 compositura,

60 1173 127 1200 quae
150 1166 222 1191 sunt
241 1164 349 1196 bonus,
371 1163 585 1196 hwreditarius,
613 1165 710 1190 natus.
741 1162 781 1189 Ex
804 1162 900 1198 prima

60 1210 164 1245 itaque
179 1210 261 1244 parte
277 1208 350 1235 nihil
366 1208 491 1235 habetur
506 1207 562 1235 nisi
578 1207 674 1235 littera
694 1207 816 1234 alterius
834 1206 897 1234 loco

61 1254 196 1289 posita,v
206 1252 342 1280 videlicet
354 1261 406 1288 pro
423 1252 457 1286 b;
476 1252 600 1288 ideoque
608 1251 729 1287 quidam
746 1251 896 1287 propriam

61 1297 193 1326 litteram
217 1299 366 1325 servantes
391 1297 509 1324 Bcrnam
536 1296 647 1323 dicunt.
673 1296 780 1323 Eodem
807 1295 896 1323 etiam

62 1342 154 1370 modo
160 1350 254 1369 unum
261 1341 382 1369 verbum
390 1340 525 1376 quamvis
533 1340 760 1376 incompositum
773 1339 856 1375 plura
866 1340 896 1367 in

62 1395 94 1415 se
109 1386 229 1421 retinet,
246 1385 333 1422 quale
348 1387 393 1413 est
407 1384 478 1412 illud
496 1384 603 1412 Lucani
624 1392 630 1411 :

91 1440 193 1465 Omnia
206 1439 342 1471 majorum
357 1441 493 1464 vertamus
508 1439 595 1468 busta,
611 1438 708 1463 licebit.

96 1494 210 1522 Dicunt
232 1493 262 1520 in
284 1493 339 1521 hoc
361 1493 449 1520 verbo
465 1494 525 1520 tres
539 1492 643 1519 debere
659 1491 781 1528 intelligi
798 1494 896 1527 partes

60 1538 216 1572 orationis,
229 1537 477 1573 conjunctionem,
498 1545 616 1570 nomen,
634 1539 662 1564 et
677 1536 894 1564 substantivum

60 1583 198 1615 verbum,
215 1585 248 1610 ut
263 1582 302 1610 sit
317 1582 431 1616 limbi!"
449 1582 472 1609 si
490 1581 606 1608 licentia
626 1581 689 1614 erit,
707 1583 854 1616 quatenus
871 1580 895 1608 si

61 1627 245 1655 affirmativa
260 1627 299 1655 sit
308 1627 485 1663 conjunctio,
497 1634 553 1653 non
563 1626 734 1653 dubitativa.
757 1626 896 1653 Praaterea

62 1671 88 1699 si
105 1672 137 1699 in
153 1672 234 1700 dicto
248 1673 365 1699 tantum
388 1674 416 1698 et
431 1679 487 1698 non
514 1671 542 1697 in
569 1670 780 1707 signiﬁcatione
803 1670 896 1697 oratio

61 1718 193 1749 constat,
208 1716 281 1743 nihil
304 1716 331 1743 in
353 1716 493 1752 ﬁgmento
517 1715 680 1742 fabularum
702 1714 757 1742 nisi
783 1715 894 1742 nudum

62 1760 210 1797 accipitur
224 1759 421 1794 mendacium;
434 1760 582 1795 superflua
599 1759 782 1795 putabuntur
797 1758 897 1786 omnia

62 1813 128 1840 qua:
140 1813 178 1833 ex
193 1805 241 1832 his
253 1805 289 1832 ad
299 1804 430 1832 veritatis
441 1803 663 1839 intelligentiam
672 1812 688 1831 a
702 1803 897 1839 prudentibus

59 1850 235 1879 traduntur.
259 1848 503 1885 Mythologiarum
535 1848 608 1875 liber
633 1847 681 1875 ille
698 1849 735 1883 (2)
752 1847 896 1884 Fulgentii

63 1894 150 1922 nihili
167 1893 335 1922 habebitur.
351 1893 521 1921 Divinarum
546 1892 764 1927 Seripturarum
781 1891 897 1927 mystici

41 1953 48 1958 -
63 1937 235 1967 intellectus
250 1946 300 1966 seu
309 1937 481 1974 supervacui
492 1938 726 1964 contemnantur.
744 1936 818 1968 Quid
829 1943 897 1971 ergo

64 1983 119 2012 erit
133 1983 216 2011 inter
223 1982 394 2011 Judwumet
403 1982 601 2010 Christianum
612 1981 729 2009 sublata
739 1979 897 2016 allegoria?

65 2027 301 2056 Subauditiones
318 2027 440 2062 insuper
454 2028 514 2053 tam
531 2025 560 2053 in
577 2025 675 2053 divina
691 2032 780 2060 quam
796 2025 825 2051 in
843 2024 898 2051 hu-

64 2080 154 2100 mana.
170 2072 318 2108 scriptura
334 2071 489 2107 superﬂuae
512 2070 709 2097 habebuntur.
727 2068 841 2097 Delirus
858 2068 898 2096 vi-

65 2117 188 2145 debitur
201 2116 368 2149 Terentius,
385 2115 508 2143 dicendo
526 2124 532 2142 :

93 2170 189 2203 Egone
204 2169 276 2194 illam
287 2170 299 2194 ?
314 2169 377 2198 Quae
394 2168 465 2193 illum
475 2169 488 2192 ?
504 2168 569 2197 Qua:
585 2175 627 2192 me
644 2174 696 2192 non
709 2169 722 2191 ‘I

65 2220 262 2260 Imperfectus
277 2221 365 2249 etiam
381 2223 477 2257 poeta,
497 2220 546 2248 ubi
565 2220 605 2248 ait
624 2229 629 2248 :

95 2281 154 2309 Jam
170 2280 268 2306 malum
284 2282 436 2312 terramque
451 2286 510 2312 meo
526 2279 584 2312 sine
600 2278 713 2312 numine
724 2278 806 2302 venti.

97 2312 224 2340 Miscere,
240 2314 266 2336 et
281 2313 367 2336 tantas
382 2310 487 2335 audetis
501 2310 594 2334 tollere
609 2310 716 2334 moles?

97 2343 172 2373 Quos
187 2343 258 2375 ego!

68 2409 99 2437 ln
111 2408 272 2446 Evangelio
288 2408 376 2437 etiam
393 2408 496 2436 mutila
518 2408 663 2435 videbitur
683 2407 836 2440 sententia,
852 2406 903 2434 ubi

597 343 723 374 EPIST.
746 343 799 373 AD
821 343 1000 374 FRATRES
1022 344 1255 375 AUGIENSES.

1704 343 1783 375 l290

952 409 1022 437 tiam
1038 409 1102 437 sine
1118 410 1264 446 sapientia
1280 409 1382 438 obesse
1397 407 1697 445 fatetur.Sapientiam
1718 409 1782 437 sine

950 453 1115 490 eloquentia
1121 454 1436 490 prodesse,numquam
1445 453 1680 482 nocere.Poesem
1687 453 1782 482 multa

950 506 985 525 ex
996 498 1103 526 divinis
1114 498 1313 534 humanisque
1324 498 1407 527 libris
1418 498 1553 534 exempla
1566 497 1780 534 subjicere,sed

951 542 1017 570 nolo
1033 542 1161 579 epistolae
1177 545 1307 571 tenorem
1319 542 1520 579 exemplorum
1537 543 1629 579 copiis
1645 550 1779 571 onerare.

950 587 1162 615 Verumtamen
1182 588 1250 623 quia
1273 587 1510 623 uniuscujusque
1533 587 1574 615 rei
1599 586 1696 615 exitus
1718 595 1782 623 pro-

952 631 1046 667 priam
1062 631 1150 659 habet
1171 640 1302 667 causam,
1328 631 1401 659 nihil
1417 632 1507 665 enim,
1530 634 1562 659 ut
1585 632 1615 659 in
1634 631 1709 659 libro
1725 631 1781 659 Job

952 675 1069 712 legitur,
1087 676 1116 703 in
1129 678 1207 704 terra
1223 676 1285 703 sine
1301 684 1390 704 causa
1405 676 1447 709 tit,
1463 676 1527 704 volo
1538 676 1780 704 animadvertatis

952 729 1041 756 quam
1058 721 1156 756 putem
1174 720 1204 747 in
1228 722 1258 748 S.
1279 720 1352 748 Galli
1369 720 1514 748 monacho
1536 728 1656 748 causam
1673 719 1781 755 iniquae

952 765 1197 801 reprehensionis.
1208 765 1330 793 {Estimo
1347 764 1430 793 illum
1446 765 1613 801 ingressum
1623 764 1781 800 aliquando

953 810 1070 837 hortum
1087 809 1140 836 viri
1157 809 1322 846 prudentis,
1339 810 1368 837 in
1391 818 1449 846 quo
1465 809 1632 846 degustavit
1646 809 1781 838 refanum

951 854 1057 882 canino
1072 854 1192 882 stercori
1209 854 1355 887 innatum,
1372 862 1436 889 quaa
1452 856 1498 882 est
1517 862 1607 882 causa
1619 852 1714 889 putidi
1731 861 1781 880 ru-

953 897 1100 931 otaminis,
1113 898 1141 924 id
1157 900 1201 925 est
1216 897 1357 926 malivola)
1374 897 1621 933 reprehensionis.
1636 896 1782 925 Adhibete

954 944 1131 978 quapropter
1145 942 1292 970 viridariis
1305 942 1409 970 vestris
1426 942 1565 976 claustra,
1577 950 1670 974 seras,
1682 942 1781 969 custo-

953 988 1016 1020 des,
1032 995 1068 1014 ne
1084 986 1162 1014 olera
1176 988 1271 1014 vestra
1287 987 1361 1014 bene
1380 986 1487 1014 olentia
1508 986 1587 1022 turpi
1616 984 1780 1024 ructamine

953 1031 1101 1059 vitientur.
1129 1031 1323 1067 Corrumpunt,
1349 1033 1381 1058 ut
1398 1030 1494 1067 inquit
1508 1030 1677 1066 Apostolus,
1691 1037 1781 1057 mores

954 1076 1034 1103 bonos
1048 1076 1185 1111 colloquia
1199 1076 1284 1103 mala.
1300 1076 1363 1103 Non
1378 1078 1477 1103 tamen
1499 1075 1608 1103 mirum
1622 1074 1714 1103 videri
1730 1074 1780 1101 de-

952 1120 1001 1147 bet
1016 1120 1039 1147 si
1050 1128 1107 1147 non
1118 1120 1222 1147 metuit
1232 1120 1299 1155 quis
1310 1120 1474 1147 minoribus
1482 1119 1617 1156 obligari,
1629 1119 1780 1156 quimajo-

952 1165 1034 1192 ribus
1049 1164 1128 1192 vitiis
1139 1164 1282 1192 obnoxius
1304 1164 1439 1192 habetur.
1465 1164 1568 1192 Nonne
1592 1163 1641 1191 hic
1662 1163 1698 1191 de
1722 1171 1779 1199 quo

951 1209 1102 1245 loquimur
1117 1217 1193 1236 unus
1208 1211 1252 1236 est
1267 1217 1301 1236 ex
1316 1208 1374 1236 illis
1390 1209 1440 1244 qui
1458 1208 1611 1245 proprium
1621 1216 1717 1244 nuper
1732 1207 1782 1235 ab-

952 1254 1049 1281 batem
1069 1252 1246 1289 pepulerunt
1267 1253 1317 1289 (3),
1343 1253 1596 1289 subrogatumque
1614 1261 1668 1289 pro
1690 1261 1722 1282 eo
1749 1254 1781 1283 in

951 1297 1072 1325 exitium
1089 1298 1282 1325 merserunt?
1311 1297 1369 1326 Hoc
1397 1297 1463 1325 ideo
1491 1294 1600 1325 dicitur
1623 1298 1695 1333 quia
1723 1298 1782 1326 nisi

950 1342 974 1370 is
987 1343 1037 1378 qui
1046 1342 1189 1370 successit
1199 1342 1363 1370 hortatibus
1370 1350 1574 1377 perversurum
1582 1341 1703 1370 minime
1715 1351 1782 1371 oes-

951 1387 1049 1421 sisset;
1068 1386 1162 1413 adhuc
1171 1386 1293 1414 fortasse
1307 1385 1423 1414 viveret.
1440 1386 1548 1414 Notum
1563 1388 1610 1414 est
1623 1387 1702 1422 quod
1712 1394 1780 1416 cum

952 1431 1036 1458 bonis
1052 1431 1190 1467 operibus
1203 1430 1261 1458 vita
1280 1431 1438 1467 aliquando
1454 1430 1647 1467 protenditur,
1662 1433 1692 1459 et
1710 1438 1779 1460 cum

951 1476 1036 1503 malis
1053 1475 1289 1508 breviatur,sicut
1305 1476 1519 1511 perqucmdam
1531 1475 1694 1511 sapientem
1710 1476 1782 1504 dici-

951 1523 999 1547 tur
1015 1529 1021 1547 :
1047 1514 1120 1547 Nulli
1137 1520 1291 1555 csscjustas
1314 1521 1442 1554 multum,
1467 1528 1502 1548 ne
1520 1520 1650 1549 moriaris
1670 1521 1700 1548 in
1715 1522 1781 1548 tem~

949 1573 1013 1601 pore
1026 1573 1081 1592 non
1095 1567 1150 1592 luo.
1170 1565 1199 1591 lu
1215 1564 1268 1591 Job
1285 1573 1402 1600 quoque
1412 1565 1447 1592 de
1462 1564 1564 1600 iniquo
1579 1564 1640 1593 viro
1655 1564 1778 1601 legitur;

950 1610 1101 1645 Antequam
1116 1610 1172 1637 dies
1187 1609 1245 1644 ejus
1256 1610 1421 1645 impleantur
1435 1609 1547 1645 peribit.
1557 1609 1592 1636 Et
1606 1609 1777 1643 Psalmista;

950 1654 1021 1687 Viri,
1051 1654 1155 1689 inquit,
1180 1654 1349 1689 sanquinum
1370 1658 1397 1682 ει
1421 1654 1506 1682 dolosi
1522 1662 1574 1682 non
1589 1653 1778 1682 dimidiabunt

950 1699 1007 1726 dies
1022 1706 1094 1725 suos.
1112 1699 1142 1725 In
1150 1697 1247 1725 divina
1257 1698 1345 1726 etiam
1357 1698 1420 1734 lege
1431 1698 1598 1734 frequenter
1611 1698 1758 1726 invenitur
1770 1706 1777 1731 ;

952 1743 980 1771 Si
997 1743 1064 1779 quis
1076 1742 1130 1770 hoc
1145 1742 1190 1770 vel
1213 1742 1286 1770 illud
1311 1743 1419 1776 fecerit,
1442 1742 1595 1770 moriatur.
1620 1742 1695 1778 Ergo
1719 1750 1779 1770 non

951 1788 1083 1815 faciendo
1099 1787 1184 1814 vivat.
1212 1787 1394 1822 Quapropter
1419 1786 1601 1814 mortiferum
1622 1786 1779 1814 consilium

951 1833 1070 1860 dantem
1084 1840 1119 1859 ex
1135 1831 1232 1859 studio
1249 1834 1279 1859 et
1292 1830 1482 1867 accipientem
1492 1839 1550 1859 uno
1566 1831 1654 1859 modo
1668 1830 1780 1867 obliga-

950 1879 995 1904 tos
1007 1875 1181 1903 tenet.Haud
1196 1875 1286 1910 igitur
1301 1874 1447 1903 miremini
1463 1875 1489 1903 si
1505 1875 1625 1902 fratrem
1639 1875 1775 1904 verberat

953 1920 1003 1956 qui
1028 1921 1141 1955 patrem
1171 1921 1264 1946 necat.
1284 1919 1376 1946 Laetor
1390 1918 1461 1954 quia
1480 1918 1555 1946 nihil
1570 1919 1628 1946 tale
1643 1919 1680 1947 de
1693 1919 1778 1947 vobis

953 1963 1095 1992 audio.Ab
1110 1964 1214 1998 impiis,
1235 1965 1267 1990 ut
1290 1963 1434 1999 scriptum
1444 1965 1500 1996 est,
1517 1964 1661 1998 egreditur
1680 1964 1781 1999 impie-

954 2011 1015 2039 tas;
1031 2007 1178 2043 siquidem
1190 2007 1303 2043 jugiter
1326 2009 1439 2035 armata
1453 2010 1497 2036 est
1512 2007 1617 2042 Pallas,
1630 2008 1660 2036 id
1675 2011 1722 2036 est
1736 2016 1783 2036 sa-

954 2052 1184 2088 pientia,ubique
1191 2051 1347 2080 munita.Si
1355 2054 1452 2080 tamen
1460 2052 1781 2089 diligenteradvertitis,

954 2097 1061 2133 hospes
1077 2099 1175 2124 noster
1187 2096 1359 2124 necessitate
1376 2098 1513 2133 peccavit.
1526 2097 1600 2130 Quid
1616 2097 1783 2134 hospitibus

954 2142 1028 2169 ferre
1044 2140 1177 2177 possetin
1186 2141 1350 2169 secessibus
1358 2141 1465 2169 cuculli
1473 2141 1520 2168 sui
1530 2149 1582 2178 per
1590 2143 1683 2170 totum
1704 2141 1783 2169 diem

955 2186 1098 2222 quaesivit,
1115 2185 1145 2213 in
1161 2186 1268 2221 quibus
1284 2185 1357 2213 nihil
1374 2185 1452 2214 aliud
1471 2194 1559 2222 quam
1575 2186 1694 2214 fraudes
1708 2193 1784 2221 quas

956 2229 1279 2258 absconderatinvcnit.
1305 2229 1392 2257 Malus
1416 2230 1497 2257 homo
1521 2229 1553 2257 de
1567 2230 1640 2257 malo
1655 2230 1783 2257 thesauro

953 2275 1059 2310 proforl
1073 2275 1158 2301 mala.
1177 2274 1258 2305 Quod
1274 2282 1342 2310 ergo
1358 2273 1462 2302 habuit
1480 2273 1627 2310 erogavit;
1645 2282 1681 2301 ne
1697 2273 1785 2302 mire-

957 2319 1028 2347 mini
1052 2327 1097 2346 mc
1122 2318 1271 2346 cucullum
1296 2319 1401 2352 dicere,
1415 2317 1562 2345 cucullum
1578 2326 1707 2354 namque
1722 2317 1788 2346 reli-

956 2363 1051 2400 gionis
1068 2363 1142 2397 dico,
1160 2362 1309 2391 cucullum
1325 2362 1526 2399 turpitudinis.
1550 2363 1623 2390 Hinc
1637 2362 1787 2391 Juvenalis

957 2409 992 2436 de
1009 2410 1104 2436 scorto
1122 2417 1127 2436 :

67 2452 176 2506 Ῐθείίυξ
193 2463 212 2506 ἰ,
226 2453 297 2506 Qui.“
319 2454 345 2506 δέ
367 2454 543 2506 δῩξΙήθυίδδθδι
556 2454 646 2506 at"???
920 2463 943 2495 D
990 2475 1037 2500 Illa
1051 2475 1127 2506 iubet
1137 2474 1266 2506 juvenem
1283 2475 1389 2505 sumpto
1405 2480 1548 2506 properare
1564 2472 1678 2499 cucullo.

68 2499 254 2527 monstratur
265 2497 452 2534 prudentiam
466 2505 523 2524 non
536 2498 650 2524 tantum
662 2496 692 2523 in
707 2496 802 2523 verbis
814 2504 904 2532 quan-

69 2545 133 2572 tum
149 2543 182 2571 in
200 2537 416 2580 significatione
432 2543 577 2574 constare,
595 2543 669 2568 teste
686 2539 836 2576 Apostolo,
853 2540 904 2576 qui

70 2586 105 2615 de
120 2595 153 2615 se
169 2586 303 2623 loquitur
319 2595 326 2621 ς
345 2586 401 2614 Etsi
415 2585 559 2621 imperitus
566 2593 700 2619 sermone,
717 2584 767 2612 sed
779 2593 837 2612 non
853 2584 908 2612 im-

72 2631 186 2667 peritus
200 2629 333 2659 scientia.
344 2630 524 2659 Notissimus
535 2637 653 2666 quoque
665 2631 763 2657 orator
771 2628 908 2665 eloquen-

109 2703 146 2743 (2)
161 2702 215 2730 Hic
232 2701 404 2745 Fulgentius
419 2709 478 2745 non
487 2699 677 2745 fuitinsignis
682 2700 732 2741 ille
747 2698 909 2745 Ruspensl's

75 2736 244 2774 episcopus,
260 2736 329 2765 ﬁdei
343 2736 492 2765 catholicis
506 2736 649 2764 adversus
663 2737 788 2764 Arianos
803 2736 909 2764 acerri-

77 2782 143 2803 mus
158 2773 356 2813 defensorsed
364 2772 655 2813 Fabius__I’lanciadcs
671 2771 911 2813 Fplgenti‘u’squi

77 2807 446 2846 prieteritlythologiarum
462 2808 571 2835 librum
588 2807 763 2846 conscripsit
771 2808 806 2846 ad
820 2807 911 2846 (laici-

78 2843 159 2873 aium
177 2843 289 2872 librum
300 2843 445 2872 (ΜΡνίπο
460 2851 595 2877 sermone,
620 2843 729 2871 editam
752 2852 769 2871 a
781 2843 869 2871 Junio
886 2845 915 2871 et

78 2881 219 2914 Mercero,
236 2883 265 2908 et
278 2880 408 2908 Moralem
421 2880 631 2915 Expositionem
651 2879 815 2915 l’irgilianw
826 2879 914 2907 conli-

78 2918 217 2952 nenliaza
230 2914 412 2952 Commelino
428 2914 589 2952 vulgatam.

115 2953 153 2989 (3)
173 2950 226 2989 Hic
240 2951 321 2979 haud
335 2951 467 2989 obscure
479 2948 623 2989 'designat
639 2949 793 2989 _C_ranc_>lis__
802 2948 916 2978 abbatis

82 2985 300 3028 depositionem
315 2994 333 3015 α
347 2985 482 3016 Lindult'o
504 2985 620 3016 Ottonis
639 2986 739 3024 Magni
753 2985 823 3022 ﬁlio,
841 2994 917 3018 anno

247 3052 381 3088 ΡΑτιιοι.
404 3051 565 3097 CXXXVI.

960 2543 1086 2579 Dignum
1104 2550 1208 2578 nempe
1224 2542 1336 2569 zestimo
1353 2550 1387 2569 ex
1403 2541 1545 2577 qualitate
1556 2548 1686 2577 personae
1705 2542 1793 2568 caste-

960 2595 1060 2615 rorum
1075 2586 1271 2615 accidentium
1295 2585 1453 2622 qualitates
1474 2584 1626 2614 aestimari.
1641 2585 1791 2621 Scriptum

962 2632 1071 2668 quippe
1085 2633 1131 2659 est
1148 2639 1154 2658 :
1173 2630 1273 2659 Omnia
1287 2630 1392 2658 munda
1400 2630 1524 2658 mundis.
1534 2630 1564 2658 Si
1574 2630 1629 2658 hoc
1643 2627 1795 2666 recipitur,

962 2702 1016 2730 953
1032 2702 1148 2738 tactam,
1165 2700 1202 2729 ob
1219 2701 1401 2738 severiorem,
1410 2702 1475 2738 ejus
1485 2698 1688 2738 disciplinam,
1705 2705 1795 2737 quam

964 2738 1068 2766 fratres
1091 2738 1323 2766 detestabantur;
1347 2737 1431 2774 Huic
1448 2737 1626 2774 subrogatus
1650 2738 1795 2774 estpﬁnrto

966 2774 1060 2810 ipsius
1077 2774 1175 2805 frater,
1192 2774 1278 2809 infuli
1291 2777 1362 2801 certe
1376 2771 1564 2810 dignissimi,
1580 2772 1678 2810 inquit
1691 2771 1796 2810 Mabil:

967 2807 1076 2845 lenius,
1091 2810 1117 2837 si
1130 2807 1251 2845 legitime
1265 2810 1373 2845 creatas
1387 2807 1484 2844 fuisset
1499 2818 1508 2836 :
1519 2807 1715 2845 rquem’brevi
1730 2807 1798 2845 post

968 2846 999 2874 in
1015 2840 1137 2884 exitium
1148 2840 1330 2884 merserunt,
1346 2840 1503 2884 hocest,‘ut
1517 2840 1797 2884 interpretormiorti

970 2881 1166 2909 tradiderunt.
1182 2883 1256 2908 Sane
1272 2888 1338 2916 eum
1368 2879 1526 2916 immature
1541 2879 1650 2916 abiisse
1663 2885 1740 2916 anno
1756 2884 1800 2903 se-

972 2916 1074 2953 quenti
1087 2916 1177 2944 tradit
1187 2915 1386 2948 Mabillonius,
1402 2915 1452 2952 qui
1464 2914 1594 2943 occisum
1609 2913 1700 2941 fuisse
1713 2913 1799 2947 igno-

973 2952 1023 2981 rav
1029 2952 1052 2980 it

1589 3045 1628 3079 ιι
1791 3044 1801 3074 Ϊ¹
