3910 6452
292 675 298 682 ι
349 641 502 706 1291

1387 640 1778 704 GUNZONIS
1824 640 2138 702 DIACONI
2183 638 2732 702 NOVARIENSIS.

3609 643 3634 702 1
3651 643 3771 702 292

292 785 298 795 '
345 778 529 833 restat
555 792 587 830 e
619 773 911 831 contrario
934 777 1001 830 ut
1020 773 1220 830 omnia
1249 773 1559 830 immunda
1593 774 1713 830 sint
1747 774 2002 829 immun-
2029 777 2082 840 Α
2115 772 2548 828 cbaritatisnon
2567 771 2860 827 immerito
2885 772 3190 845 figuratur.
3207 771 3588 830 Centenarius
3610 792 3780 830 nam-

345 865 459 921 dis.
493 864 745 937 Ideoque
790 863 850 920 in
883 863 1081 919 divina
1109 862 1236 936 lege
1249 867 1486 919 cautum
1506 868 1629 919 erat
1649 867 1715 918 ut
1737 879 2008 934 quaecun-

347 967 463 1026 que
491 952 802 1010 immunda
827 952 1177 1025 tetigissent,
1196 952 1504 1008 immunda
1522 952 1740 1008 fonent.
1759 951 2008 1007 Verum-

301 1075 306 1080 -
345 1047 546 1098 tamen
580 1041 720 1115 quia
748 1042 822 1097 ab
851 1041 1268 1112 ecclesiastico,
1298 1046 1365 1097 ut
1406 1041 1734 1109 videbatur,
1766 1042 1888 1096 viro
1924 1040 2009 1095 in-

340 1131 563 1203 juriam
594 1131 869 1200 tuleram,
904 1130 1160 1204 graviter
1182 1130 1459 1197 ferebam,
1513 1133 1772 1203 quoniam
1809 1132 1860 1185 si
1891 1132 2007 1185 ini-

346 1222 527 1276 micus
550 1220 931 1276 maledixisset
958 1219 1121 1286 mihi,
1151 1221 1535 1275 sustinuissem
1551 1221 1740 1291 utique
1767 1240 1786 1285 ;
1811 1223 1864 1274 et
1893 1221 1943 1273 si
1961 1220 2010 1274 is

351 1311 448 1382 qui
474 1308 663 1366 oderat
690 1325 776 1364 me
803 1324 970 1380 super
1018 1324 1105 1363 me
1135 1324 1340 1377 magna
1386 1309 1594 1364 locutus
1641 1311 1856 1380 fuisset,
1887 1308 2007 1364 abs-

349 1396 650 1454 condissem
679 1413 765 1452 me
795 1398 1032 1468 forsitan
1068 1396 1135 1451 ab
1165 1412 1243 1452 eo.
1273 1397 1625 1470 lndignabar
1655 1402 2010 1470 quapmpter

347 1485 666 1542 vindictam
699 1501 969 1557 quaerens
1000 1489 1165 1541 motu
1204 1485 1478 1540 humanae
1513 1485 1880 1558 fragilitatis;
1913 1501 2009 1540 ve-

350 1577 685 1631 rumtamen
719 1574 978 1631 sciebam
1009 1573 1185 1629 illum
1216 1575 1285 1629 de
1317 1591 1433 1646 quo
1464 1591 1656 1630 sermo
1697 1579 1785 1631 est
1814 1574 1873 1630 in
1905 1593 2010 1631 suo

303 1681 312 1686 ν
351 1661 611 1719 conclavi
643 1667 978 1729 cornutum,
1000 1666 1067 1718 ut
1084 1661 1249 1718 locus
1265 1663 1408 1718 mihi
1437 1662 2012 1719 nullusdefensionis

301 1763 306 1768 '
352 1751 704 1822 haberetur;
754 1751 1011 1809 novitius
1066 1751 1360 1824 siquidem
1417 1768 1599 1818 eram,
1650 1768 1839 1825 neque
1879 1769 2015 1808 vera

302 1859 314 1866 '
353 1841 569 1898 dicenti
601 1841 747 1898 mihi
776 1842 920 1898 fides
951 1841 1354 1910 adhiberetur,
1386 1841 1618 1898 etiamsi
1664 1842 2015 1898 contendere

306 1941 310 1946 '
360 1929 568 1988 vellem
597 1931 976 2001 ;retardabar
1007 1946 1240 2003 quoque
1271 1935 1557 2003 praecepto
1579 1931 1870 2003 Sapientis
1899 1948 2014 2003 quo

370 2019 586 2076 dicitur
617 2037 632 2077 :
662 2021 740 2077 Ne
765 2020 1089 2092 respondeas
1116 2021 1279 2076 stulto
1300 2021 1468 2091 juxta
1511 2021 1806 2075 stultitiam
1835 2037 2012 2087 suam,

362 2126 434 2166 ne
460 2109 726 2181 efﬁciaris
753 2110 807 2164 ei
828 2110 1052 2164 similis.
1083 2109 1195 2164 Sed
1219 2109 1358 2180 quia
1370 2113 1602 2180 tempus
1631 2113 1720 2164 est
1738 2108 2013 2181 loquendi

305 2216 308 2220 '
356 2201 415 2253 et
441 2201 675 2268 tempus
709 2196 1297 2268 tacendi,respondeo
1321 2213 1496 2263 nunc,
1526 2201 1797 2252 monente
1811 2197 2013 2252 eodem

360 2285 635 2357 Sapiente
669 2303 681 2340 :
715 2285 990 2356 Responde
1018 2283 1185 2340 stulto
1225 2286 1395 2356 juxta
1438 2286 1734 2341 stultitiam
1761 2303 1917 2341 suam
1946 2303 2016 2341 ne

302 2394 312 2402 ’
361 2374 475 2430 sibi
501 2375 720 2446 sapiens
748 2389 860 2430 esse
883 2373 1318 2429 videat-ur.'Hzec
1361 2389 1593 2429 mecum
1634 2374 1884 2430 sollicita
1923 2375 2014 2429 in-

355 2462 615 2518 tentione
645 2462 991 2536 perquirens
1039 2463 1344 2518 scrutabar
1365 2463 1686 2518 accidentia
1730 2481 2009 2536 personae,

309 2593 312 2595 ι
361 2567 494 2624 qua:
520 2551 710 2608 fraudi
743 2551 1134 2619 convenirent;
1163 2549 1517 2622 deprehendi
1540 2551 1779 2608 tandem
1802 2553 1859 2608 in
1879 2555 2009 2626 ejus

355 2639 522 2698 vultu
553 2640 805 2698 colorem
834 2639 966 2698 vilis
997 2639 1240 2709 metalli,
1275 2655 1389 2712 quo
1430 2639 1619 2697 solent
1651 2642 1904 2712 pretiosa
1932 2644 2014 2698 vi-

358 2730 514 2787 tiari.
541 2730 778 2788 Persius
810 2747 824 2788 :

419 2819 496 2870 Ne
524 2832 632 2884 qua
659 2819 759 2870 sub
789 2822 936 2870 arato
964 2819 1284 2870 mendosum
1314 2820 1507 2870 tinniat
1534 2834 1686 2871 auro.

309 2934 316 2938 -
357 2905 800 2965 Calamistratos
829 2907 1093 2981 capillos,
1114 2909 1366 2964 nitidum
1397 2908 1554 2966 ultra
1569 2926 1748 2982 quam
1779 2915 2009 2984 Oporte-

359 3000 448 3052 ret
474 2995 794 3067 cucullum,
846 2998 1022 3069 pedes
1072 2997 1601 3054 calceamentorum
1646 3000 2009 3057 adhaerentes

359 3084 608 3157 pedibus
637 3085 736 3157 (4),
769 3100 842 3141 ne
872 3084 1072 3142 tollere
1117 3085 1346 3158 possint
1379 3103 1392 3141 :
1423 3087 1640 3159 quibus
1679 3088 1912 3146 indiciis
1942 3090 2007 3145 B.

361 3173 748 3246 Hieronymus
776 3191 1062 3247 sponsum
1099 3175 1414 3231 monstrari
1460 3176 1647 3244 doeet,
1685 3177 1958 3250 inquiens
1993 3197 2006 3235 :

358 3261 499 3318 Sunt
525 3263 748 3334 quidam
796 3265 908 3319 mei
944 3264 1157 3320 ordinis
1204 3266 1391 3320 clerici
1437 3267 1631 3337 quibus
1677 3284 1810 3324 cura
1839 3274 1917 3324 est
1945 3270 2012 3326 de

353 3351 596 3408 vestibus
623 3353 674 3408 si
703 3351 835 3409 bene
863 3353 1062 3420 oleant,
1099 3355 1152 3409 si
1191 3354 1421 3423 ungulae
1451 3371 1508 3409 in
1550 3355 1738 3428 digitis
1767 3358 2008 3430 radiant,

353 3441 407 3496 si
441 3441 633 3513 capilli
658 3441 843 3497 nitida
867 3444 1648 3515 compositionecomplaceant,
1675 3447 1726 3500 si
1747 3463 1849 3518 per
1879 3449 2009 3505 lata

2118 879 2229 933 que
2261 862 2550 932 perfectus
2581 866 2671 917 est
2709 878 3014 928 numerus,
3058 878 3173 917 non
3220 865 3449 918 tantum
3506 865 3650 936 quia
3679 865 3786 920 de-

2117 951 2256 1006 cade
2287 949 2593 1020 solidatur,
2623 955 2910 1022 quantum
2943 951 3081 1023 quia
3130 950 3341 1007 divinis
3371 952 3781 1011 voluminibus

2117 1043 2379 1094 sacratus
2411 1038 2723 1105 invenitur,
2756 1038 2909 1094 sicut
2933 1040 2991 1094 in
3023 1040 3332 1112 Evangelia
3368 1041 3467 1097 ubi
3507 1040 3731 1115 legitur
3766 1059 3782 1099 :

2114 1128 2279 1182 Aliud
2324 1127 2512 1183 cecidit
2563 1131 2624 1182 in
2673 1133 2877 1183 terram
2928 1128 3145 1198 bonam,
3194 1137 3245 1184 et
3281 1133 3461 1185 ortum
3507 1134 3637 1203 fecit
3665 1134 3789 1203 fru-

2116 1221 2267 1272 ctum
2313 1218 2646 1288 centuplum.
2682 1216 2875 1272 Siclus
2924 1234 3180 1290 namque
3228 1219 3506 1290 ponderis
3554 1222 3786 1294 species

2117 1310 2173 1362 et
2222 1305 2420 1361 omnia
2468 1306 2749 1361 charitate
2798 1307 3214 1379 ponderantur,
3281 1307 3433 1364 sicut
3494 1310 3787 1383 scriptum

2119 1399 2209 1450 est
2240 1411 2253 1449 :
2287 1397 2350 1450 In
2379 1396 2463 1449 his
2494 1395 2704 1451 duobus
2749 1395 3027 1452 mandatis
3073 1400 3180 1452 tota
3213 1397 3303 1453 lea:
3344 1398 3541 1470 pendet
3575 1409 3628 1456 et
3653 1417 3788 1472 pro-

2115 1484 2314 1555 phetae.
2350 1483 2456 1546 Qui
2492 1484 2619 1538 sicli
2652 1484 2798 1539 bene
2830 1484 3054 1556 argenti
3107 1485 3289 1542 fuisse
3333 1487 3650 1544 dicuntur:
3695 1507 3792 1545 ar-

2120 1578 2362 1644 gentum
2395 1572 2613 1645 quippe
2644 1574 2704 1628 in
2739 1572 2954 1630 divinis
3007 1573 3411 1632 voluminibus
3459 1577 3531 1632 ad
3562 1577 3786 1649 eloquii

2121 1660 2445 1717 claritatem
2478 1663 2742 1730 refertur,
2777 1667 2926 1718 teste
2976 1662 3290 1719 Psalmista
3342 1664 3441 1736 qui
3483 1666 3566 1721 ait
3600 1685 3614 1723 :
3655 1667 3785 1724 Elo-

2122 1752 2254 1822 quia
2284 1751 2522 1820 Domini,
2551 1752 2771 1823 eloquia
2798 1755 2967 1822 casta,
3017 1756 3307 1824 argentum
3331 1755 3461 1824 igne
3488 1758 3783 1813 examina-

2122 1845 2256 1894 tum.
2291 1843 2711 1896 Verumtamen
2731 1840 2871 1912 quia
2897 1857 2931 1896 a
2956 1842 3221 1914 reprobis
3237 1842 3495 1900 charitas
3511 1845 3782 1903 etanimo

2123 1933 2180 1983 et
2207 1929 2400 1984 verbis
2433 1929 2850 1996 contemnitur,
2871 1929 3080 1986 merito
3110 1930 3301 1987 Achar
3326 1935 3383 1988 et
3406 1933 3599 1990 verbis
3626 1939 3694 1990 ut
3720 1935 3781 1992 in

2126 2023 2384 2090 argento,
2418 2021 2474 2072 et
2505 2022 2696 2073 mente
2728 2022 2793 2073 ut
2822 2018 2881 2073 in
2912 2035 3054 2074 auro
3086 2019 3306 2075 furtum
3341 2021 3547 2078 fecisse
3579 2040 3782 2080 narra-

2125 2111 2256 2174 tur;
2281 2105 2338 2161 in
2371 2123 2534 2174 auro,
2569 2105 2721 2162 sicut
2769 2107 3056 2180 scriptum
3087 2113 3176 2164 est
3207 2125 3221 2164 :
3275 2110 3383 2178 Qui
3411 2110 3523 2166 odit
3545 2113 3783 2183 finirent

2122 2211 2302 2262 suum,
2331 2195 2605 2250 homicida
2651 2204 2766 2258 est;
2804 2194 2866 2249 in
2923 2201 3183 2270 argento,
3218 2202 3282 2253 ut
3313 2203 3402 2255 est
3443 2198 3589 2255 illud
3625 2219 3638 2257 :
3677 2202 3784 2270 Qui

2122 2283 2326 2338 dixerit
2373 2287 2510 2355 frati
2563 2301 2661 2340 suo
2703 2287 2892 2352 Fatue,
2953 2302 3078 2341 reus
3131 2295 3236 2342 erit
3290 2287 3553 2359 gehennae
3611 2291 3778 2361 ignis.

2125 2373 2405 2429 Praeterea
2435 2373 2574 2444 quia
2605 2374 3000 2446 suntquidam
3023 2374 3122 2446 qui
3147 2393 3264 2432 non
3281 2376 3472 2432 solum
3486 2395 3549 2434 se
3579 2379 3781 2435 fratri-

2121 2461 2232 2516 bus
2263 2461 2546 2533 impertiri
2581 2462 2808 2527 nolunt,
2854 2464 2955 2518 sed
2987 2465 3288 2520 'exteriora
3340 2483 3573 2539 quoque
3604 2469 3781 2524 dene-

2120 2554 2283 2622 gant,
2309 2550 2524 2606 idcirco
2554 2551 2745 2606 Achar
2797 2568 2931 2607 cum
2979 2569 3159 2608 aurea
3207 2555 3426 2628 regula,
3461 2559 3640 2629 atque
3671 2558 3780 2614 du-

2121 2640 2304 2695 centis
2356 2639 2516 2697 siclis
2563 2639 2809 2712 argenti,
2855 2641 3190 2699 coccineum
3239 2660 3472 2716 qucque
3527 2644 3777 2718 pallium

2120 2727 2435 2785 abstulisse
2465 2733 2843 2786 memoratur.
2876 2734 3093 2787 Coccus
3121 2731 3334 2788 etenim
3368 2733 3523 2806 ignei
3561 2735 3779 2794 coloris

2120 2821 2228 2885 est,
2252 2821 2307 2873 et
2339 2817 2594 2874 charitas
2619 2819 2822 2874 ardere
2854 2819 3213 2892 perhibetur,
3255 2822 3408 2878 sicut
3437 2823 3495 2878 in
3523 2823 3781 2898 Evange-

2119 2906 2198 2962 lio
2231 2906 2445 2979 legitur
2476 2925 2489 2963 :
2524 2909 2714 2963 Nonne
2740 2924 2832 2964 cor
2873 2916 3118 2965 nostrum
3137 2910 3334 2966 ardens
3358 2920 3476 2968 erat
3505 2914 3566 2967 in
3595 2916 3776 2981 nobis,

2117 3013 2242 3050 cum
2271 2997 2581 3067 loqueretur
2609 2998 2668 3051 in
2707 2999 2818 3063 via,
2849 3001 2901 3052 ct
2946 2999 3184 3070 aperiret
3227 3001 3385 3056 nobis
3429 3002 3780 3073 scripturas?

2119 3085 2266 3149 Quid
2291 3085 2472 3158 igitur
2489 3085 2799 3142 decernitis
2831 3086 2858 3140 ?
2886 3087 3310 3144 Nonnevidetis
3341 3089 3480 3161 quia
3501 3089 3563 3145 in
3579 3092 3777 3146 omni-

2119 3175 2229 3230 bus
2252 3174 2310 3228 in
2343 3174 2559 3246 quibus
2591 3174 2972 3232 circumsisus
2988 3176 3179 3232 Achar
3201 3179 3478 3248 peccavit,
3512 3179 3779 3236 cuculla-

2117 3267 2215 3319 tus
2243 3263 2434 3319 Achar
2463 3262 2774 3335 culpabilis
2805 3263 3149 3320 invenitur?
3204 3268 3456 3322 Auream
3511 3268 3778 3342 regulam

2119 3351 2394 3424 sublegit,
2428 3353 2663 3423 quando
2697 3353 2978 3408 adversus
3024 3353 3261 3409 fratrem
3305 3355 3776 3414 malevolentiam

2118 3444 2310 3496 mente
2342 3441 2629 3512 concepit,
2653 3442 2938 3497 ducentos
2967 3441 3191 3514 argenti
3223 3441 3398 3499 siclos
3426 3444 3699 3514 abstulit,
3718 3447 3777 3503 in

349 3529 493 3601 pelle
519 3546 632 3586 non
656 3531 865 3602 folleat.
893 3532 996 3586 Hos
1041 3533 1177 3588 tales
1206 3548 1332 3587 cum
1378 3513 1599 3602 uideris,
1635 3513 1826 3606 magis
1853 3553 2006 3608 span.
2036 3513 2078 3582 C
2119 3545 2185 3584 eo
2215 3530 2368 3601 quod
2402 3528 2866 3586 malevolentiam
2882 3513 3073 3586 mente
3093 3536 3432 3604 conceptam
3463 3513 3775 3592 verborum

315 3643 324 3646 ν
350 3633 437 3674 sos
463 3619 679 3676 aestima
707 3637 874 3692 quam
900 3621 1146 3677 clericos.
1172 3620 1316 3676 Hinc
1345 3621 1470 3694 ipse
1509 3623 1844 3695 generalem
1877 3643 2016 3682 sen-

353 3707 597 3764 tentiam
627 3709 948 3781 proferens,
987 3709 1197 3782 inquit.
1231 3713 1344 3766 Nec
1373 3713 1644 3783 affectam
1681 3713 1888 3784 sordes,
1916 3732 2016 3772 nec

355 3798 643 3869 exquisita
671 3798 962 3855 munditia
985 3801 1312 3856 conveniunt
1341 3799 1671 3857 Christiano.
1706 3803 1807 3858 His
1839 3804 2017 3876 igitur

312 3907 318 3912 -
355 3887 699 3958 perspectis,
733 3888 960 3944 curiose
990 3888 1190 3944 rimari
1225 3888 1369 3960 ccepi
1402 3894 1602 3945 utrum
1633 3892 1852 3963 proprii
1876 3910 2016 3965 quo-

309 3996 322 4004 ι
354 3990 468 4046 que
523 3974 779 4031 nominis
835 3981 975 4032 nota
1045 3977 1213 4032 factis
1291 3978 1662 4034 consentiret.
1741 3981 2015 4046 Quidni?

351 4061 430 4133 (5)
473 4061 666 4117 Achar
695 4079 950 4136 namque
1003 4065 1340 4132 vocabatur,
1388 4067 1557 4137 quasi
1605 4083 1674 4122 ex
1725 4070 2008 4143 praesagio

352 4149 499 4207 furis
517 4167 729 4207 nomen
761 4153 1064 4225 acceperit.
1114 4153 1328 4208 Notum
1388 4154 1605 4227 quippe
1639 4160 1727 4212 est
1756 4159 1912 4228 quod
1947 4159 2006 4215 in

351 4239 575 4298 excidio
603 4240 1019 4298 Jerichontinae
1041 4243 1208 4298 urbis
1227 4242 1420 4298 Achar
1451 4243 1603 4299 furto
1622 4262 1857 4302 auream
1881 4266 2010 4306 sus-

347 4329 549 4386 tulerit
579 4330 862 4404 regulam,
897 4332 1155 4404 certique
1195 4331 1470 4403 ponderis
1502 4331 1676 4388 siclos
1710 4352 1842 4391 cum
1875 4354 2000 4394 coc-

348 4419 510 4476 cineo
555 4420 753 4493 pallio.
809 4421 992 4494 Igitur
1031 4421 1129 4491 qui
1175 4421 1525 4477 conveniunt
1577 4423 1834 4494 nomina,
1871 4444 2000 4499 per-

309 4527 318 4532 ·
345 4510 596 4565 scrutari
629 4508 816 4581 liquet
847 4510 1139 4582 quomodo
1184 4511 1435 4566 duorum
1459 4519 1791 4584 congruunt
1826 4516 1995 4573 facta.

343 4597 796 4666 PrimusAchar,
817 4598 918 4672 qui
938 4599 1231 4655 anathema
1261 4599 1699 4672 interpretatur,
1732 4605 1995 4676 regulam

342 4701 580 4741 auream
615 4686 886 4760 sublegit,
924 4689 1218 4745 secundus
1240 4689 1549 4745 isteAchar
1570 4692 1830 4764 regulam
1847 4694 1994 4752 bene

339 4774 566 4830 vivendi
599 4777 1479 4851 contempsit,regula,namque
1509 4781 1579 4834 ad
1611 4780 1719 4837 hoc
1752 4783 1992 4840 adhibe-

337 4867 437 4953 tur
465 4867 531 4919 ut
569 4865 854 4922 rectitude
886 4869 1461 4940 servetur,Quisquis
1481 4870 1696 4926 etenim
1729 4873 1992 4945 regulam
2022 4889 2069 4953 D

336 4952 486 5009 bene
523 4953 751 5010 vivendi
783 4956 1270 5028 spernit,auream
1293 4957 1444 5013 furto
1463 4975 1729 5016 normam
1762 4963 1992 5018 subtra-

335 5040 442 5096 hit.
469 5043 529 5097 ln
571 5059 739 5099 sacra
769 5061 1022 5116 namque
1050 5047 1345 5119 Scriptura
1393 5065 1601 5104 aurum
1640 5049 1986 5123 plerumque

335 5130 406 5184 ad
441 5130 811 5203 splendorem
862 5135 1161 5207 sapientiae
1193 5138 1457 5193 refertur.
1509 5137 1652 5193 Hinc
1682 5139 1743 5192 B.
1777 5144 1985 5212 Grego-

333 5217 458 5275 rius
490 5221 760 5289 :Aurum,
794 5222 1004 5295 inquit,
1044 5227 1149 5282 Deo
1197 5228 1494 5299 offerimus,
1527 5229 1578 5282 si
1606 5229 1661 5282 in
1695 5239 1980 5299 conspectu

333 5307 490 5362 illius
519 5308 638 5364 luce
666 5313 946 5382 sapientia
987 5315 1406 5386 resplendemus.
1441 5316 1601 5380 Quod
1636 5317 1816 5372 furari
1848 5335 1979 5373 con-

328 5394 578 5452 vincitur
598 5399 867 5472 quisquis
884 5408 1186 5476 acceptum
1211 5421 1243 5459 a
1260 5405 1374 5460 Deo
1405 5404 1706 5477 ingenium
1730 5407 1901 5460 vertit
1918 5407 1978 5461 in

328 5500 504 5541 usum
534 5503 722 5559 prave
754 5492 1126 5562 operationis.
1172 5494 1464 5550 Ducentos
1523 5509 1753 5564 quoque
1802 5492 1978 5549 siclos

324 5572 481 5631 idem
507 5575 697 5633 Achar
723 5578 952 5637 furatus
982 5582 1215 5654 dicitur,
1247 5600 1350 5655 per
1366 5599 1512 5654 quos
1529 5582 1765 5654 gemina
1792 5581 1977 5638 virtus

281 5732 294 5740 .
321 5787 336 5805 ἱ
397 5719 468 5789 (4)
495 5718 738 5805 νίςξθωιν
766 5722 1086 5805 legendum
1104 5725 1362 5796 pellibus,
1399 5723 1576 5805 idque
1605 5723 1748 5805 satis
1781 5723 1976 5805 innuit

319 5787 879 5935 ;.oplustsebsequeris
911 5815 979 5852 ex
1023 5787 1394 5869 Hieronymo,
1445 5787 1497 5850 si
1527 5811 1625 5866 pes
1678 5795 1807 5850 laxa
1829 5797 1975 5865 pelle

347 5879 376 5917 ο
419 5879 487 5917 ea
518 5905 530 5918 .

389 5934 470 6009 (5)
504 5935 606 5994 Hic
645 5937 800 5996 haud
851 5939 1066 6001 obcure
1110 5937 1375 6014 designat
1417 5935 1830 5996 Ekkbeardum
1889 5953 1974 5996 se-

2125 3616 2360 3674 indiciis
2389 3618 2692 3690 patefecit:
2716 3619 3048 3674 coccineum
3062 3637 3294 3692 quoque
3311 3620 3553 3693 pallium
3571 3622 3776 3680 furtim

2125 3707 2337 3778 rapuit,
2391 3707 2627 3779 quando
2668 3709 2807 3779 jura
2853 3707 3269 3780 hospitalitatis
3304 3710 3362 3765 in
3402 3728 3578 3768 usum
3611 3715 3782 3772 vertit

2124 3813 2310 3867 pravae
2343 3797 2861 3868 redargutionis.Si
2902 3797 3362 3870 palingenesiam
3400 3800 3489 3856 vel
3534 3807 3779 3859 metem-

2121 3886 2413 3957 psycosim
2431 3886 2766 3958 Pythagorae
2789 3886 2967 3942 stulte
2983 3888 3118 3958 quis
3135 3889 3395 3960 accipere
3435 3888 3627 3959 vellet,
3647 3891 3778 3948 ani-

2122 3990 2279 4029 mam
2324 3974 2656 4030 circumcisi
2708 3975 2898 4031 Achar
2945 3976 3172 4047 corpori
3217 3976 3391 4034 istius
3435 3976 3774 4036 nullatenus

2120 4062 2314 4119 inesse
2347 4064 2668 4120 dubitaret.
2703 4065 2963 4120 Curtavit
3013 4064 3110 4120 ille
3141 4065 3295 4121 furto
3324 4067 3771 4140 rempublicam,

2117 4152 2541 4225 rempublicam
2611 4153 2796 4209 multo
2849 4154 3039 4226 magis
3095 4153 3205 4211 iste
3279 4160 3510 4211 curtare
3567 4157 3770 4225 voluit,

2117 4243 2350 4313 quando
2383 4247 2619 4314 accepto
2651 4243 2879 4312 itinere,
2901 4260 2992 4299 me
3016 4260 3313 4300 removere
3341 4245 3604 4301 tentavit.
3622 4246 3773 4302 Sciet

2113 4331 2354 4386 forsitan
2377 4331 2570 4403 etipse
2602 4335 2887 4403 quantum
2906 4332 3189 4388 damnum
3207 4332 3536 4406 reipublicae
3556 4334 3770 4392 inferre

2108 4419 2314 4487 voluit,
2349 4437 2482 4476 cum
2516 4425 2827 4492 postquam
2855 4421 3004 4489 veni,
3055 4421 3196 4493 quid
3244 4422 3383 4478 utile
3415 4423 3634 4494 egerim
3677 4441 3773 4480 co-

2108 4509 2391 4580 gnoverit.
2421 4508 2658 4566 Amalec
2689 4510 2748 4564 in
2779 4510 2872 4565 via
2903 4509 3048 4565 mihi
3080 4511 3354 4577 occurrit,
3383 4516 3760 4586 coeptumque

2107 4599 2217 4652 iter
2246 4599 2637 4654 intercludere
2666 4598 2866 4666 voluit,
2899 4601 3072 4671 cujus
3105 4601 3450 4656 memoriam
3481 4602 3554 4656 de
3583 4603 3757 4659 terris

2106 4702 2168 4741 se
2183 4687 2469 4743 Dominus
2494 4687 2828 4743 ablaturum
2875 4688 3283 4744 comminando
3302 4687 3770 4761 promisit.Ama-

2104 4775 2189 4831 lec
2219 4776 2436 4848 quippe
2479 4776 2721 4831 lambens
2761 4777 2998 4847 populus
3039 4775 3477 4850 interpretatur,
3512 4779 3605 4834 cui
3640 4795 3766 4836 me-

2103 4866 2214 4921 rito
2246 4870 2660 4937 comparentur
2700 4865 2799 4937 qui
2860 4864 3191 4922 litterarum
3242 4867 3614 4939 superficiem
3659 4868 3767 4924 lin-

2103 4957 2269 5026 gunt,
2290 4959 2347 5009 et
2366 4954 2438 5009 ad
2457 4958 2666 5026 gustus
2688 4953 3056 5010 dulcedinem
3076 4973 3191 5012 non
3206 4956 3584 5027 perveniunt:
3611 4974 3759 5029 quos

2096 5043 2444 5116 hyprocritis
2475 5043 2899 5113 comparandos
2935 5042 3135 5099 nullus
3167 5044 3360 5100 fidelis
3390 5045 3640 5112 dubitat,
3658 5047 3760 5118 qui

2095 5133 2235 5187 dum
2271 5133 2400 5186 ficte
2433 5135 2610 5186 Deum
2639 5134 2928 5203 quaerunt,
2984 5131 3244 5188 invenire
3287 5150 3402 5188 non
3431 5139 3757 5202 merentur,

2090 5239 2237 5294 quos
2269 5220 2577 5275 mundanae
2611 5219 2948 5276 litteraturae
2987 5220 3301 5293 scriptores
3323 5221 3518 5278 servili
3551 5223 3755 5278 condi-

2086 5311 2232 5367 tioni
2263 5301 2566 5382 deputant,
2592 5314 2657 5364 ut
2686 5314 2776 5365 est
2799 5309 2943 5364 illud
2973 5310 3272 5366 Juvenalis
3307 5328 3320 5366 :

2150 5401 2255 5449 Nos
2284 5398 2571 5461 colaphum
2601 5399 2891 5448 incutimus
2919 5398 3174 5449 lambenti
3203 5399 3441 5450 crustula
3471 5413 3647 5450 servo.

2089 5488 2423 5544 Mirandum
2451 5493 2645 5544 tamen
2677 5492 2766 5543 est
2795 5505 2900 5543 cur
2935 5487 3302 5544 miserrimus
3333 5489 3611 5544 inviderit
3641 5490 3741 5546 bo-

2087 5594 2230 5632 num
2253 5577 2403 5644 aliis,
2437 5577 2592 5649 quod
2625 5577 3001 5648 profuturum
3051 5577 3163 5632 sibi
3206 5577 3413 5633 noluit.
3457 5577 3607 5633 Proh
3642 5578 3750 5634 doo

2086 5721 2330 5788 niorem,
2384 5719 2484 5793 qui
2519 5719 2589 5793 in
2631 5725 2686 5775 S.
2739 5719 2887 5777 Galli
2929 5719 3146 5777 scholis
3193 5719 3606 5793 magisterium
3638 5719 3746 5774 ali-

2086 5794 2329 5867 quando!
2359 5790 2586 5867 tenuit,
2636 5797 2839 5867 postea
2887 5793 3150 5867 decanus
3190 5790 3451 5867 effectus,
3485 5790 3744 5846 oblatam

2083 5863 2260 5945 etiam
2284 5864 2511 5945 abbatis
2533 5863 2878 5945 dignitatem
2893 5864 3200 5945 recusavit,
3225 5879 3340 5944 non
3360 5863 3580 5936 dignus
3593 5867 3742 5920 certe

2082 5943 2204 5997 tam
2237 5935 2496 5994 mordaci
2523 5939 2580 5992 et
2609 5935 2884 5992 indecora
2913 5935 3386 6012 reprehensione.
