3910 6394
186 579 340 638 1293

1244 579 1497 640 EPIST.
1543 580 1644 638 AD
1691 578 2050 639 FRATRES
2093 580 2564 642 AUGIENSES.

3455 586 3613 646 1294

186 710 308 766 lorl
343 710 650 767 diabolum
681 710 948 766 imitatus
970 713 1078 777 est,
1098 711 1199 783 qui
1225 712 1446 767 bonum
1470 711 1626 783 quod
1659 711 1847 783 perdi-
1871 713 1929 780 Α
1957 711 2176 783 ingenii
2207 713 2562 784 quibusdam
2585 713 2856 770 litteratis
2886 715 3294 787 praeferuntur.
3319 715 3512 774 Ulixes
3533 719 3616 774 vi-

187 800 269 855 dit
320 799 546 855 homini
605 799 834 854 invidit.
867 800 1140 855 Humana
1184 800 1329 856 facie
1391 799 1536 855 tales
1595 799 1851 854 belluina

192 894 389 945 mente
417 892 844 956 monstrantur,
874 889 945 944 de
974 887 1191 960 quibus
1222 888 1281 943 in
1313 887 1622 961 Evangelio
1653 887 1850 942 Domi-

187 994 301 1033 nus
331 977 596 1049 loquitur
624 995 636 1033 :
668 979 731 1032 In
760 979 1094 1033 vestimentis
1115 979 1300 1034 ovium
1330 979 1574 1044 veniunt,
1599 978 1853 1031 intrinse-

194 1083 288 1122 cus
319 1071 502 1122 autem
549 1071 679 1122 sunt
727 1068 846 1138 lupi
873 1084 1117 1139 rapaces.
1152 1067 1386 1122 Utinam
1447 1065 1621 1121 vellet
1670 1065 1722 1121 is
1779 1065 1850 1120 de

191 1172 309 1227 quo
344 1154 553 1227 loquor
583 1171 813 1210 mecum
844 1155 903 1210 in
938 1161 1253 1227 conspectu
1277 1159 1466 1210 vestro
1497 1153 1846 1220 conversari,

183 1261 441 1315 quorum
473 1245 851 1316 prudentiam
893 1246 965 1300 ab
1011 1245 1252 1316 antiquo
1284 1248 1603 1317 spectatam
1636 1241 1843 1298 audio!

180 1332 332 1388 Nota
372 1337 511 1388 sunt
559 1333 705 1389 mihi
748 1333 941 1390 Achar
989 1335 1165 1401 furta,
1219 1339 1358 1389 nota
1404 1333 1523 1388 ficti
1574 1331 1846 1388 monachi

178 1421 613 1491 fraudulentia;
647 1439 826 1494 quam
859 1423 1016 1478 mala
1057 1423 1266 1478 incude
1297 1421 1525 1494 spicula
1553 1423 1682 1492 ejus
1713 1437 1848 1493 pro-

177 1511 474 1566 ducantur
501 1529 616 1567 non
670 1511 898 1584 ignoro,
933 1529 1111 1584 quam
1146 1511 1402 1567 invalida
1452 1527 1632 1566 manu
1677 1511 1843 1580 jacu-

174 1598 378 1656 lentur
431 1606 706 1673 expertus
762 1617 918 1656 sum.
951 1600 1186 1656 Noverit
1227 1600 1530 1654 Horatium
1591 1616 1694 1670 pro
1753 1614 1846 1654 me

176 1689 526 1745 minantem.
565 1689 627 1744 In
661 1689 849 1744 malos
893 1689 1258 1762 asperrimus
1297 1692 1501 1761 parata
1550 1687 1688 1744 tollo
1720 1704 1844 1743 cor-

175 1793 300 1833 nua
329 1777 524 1850 qualis
549 1777 817 1833 Sicambe
863 1782 1096 1850 spretus
1147 1778 1326 1832 inﬁdo
1357 1794 1555 1850 gener,
1587 1782 1688 1832 aut
1717 1793 1848 1832 acer

172 1865 370 1922 hostis
402 1865 646 1938 Bupalo.
679 1867 766 1920 An
798 1865 846 1921 si
880 1866 1016 1937 quis
1041 1870 1166 1921 atro
1199 1867 1370 1921 dente
1419 1883 1512 1921 me
1559 1865 1843 1936 petiverit,

170 1953 406 2010 inultus
459 1960 524 2009 ut
572 1955 720 2010 flebo
753 1954 939 2026 puer?
985 1955 1166 2011 Dares
1220 1954 1482 2010 Siculum
1542 1957 1845 2011 attenlavit

170 2043 474 2100 Entellum
549 2043 804 2099 lascivus
877 2044 1203 2100 monachus
1271 2046 1607 2100 Gunzonem
1681 2043 1921 2144 Itali-B

173 2149 338 2188 cum.

235 2241 462 2291 Noverit
490 2241 708 2290 incauto
738 2241 975 2291 Entellus
1003 2243 1283 2291 conanime
1312 2241 1512 2304 lapsus,

236 2305 356 2361 Qua
379 2304 433 2351 vi
462 2304 754 2367 perculerit
782 2309 1106 2367 prostratum
1138 2319 1277 2368 pene
1307 2306 1516 2353 Dareta.

242 2401 500 2457 Causam
556 2401 804 2473 querelae
855 2401 1181 2466 audivistis,
1219 2401 1359 2473 quid
1417 2402 1593 2457 etiam
1641 2403 1844 2457 contra

167 2490 442 2546 studium
474 2489 834 2546 litteratoria}
875 2490 1254 2563 professionis
1297 2491 1485 2546 hostis
1516 2491 1711 2546 nescio
1743 2495 1845 2546 aut

163 2577 388 2651 hospes
421 2578 605 2650 egerit
655 2581 884 2650 oportet
930 2577 1204 2635 audiatis.
1245 2578 1573 2634 Adveniens
1622 2578 1844 2634 defere-

163 2667 308 2722 bam
336 2682 484 2738 pene
508 2670 747 2723 centnm
779 2666 1069 2723 librorum
1093 2666 1416 2735 volumina,
1442 2684 1607 2723 arma
1628 2667 1850 2723 scilicet

168 2755 508 2826 pacis,quaa
525 2755 701 2812 vertit
723 2755 956 2812 invidus
982 2755 1171 2812 hostis
1203 2756 1263 2810 in
1295 2756 1556 2811 studium
1591 2756 1842 2832 furoris;

162 2845 324 2899 inter
353 2861 482 2915 quae
510 2848 634 2900 erat
657 2844 931 2900 Martiani
962 2845 1022 2900 in
1051 2862 1129 2900 vn
1149 2844 1492 2900 liberalibus
1513 2843 1844 2917 disciplinis

165 2933 475 2989 succincta
534 2933 786 3001 veritas;
852 2950 1031 3006 quam
1089 2934 1578 2989 contemnendam
1636 2938 1846 3006 putant

166 3021 272 3094 qui
307 3021 518 3079 fabula
541 3021 920 3079 solummodo
945 3023 1434 3079 delectationibus
1455 3023 1842 3092 oblectantur,

169 3111 276 3183 qui
309 3127 428 3166 non
453 3111 676 3184 integre
701 3111 951 3184 capitur,
977 3112 1026 3168 si
1049 3111 1312 3168 veritatis
1335 3112 1589 3184 qualitas
1616 3113 1845 3184 ignora-

169 3205 289 3255 tur.
324 3199 754 3273 Deportabatur
805 3218 1038 3272 quoque
1087 3201 1344 3256 Platonis
1393 3201 1450 3255 in
1496 3200 1712 3256 Timzeo
1751 3202 1845 3257 vix

169 3287 473 3345 intellecta
502 3290 894 3361 profunditas,
930 3289 1271 3346 Aristoteles
1301 3289 1361 3344 in
1406 3290 1554 3345 libro
1587 3290 1712 3346 Peri
1743 3291 1841 3345 Er-

171 3378 427 3443 menias,
452 3382 554 3433 aut
584 3379 803 3434 nostris
829 3379 924 3434 vix
954 3379 1320 3452 temporibus
1346 3383 1569 3434 tentata
1589 3384 1692 3434 aut
1725 3396 1839 3434 non

1960 817 2098 873 gore
2135 801 2353 874 ingenii
2387 804 2664 859 omnibus
2696 803 2795 876 qui
2827 803 2998 859 Ilium
3032 821 3440 878 oppugnavere
3470 823 3615 880 pree-

1962 888 2117 945 latus
2137 896 2244 958 est,
2261 893 2403 947 adeo
2427 897 2489 948 ut
2506 893 2688 948 armis
2704 891 2949 950 Achillis
2971 891 3132 949 solus
3155 894 3428 952 inventus
3445 896 3519 952 sit
3535 896 3617 952 di-

1960 994 2134 1051 gnus.
2168 981 2441 1052 Legimus
2475 997 2708 1053 quoque
2752 982 3124 1053 prudentiam
3153 983 3309 1051 Adaz,
3343 999 3462 1056 qua
3490 1000 3617 1040 om-

1959 1069 2136 1125 nibus
2157 1070 2441 1125 creaturis
2465 1071 2703 1125 nomina
2722 1069 3089 1142 imposuerit,
3105 1087 3218 1126 non
3241 1075 3440 1127 tamen
3459 1072 3614 1144 quod

1959 1158 2404 1229 grammaticam
2437 1159 2830 1226 sciverit,.nisi
2855 1159 2998 1214 forte
3021 1161 3080 1215 S.
3106 1159 3255 1215 Galli
3289 1161 3616 1221 monachus

1957 1246 2040 1301 ita
2069 1245 2207 1302 velit
2250 1247 2508 1319 primum
2558 1247 2860 1303 hominem
2907 1252 3170 1304 creatum
3227 1253 3294 1304 ut
3347 1250 3615 1306 omnium

1959 1335 2263 1391 scientiam
2296 1337 2520 1391 noverit
2541 1337 2780 1404 artium,
2804 1354 2982 1408 quam
3014 1339 3308 1410 peccando
3331 1338 3612 1402 amiserit.

1958 1425 2121 1490 Quod
2153 1424 2202 1480 si
2232 1425 2313 1481 ita
2356 1429 2464 1491 est,
2489 1441 2694 1481 omnes
2725 1425 2995 1482 homines
3037 1426 3344 1482 scientiam
3375 1431 3617 1483 natura-

1956 1512 2090 1569 liter
2109 1513 2374 1569 omnium
2395 1514 2684 1570 habemus
2702 1514 2944 1583 artium;
2967 1519 3311 1587 corruptum
3331 1515 3432 1571 sed
3457 1515 3615 1578 enim

1957 1603 2016 1656 in
2069 1603 2258 1674 primo
2307 1602 2545 1657 homine
2595 1602 2904 1658 arbitrium
2959 1603 3232 1675 legimus,
3260 1620 3376 1658 non
3425 1604 3615 1659 scien-

1956 1691 2100 1746 tiam
2132 1691 2346 1746 artium
2389 1690 2766 1746 interclusam
2802 1708 2814 1746 :
2849 1691 3060 1746 viderit
3105 1690 3206 1764 qui
3253 1695 3472 1764 potest;
3507 1707 3615 1748 nos

1955 1783 2152 1835 tamen
2180 1779 2239 1834 in
2269 1797 2328 1836 re
2350 1780 2530 1835 dubia
2553 1796 2622 1834 ne
2645 1783 3169 1846 controversemur,
3182 1779 3389 1836 vilium
3415 1795 3614 1837 rerum

1957 1873 2314 1940 quapropter
2340 1867 2796 1924 controversiam
2818 1868 3102 1941 pertinaci
3126 1867 3417 1926 cucullato
3441 1868 3616 1926 relin-

1955 1973 2230 2028 quamus,
2260 1973 2431 2028 quem
2456 1957 2736 2029 putabam
2759 1957 2906 2013 velle
2936 1956 3205 2030 stipulari
3228 1974 3263 2014 a
3288 1974 3382 2014 me
3410 1957 3615 2015 funda-

1956 2050 2156 2101 menta
2185 2045 2363 2100 totius
2385 2045 2665 2101 orationis
2689 2062 2701 2100 :
2729 2047 2778 2100 1.
2804 2047 3104 2110 Quomodo
3135 2047 3217 2102 ita
3242 2063 3305 2104 se
3333 2046 3610 2112 habeant,

1956 2137 2022 2189 ut
2051 2151 2241 2205 neque
2278 2134 2524 2201 vocales,
2559 2151 2748 2206 neque
2787 2135 3188 2204 semivocales,
3219 2151 3408 2208 neque
3438 2139 3614 2192 mutae

1953 2223 2128 2278 certis
2158 2223 2366 2296 spatiis
2410 2223 2757 2293 limitentur,
2790 2225 2891 2279 sed
2937 2224 3216 2280 confundi
3263 2223 3349 2281 sic
3375 2223 3614 2281 videan-

1952 2317 2070 2379 tur,
2103 2319 2168 2368 ut
2215 2312 2456 2368 cuilibet
2503 2312 2684 2367 stulto
2725 2329 2865 2368 casu
2923 2313 3122 2384 posita:
3178 2313 3375 2386 potius
3433 2329 3612 2384 quam

1953 2402 2176 2458 ratione
2225 2400 2572 2457 habeantur.
2606 2403 2659 2455 2.
2692 2405 2806 2456 Cur
2851 2401 3153 2476 digamma
3197 2405 3332 2474 post
3377 2401 3613 2460 Latinas

1954 2493 2258 2561 acceptum
2298 2487 2526 2544 litteras
2571 2506 2686 2544 non
2732 2491 2865 2561 post
2893 2505 2944 2558 v,
2975 2487 3155 2545 veluti
3183 2506 3244 2558 ῳ,
3277 2489 3379 2545 sed
3422 2493 3557 2561 post
3583 2505 3614 2545 c

1955 2578 2286 2634 collocetur.
2320 2578 2374 2632 3.
2409 2577 2705 2634 Liberales
2736 2577 3059 2650 disciplinas
3105 2577 3431 2634 secundum
3471 2594 3612 2650 pro-

1955 2669 2145 2740 priam
2176 2668 2295 2722 vim
2327 2683 2399 2722 an
2441 2683 2544 2740 pro
2575 2671 2750 2738 captu
2799 2683 2926 2723 sese
2975 2665 3425 2739 percipientium
3478 2683 3612 2739 per-

1955 2760 2296 2812 noscantur.
2330 2756 2477 2811 Nam
2526 2756 2802 2811 dubitant
2829 2755 3070 2827 quidam
3117 2759 3316 2811 utrum
3355 2753 3441 2810 uti
3471 2757 3614 2810 sunt

1954 2850 2252 2918 praecepta:
2303 2845 2440 2900 sint.
2467 2847 2518 2900 4.
2557 2846 2812 2900 Donatus
2843 2862 2916 2900 an
2966 2844 3300 2900 Priscianus
3331 2843 3612 2901 orationis

1954 2939 2150 3006 partes
2181 2935 2551 2990 ordinaverit.
2575 2935 2628 2989 5.
2653 2934 2797 2998 Quis
2827 2934 3040 2989 horum
3085 2933 3467 2989 difﬁnitiones
3497 2931 3611 2989 eis-

1954 3024 2089 3078 dem
2120 3023 2387 3095 partibus
2419 3027 2475 3077 et
2504 3021 2906 3078 accidentibus
2934 3021 3019 3078 eis
3057 3021 3294 3094 dignius
3324 3020 3614 3077 attribue-

1954 3111 2030 3166 rit
2063 3129 2075 3166 :
2111 3127 2392 3183 magnum
2424 3111 2715 3183 siquidem
2743 3109 3004 3167 laborem
3031 3111 3436 3183 expenderunt
3466 3109 3612 3167 anti-

1953 3201 2054 3273 qui
2083 3200 2144 3256 in
2177 3201 2518 3256 ordinandis
2548 3204 2605 3256 et
2634 3201 3094 3256 determinandis
3125 3201 3322 3257 rebus.
3453 3255 3455 3258 .

2024 3293 2096 3346 Dc
2123 3291 2503 3361 grammatica.
2527 3290 2700 3344 Putat
2724 3290 2971 3346 fortasse
2991 3289 3256 3345 tumidus
3281 3287 3610 3344 monachus

1952 3379 2398 3451 grammaticam
2432 3395 2535 3433 ceu
2567 3377 2678 3434 vile
2710 3378 2991 3449 quiddam
3022 3376 3252 3433 cucullo
3282 3393 3392 3432 suo
3423 3376 3610 3431 conti-

170 3470 482 3538 perspecta
512 3467 863 3535 obscuritas,
892 3468 1188 3524 Ciceronis
1229 3467 1676 3540 Aristotelisque
1722 3485 1833 3523 non
1867 3446 1911 3512 θ
1946 3467 2148 3534 tineri;
2183 3484 2297 3522 non
2349 3472 2544 3523 tamen
2573 3466 2658 3521 ita
2703 3469 2812 3534 est,
2837 3465 3018 3521 semel
3051 3469 3280 3538 tergum
3332 3465 3462 3536 ejus
3512 3480 3607 3520 as-

171 3555 1049 3628 contemnandaTopicoporum
1069 3556 1345 3629 dignitas.
1368 3557 1428 3612 In
1447 3557 1663 3628 quibus
1681 3555 1838 3612 aliis-

173 3660 290 3716 que
320 3661 454 3700 cum
491 3661 584 3701 me
623 3644 1105 3718 interrogandum
1147 3650 1436 3718 putarem,
1463 3661 1836 3717 nequaquam

175 3732 385 3788 vilium
419 3749 617 3789 rerum
650 3738 832 3803 motu,
869 3735 969 3790 sed
1013 3735 1268 3808 desuper
1299 3735 1550 3790 immissi
1584 3736 1839 3806 impetus

175 3822 469 3893 gravitate
500 3821 877 3878 sollicitabar.
893 3822 1033 3887 Quis
1059 3827 1292 3895 putaret
1321 3841 1384 3880 se
1415 3823 1838 3896 reprehenden-

172 3910 317 3966 dum
352 3911 412 3966 in
445 3911 623 3967 unius
647 3928 822 3968 casus
855 3912 1198 3980 mutatione,
1219 3913 1314 3968 cui
1339 3917 1490 3968 Deus
1517 3911 1686 3984 plura
1709 3928 1840 3966 con-

171 4000 468 4055 cesserit?
498 4001 624 4056 Non
657 4002 938 4072 putabam
970 3999 1162 4056 Achar
1192 4002 1379 4056 furem
1409 4000 1619 4068 vivere,
1654 4016 1842 4072 neque

171 4087 493 4144 transitum
526 4088 860 4144 animarum
893 4090 1219 4145 secundum
1245 4090 1634 4162 Pythagoram
1666 4089 1725 4144 in
1753 4089 1840 4145 di-

170 4193 345 4233 versa
376 4193 621 4250 corpora
650 4177 804 4246 ﬁeri;
841 4195 966 4250 quae
999 4178 1046 4234 si
1082 4179 1420 4250 reciperem,
1446 4179 1705 4235 animam
1739 4180 1842 4236 ho-

178 4265 364 4321 minis
394 4267 621 4339 corpori
653 4267 842 4339 ipsius
873 4267 1147 4323 monachi
1189 4268 1532 4324 inviderem.
1559 4269 1845 4324 Sordibus

181 4355 285 4426 qui
319 4355 572 4411 fmdatus
602 4372 845 4427 porcum
879 4355 1052 4421 uniit,
1077 4356 1386 4413 fraudibus
1414 4357 1698 4430 gaudens,
1725 4374 1844 4413 me-

187 4443 304 4499 rito
359 4444 558 4500 anima
603 4443 922 4516 vulpecula:
967 4445 1308 4501 viviﬁcatur.
1344 4447 1425 4501 Ne
1485 4447 1703 4518 putetis
1755 4462 1848 4502 me

183 4533 321 4588 odio
352 4531 719 4604 loqui.Absit
745 4540 808 4588 ut
831 4533 962 4589 odio
992 4534 1237 4590 habeam
1265 4536 1421 4607 quod
1448 4535 1709 4590 humana
1731 4535 1852 4591 effi.

181 4619 312 4694 gies
342 4620 629 4676 viventem
664 4620 964 4677 hominem
1011 4627 1320 4679 monstrat.
1356 4625 1501 4678 Nam
1533 4623 1670 4679 licet
1703 4624 1849 4680 acci-

171 4709 422 4764 dentem
456 4708 683 4765 homini
715 4710 1040 4783 nequitiam
1072 4711 1206 4766 odio
1249 4713 1522 4779 habeam,
1555 4713 1734 4786 diligo
1763 4717 1850 4770 ta-

1948 3557 2126 3627 pexit,
2147 3560 2204 3611 et
2231 3556 2514 3611 festinans
2536 3560 2602 3609 ut
2626 3554 2831 3610 faciem
2863 3555 2914 3611 ei
2947 3557 3228 3620 cerneret,
3252 3552 3608 3624 impactione

1948 3645 2114 3716 pedis
2143 3644 2370 3709 cecidit,
2404 3648 2460 3699 et
2488 3643 2581 3698 vix
2617 3644 2687 3698 ad
2739 3643 3020 3699 sessionis
3052 3643 3180 3714 ejus
3227 3645 3423 3713 partes
3470 3657 3608 3713 per-

1947 3733 2198 3798 venit,ex
2230 3749 2345 3804 quo
2389 3736 2443 3788 et
2489 3732 2770 3804 superbit.
2803 3733 2935 3788 Haec
2967 3731 3186 3787 femina
3215 3730 3383 3786 aliter
3410 3745 3607 3802 gram-

1950 3823 2204 3889 maticis,
2255 3822 2422 3877 aliter
2475 3820 2773 3876 Aristoteli
2831 3821 3002 3877 cedit.
3037 3819 3182 3876 Huic
3238 3820 3448 3876 suadet
3507 3835 3612 3892 per

1949 3911 2222 3982 obliquos
2251 3927 2424 3967 casus
2473 3927 2589 3966 non
2619 3926 2791 3981 posse
2822 3909 3064 3965 nomina
3117 3908 3251 3976 dici,
3283 3907 3400 3966 illis
3432 3907 3609 3965 etiam

1950 4001 2011 4055 in
2042 3999 2298 4071 obliquis
2343 4017 2514 4072 posse
2545 3998 2893 4071 nuncupari.
2926 3999 3057 4054 Haec
3090 3999 3372 4071 figuratas
3415 3996 3611 4055 elocu-

1951 4091 2140 4145 tiones
2197 4089 2511 4160 aliquando
2562 4087 2646 4144 sic
2697 4091 3140 4158 commemorat,
3173 4091 3238 4142 ut
3283 4087 3377 4144 cui
3434 4103 3615 4160 gener

1954 4178 2162 4248 subjici
2197 4178 2446 4233 debeant
2487 4177 2776 4233 ostendat.
2802 4177 2986 4232 Multa
3038 4181 3342 4249 praeterea
3399 4180 3613 4246 servat,

1955 4268 2015 4322 in
2048 4266 2264 4339 quibus
2295 4266 2610 4322 stultorum
2660 4266 2956 4322 temeritas
3002 4270 3178 4321 errat.
3211 4265 3477 4320 Habeant
3522 4268 3614 4321 ta-

1958 4373 2090 4411 men
2122 4356 2273 4412 hanc
2306 4356 2521 4428 quibus
2555 4354 2800 4426 contigit
2828 4353 3035 4410 saltem
3068 4354 3125 4408 in
3151 4351 3375 4409 somnis
3393 4352 3613 4410 vidisse

1959 4447 2302 4511 Minervam,
2326 4445 2646 4500 dummodo
2678 4444 2749 4499 de
2789 4460 2856 4498 ea
2894 4459 3023 4515 quas
3055 4441 3438 4514 subsequitur
3467 4441 3594 4497 nihi

1959 4539 2338 4608 praesumant.
2384 4535 2531 4590 Nam
2581 4532 2899 4589 reluctatur
2945 4536 3004 4588 et
3051 4531 3220 4604 fugit,
3255 4530 3613 4603 quibusdam

1961 4625 2137 4680 etiam
2169 4623 2318 4696 tergi
2355 4623 2549 4678 visum
2581 4625 2773 4695 negat.
2809 4621 3034 4685 Quibus
3064 4623 3262 4676 tamen
3305 4635 3367 4675 se
3408 4618 3618 4676 viden-

1961 4713 2096 4768 dam
2129 4714 2365 4785 przebet,
2389 4729 2505 4767 non
2537 4729 2657 4766 una
2685 4711 3008 4781 eademque
3030 4708 3174 4765 facie
3203 4711 3466 4782 apparet.
3489 4707 3615 4765 Alio

184 4814 322 4853 men
347 4798 1050 4871 substantiam,quamvis
1073 4800 1201 4873 ipsa
1225 4818 1458 4874 quoque
1477 4801 1703 4857 malitia
1721 4819 1853 4858 con-
1879 4821 1927 4886 Β
1963 4802 2179 4859 etenim
2209 4801 2367 4867 huic,
2392 4799 2506 4856 alio
2537 4800 2620 4854 illi
2652 4799 2817 4856 vultu
2848 4802 3228 4856 monstratur.

181 4891 277 4942 tra
310 4891 512 4942 votum
559 4904 620 4944 se
667 4888 1024 4960 possidentis
1072 4889 1217 4945 mihi
1265 4892 1566 4963 profuerit.
1599 4891 1746 4947 Nam
1795 4897 1852 4948 et

176 4975 508 5032 multorum
541 4976 777 5033 fraudes
809 4978 1098 5049 patefecit,
1133 4982 1278 5034 teste
1305 4980 1561 5048 Marone,
1587 4980 1687 5052 qui
1719 4979 1800 5037 ait
1830 4998 1844 5037 :

239 5080 441 5190 1λὲροίρεε
475 5095 619 5133 nunc
651 5084 895 5134 Danaum
927 5085 1149 5134 insidias
1184 5089 1237 5135 et
1265 5087 1486 5137 crimine
1516 5087 1582 5137 ab
1613 5100 1723 5137 uno

286 5155 395 5190 1808
427 5157 638 5190 omnes.

286 5155 395 5192 1808
427 5157 638 5195 omnes.

173 5241 366 5312 Atque
395 5241 720 5300 multorum
754 5244 1149 5318 ignorantiam
1185 5248 1446 5316 nudavit,
1474 5249 1848 5320 apertissimo

178 5333 377 5384 autem
406 5329 627 5389 indicio
661 5350 723 5390 se
750 5335 905 5407 apud
939 5334 1206 5392 indoctos
1237 5337 1524 5394 nutritum
1559 5344 1846 5395 monstra-

175 5417 279 5481 vit,
305 5419 408 5489 qui
439 5423 920 5492 pronuntiatione
966 5424 1144 5480 unius
1193 5443 1365 5482 casus
1413 5428 1594 5483 animi
1645 5445 1850 5484 conce-

177 5507 414 5578 ptiones
445 5509 845 5582 deprehensas
876 5513 1124 5586 putavit.
1155 5514 1316 5587 Saepe
1348 5517 1681 5572 audivimus
1712 5517 1851 5573 vilia

177 5612 426 5669 quaeque
456 5600 683 5658 ornatis
734 5601 848 5658 dici
880 5603 1096 5670 verbis,
1124 5609 1362 5661 econtra
1391 5605 1570 5678 digna
1617 5606 1847 5678 prolatu

174 5685 278 5740 vili
330 5703 608 5745 sermone
661 5692 875 5758 notari,
909 5692 1086 5748 veluti
1121 5693 1170 5747 si
1204 5711 1414 5750 nomen
1470 5695 1687 5750 diaboli
1745 5713 1848 5752 au-

176 5773 292 5830 reis
343 5775 564 5834 litteris
612 5780 745 5852 quis
805 5781 1044 5848 scribat,
1089 5781 1188 5837 Dei
1247 5788 1444 5839 autem
1500 5789 1847 5841 atramento.

173 5863 464 5925 Praeterea
507 5868 650 5943 quid
701 5871 774 5929 de
831 5870 926 5930 his
985 5871 1333 5931 hominibus
1391 5872 1704 5930 dicendum
1763 5879 1853 5930 est

176 5954 280 6034 qui
311 5956 442 6024 sine
492 5957 705 6026 litteris
734 5959 980 6027 vivunt?
1019 5963 1224 6025 Nonne
1279 5962 1523 6044 quidam
1580 5962 1853 6048 acumine

2032 4893 2104 4946 De
2132 4891 2439 4945 dialectica.
2474 4890 2635 4954 Quod
2687 4889 3018 4946 ostenditur
3063 4903 3132 4943 ex
3179 4903 3245 4944 eo
3292 4886 3448 4959 quod
3487 4886 3620 4942 Ari-

1959 4979 2149 5036 stoteli
2193 4995 2399 5051 genus,
2453 4977 2730 5050 speciem,
2763 4978 3177 5045 differentiam,
3229 4975 3530 5048 proprium
3561 4978 3621 5031 et

1959 5069 2249 5134 accidens,
2284 5067 2629 5123 substistere
2677 5065 3004 5140 denegavit,
3037 5083 3163 5138 quae
3202 5063 3426 5122 Platoni
3478 5065 3618 5120 sub-

1958 5158 2228 5215 sistentia
2257 5156 2568 5229 persuasit.
2592 5156 2884 5212 Aristoteli
2918 5173 2991 5212 an
3023 5153 3250 5211 Platoni
3281 5153 3474 5226 magis
3503 5169 3623 5210 cre-

1959 5248 2216 5303 dendum
2249 5245 2509 5318 putatis?
2548 5246 2760 5318 Magna
2801 5249 2893 5304 est
2921 5245 3230 5316 utriusque
3277 5242 3619 5312 auctoritas,

1959 5341 2249 5410 quatenus
2279 5335 2374 5390 vix
2405 5335 2619 5390 audeat
2664 5335 2796 5407 quis
2840 5333 3089 5391 alterum
3121 5333 3290 5390 alteri
3335 5331 3624 5405 dignitate

1959 5427 2247 5499 praeferre.
2283 5427 2411 5481 Haec
2443 5423 2523 5479 ita
2571 5423 2886 5496 aliquando
2917 5422 3300 5497 ambiguitate
3348 5421 3621 5478 obfusca-

1960 5520 2075 5580 tur,
2109 5519 2173 5570 ut
2204 5531 2330 5586 qua:
2380 5531 2494 5579 res,
2525 5513 2617 5569 cui
2666 5512 2864 5586 generi
2907 5513 3160 5586 subponi
3211 5511 3421 5568 debeat
3465 5509 3622 5564 diffi-

1960 5605 2067 5662 cile
2118 5604 2302 5676 possit
2351 5602 2620 5659 inveniri.
2649 5602 2821 5659 Verbi
2855 5602 3066 5674 gratia,
3095 5601 3144 5658 si
3177 5601 3312 5674 quis
3359 5599 3440 5653 ita
3486 5612 3623 5668 pro-

1959 5699 2140 5766 ponat
2169 5694 2349 5749 :Cum
2382 5693 2599 5759 omnia,
2633 5709 2997 5764 quascunque
3029 5694 3188 5757 sunt,
3215 5692 3317 5745 aut
3346 5685 3621 5741 substan-

1960 5784 2043 5838 tia
2097 5786 2200 5838 aut
2256 5781 2528 5838 accidens
2587 5781 2935 5846 habeantur,
2968 5779 3108 5851 quid
3166 5778 3238 5832 de
3293 5769 3624 5830 differentia

1962 5871 2276 5928 dicendum
2312 5875 2396 5925 est
2432 5886 2560 5940 quae
2610 5885 2800 5941 neque
2845 5865 3196 5931 substantia,
3230 5875 3417 5931 neque
3463 5855 3622 5910 acci-

1959 5962 2108 6044 31908
2278 5957 2515 6044 potest}
2544 5956 2889 6041 ﬁqystentia
2931 5953 3048 6035 dici
3086 5949 3304 6030 nequit,
3331 5942 3470 6024 quia
3497 5955 3620 6006 non
