3910 6438
346 651 501 716 1295

1375 650 1766 720 GUNZONIS
1811 645 2128 707 DlACONI
2173 645 2385 705 NOVA
2399 642 2726 704 RIENSIS.

379 85 2379 115 πψπ--Ἧν

3611 639 3768 700 1296

343 787 694 861 praedicatur
721 785 782 841 in
825 801 893 841 eo
925 785 1082 858 quod
1131 784 1275 856 quid
1319 783 1417 838 sit.
1448 783 1731 839 Accidens
1779 777 1994 835 idcirco
2025 778 2079 845 Α
2108 776 2168 831 in
2200 777 2431 832 duobus
2459 775 2630 831 libris
2654 776 2884 831 tantum
2905 773 2977 829 de
3005 771 3338 828 inventione
3366 776 3603 830 tractat.
3627 775 3770 832 Cau-

341 877 536 933 vooari
567 893 684 932 non
714 873 1079 948 potest,quia
1108 873 1498 930 substantiam
1530 868 1998 934 informat.Quod

343 966 500 1023 enim
534 963 930 1020 substantiam
978 963 1283 1019 constituit
1311 962 1372 1017 in
1414 960 1749 1017 substantia
1791 957 2000 1030 praedi-

346 1057 530 1110 catur.
563 1053 666 1110 Est
693 1055 893 1108 autem
929 1051 1052 1107 haec
1099 1056 1221 1107 tam
1271 1050 1506 1107 subtilis
1557 1047 1902 1122 prudentiae,
1936 1049 2003 1101 ut

343 1158 386 1198 κ
413 1145 473 1198 et
495 1151 597 1198 VIII
629 1142 940 1198 modorum
975 1139 1454 1197 conclusionibus
1483 1155 1716 1195 omnem
1748 1152 1894 1208 pene
1923 1133 2004 1190 lo-

347 1231 517 1305 gicen
563 1230 995 1303 philosophiam
1041 1229 1311 1286 concludi
1359 1229 1673 1285 existimet.
1693 1228 1828 1292 Qum
1877 1224 2001 1279 Ari-

349 1318 546 1375 stoteli
577 1319 724 1375 adeo
769 1320 1050 1375 obsecuta
1080 1318 1359 1386 creditur,
1383 1322 1447 1372 ut
1477 1316 1528 1372 ei
1573 1316 1771 1371 nutrix
1800 1315 2004 1369 creda-

351 1412 469 1464 tur.
509 1407 629 1464 Scit
671 1407 995 1480 sophistica
1051 1407 1260 1463 stultos
1306 1405 1672 1463 cavillatione
1719 1404 2003 1474 decipere,

353 1501 645 1554 monstrat
671 1502 869 1553 tamen
901 1497 1155 1568 qualiter
1193 1497 1321 1568 ipsa
1357 1494 1646 1552 cavillatio
1676 1493 1863 1566 possit
1891 1491 2005 1547 evi-

351 1586 484 1641 tari.
517 1585 687 1641 Falsa
715 1587 868 1641 veris
900 1586 1137 1657 quando
1183 1585 1309 1640 vult
1356 1584 1442 1640 sic
1482 1583 1747 1650 farcinat,
1781 1585 1847 1636 ut
1888 1597 2006 1636 uno

351 1674 677 1744 eodemque
724 1678 1004 1745 tempore,
1030 1674 1352 1745 eodemque
1393 1673 1518 1728 loco
1550 1672 1660 1726 rite
1702 1670 2008 1726 convenire

350 1762 681 1818 vidcantur.
715 1763 854 1818 Esse
886 1763 1060 1817 etiam
1095 1766 1152 1816 et
1183 1779 1295 1816 non
1336 1778 1463 1817 esse
1513 1776 1722 1814 arcana
1751 1758 2006 1830 quadam

352 1851 580 1906 ratione
599 1850 777 1906 simul
800 1865 1145 1905 concurrere
1179 1851 1364 1922 lingit.
1387 1849 1854 1921 PrOpositionum
1880 1863 2010 1902 sua-

353 1956 484 1995 rum
537 1940 958 2012 quadraturam
991 1956 1057 1995 eo
1098 1941 1272 1994 modo
1322 1939 1669 2012 dispositam
1719 1939 2004 2004 autumat,

355 2033 646 2101 quatenus
677 2027 1053 2100 obliquorum
1103 2028 1354 2084 laterum
1388 2044 1662 2083 recursus
1694 2024 2008 2096 aliquando

353 2117 483 2173 sine
513 2117 814 2173 coactione
853 2118 1068 2184 redeat,
1095 2116 1408 2188 aliquando
1439 2115 1731 2171 coactione
1763 2115 2005 2184 aperiat.

353 2205 500 2261 Huic
531 2222 646 2264 non
679 2205 826 2260 satis
873 2209 962 2259 est
1010 2210 1075 2259 ut
1104 2206 1333 2261 dicatur
1389 2205 1607 2259 malum
1667 2220 1796 2258 esse
1853 2200 2009 2273 quod

352 2297 465 2361 est,
516 2293 620 2348 sed
667 2293 805 2364 quia
853 2293 1073 2347 bonum
1134 2310 1248 2347 non
1296 2297 1400 2348 est.
1445 2292 1636 2347 Verba
1684 2291 2009 2346 secundum

355 2397 421 2438 se
450 2382 690 2439 nomina
725 2397 858 2437 esse
905 2379 1086 2453 putat.
1122 2382 1266 2436 Nam
1300 2385 1356 2436 et
1385 2381 1485 2450 qui
1545 2380 1687 2434 dicit
1744 2377 2009 2433 auditum

352 2469 754 2537 consti-tutuit,
784 2474 841 2524 et
872 2462 970 2541 qui
1002 2469 1167 2526 audit
1197 2469 1469 2541 quiescit,
1488 2469 1734 2540 ipsaque
1759 2485 1871 2522 non
1897 2465 2010 2522 nisi

354 2559 415 2614 in
446 2559 691 2619 instanti
730 2564 990 2630 tempore
1029 2559 1258 2630 judicat
1305 2559 1417 2614 dici
1467 2574 1660 2630 posse.
1693 2557 1918 2628 Ubique
1948 2572 2012 2611 se

353 2647 527 2704 vertit
573 2649 646 2703 ad
697 2647 983 2720 singulos,
1015 2664 1082 2705 ac
1111 2648 1286 2704 veluti
1327 2647 1537 2703 ludens
1584 2663 1808 2702 venena
1854 2661 2008 2700 mor-

352 2737 652 2802 dacitatis,
685 2753 814 2808 quas
858 2753 1081 2792 venena
1127 2742 1453 2792 monstrata
1501 2737 1618 2792 cuti
1665 2735 1844 2791 vitam
1894 2751 2010 2790 non

352 2824 774 2883 intercludant.
809 2829 993 2894 Quam
1036 2829 1225 2884 bonus
1273 2827 1445 2896 Deus,
1482 2828 1580 2900 qui
1613 2826 1877 2882 invidum
1909 2841 2009 2879 cu-

350 2913 638 2970 cullatu’m
669 2915 887 2970 talibus
930 2916 1193 2988 privavit,
1221 2917 1436 2988 quibus
1469 2916 1525 2970 in
1559 2915 1794 2970 fraudes
1825 2912 2012 2984 possit

349 3001 648 3058 valentior
667 3001 909 3058 inveniri
934 3005 944 3057 l
979 3004 1130 3058 Bene
1161 3011 1270 3059 est.
1294 3009 1458 3060 Caret
1488 3004 1644 3059 enim
1676 3003 2008 3068 maledicto,

351 3090 427 3145 de
457 3107 572 3162 quo
611 3103 716 3161 per
762 3091 1076 3161 quemdam
1128 3093 1451 3162 sapientem
1500 3091 1716 3146 dicitur
1747 3107 1760 3145 :
1797 3092 1902 3158 Qui
1931 3106 2012 3145 so-

347 3177 579 3250 phistica
608 3177 870 3249 loquitur,
919 3180 1023 3234 Deo
1070 3179 1290 3235 adibitis
1315 3184 1411 3248 est,
1447 3184 1553 3235 etc.
1579 3180 1786 3235 Crator
1815 3180 2010 3251 itaque

355 3265 511 3334 huic,
546 3266 701 3338 quod
752 3265 861 3321 hac
915 3266 1145 3322 macula
1201 3271 1376 3333 caret,
1410 3267 1546 3323 licet
1603 3285 1718 3323 non
1776 3272 2006 3338 sponte.

354 3353 544 3410 Vellet
573 3354 816 3410 forsitan
849 3355 1120 3411 miserior
1148 3373 1277 3412 esse
1309 3373 1485 3429 quam
1508 3356 1604 3426 sit,
1629 3358 1730 3412 sed
1753 3356 2010 3412 bonitate

355 3442 459 3498 Dei
487 3446 864 3515 temperatur,
893 3460 1081 3516 neque
1110 3445 1400 3519 intelligit.
1422 3446 1642 3502 Sedens
1662 3445 1721 3501 in
1749 3445 2007 3502 conclavi

2110 883 2311 924 sarum
2354 871 2552 938 partes
2595 864 2695 920 alii
2743 867 2994 937 quatuor
3040 862 3360 930 afﬁrmant,
3383 863 3582 921 Cicero
3629 882 3775 924 vero

2109 958 2257 1012 duas
2289 955 2470 1023 addit,
2509 954 3016 1010 conﬁrmationem
3047 951 3315 1008 videlicet
3352 957 3411 1009 et
3446 955 3767 1028 reprehen-

2110 1046 2356 1102 sionem.
2388 1045 2450 1100 In
2484 1043 2771 1118 probabili
2802 1058 3036 1116 quoque
3065 1041 3418 1112 uenatione,
3449 1043 3511 1098 in
3545 1061 3666 1117 qua
3696 1049 3772 1103 ab

2111 1133 2242 1190 aliis
2270 1151 2343 1188 vu
2377 1133 2850 1201 introducuntur,
2885 1132 2944 1188 in
2993 1131 3211 1203 quibus
3245 1131 3326 1187 rei
3355 1133 3573 1191 veritas
3620 1136 3772 1192 solet

2112 1222 2591 1290 inveniri,Cicero
2640 1237 2954 1278 numerum
2983 1220 3187 1288 variat,
3221 1220 3280 1275 in
3315 1222 3532 1293 quibus
3579 1225 3772 1280 omni-

2114 1313 2226 1368 bus
2253 1316 2474 1384 quanta
2493 1312 2812 1368 necessitas
2834 1309 3237 1382 inquisitionis
3257 1309 3546 1368 habeatur
3574 1313 3772 1386 palam

2114 1400 2461 1457 ostenditur.
2495 1401 2624 1456 Haec
2673 1399 2892 1456 femina
2921 1399 3192 1471 prudenti
3236 1403 3710 1474 transgressione
3741 1421 3777 1460 α

2116 1506 2325 1563 genere
2355 1489 2412 1543 in
2446 1505 2678 1561 genera,
2704 1505 2739 1543 a
2761 1487 3176 1544 constitutione
3206 1489 3264 1543 in
3289 1490 3778 1549 constitutionem

2113 1579 2428 1635 transitum
2457 1577 2612 1633 facit.
2637 1577 2782 1632 Nam
2808 1575 3051 1650 Virgilio
3082 1593 3217 1634 cum
3249 1577 3320 1632 de
3348 1579 3551 1635 Turno
3577 1579 3778 1654 loque-

2116 1671 2295 1735 retur,
2330 1683 2364 1722 a
2393 1666 2672 1738 qualitate
2700 1665 2759 1721 in
2803 1667 2981 1721 ﬁnem
3012 1667 3490 1726 transmeabilem
3544 1676 3780 1728 motum

2117 1755 2403 1827 permisit.
2427 1756 2555 1810 Haec
2587 1755 2645 1810 in
2678 1755 2966 1828 principio
2996 1754 3236 1811 alterius
3275 1756 3496 1824 vultus,
3523 1757 3777 1817 alterius

2116 1844 2175 1898 in
2211 1845 2421 1913 medio,
2457 1845 2514 1898 in
2548 1848 2804 1899 extremo
2836 1844 3077 1900 alterius
3101 1861 3163 1900 se
3185 1851 3511 1904 monstrare
3543 1855 3777 1906 conten-

2119 1934 2222 1989 dit.
2257 1935 2320 1990 In
2381 1950 2695 2006 progressu
2752 1939 2948 1989 autem
2981 1934 3134 1989 etin
3181 1935 3294 1990 ﬁne
3352 1937 3778 1996 mutabilitates

2117 2037 2256 2080 suas
2287 2023 2540 2078 astutius
2588 2023 2800 2095 prodit.
2831 2025 2964 2088 Quae
3014 2022 3260 2094 loquens
3309 2041 3618 2098 nunquam
3653 2029 3780 2084 sine

2119 2113 2368 2187 strepitu
2397 2113 2683 2185 graditur,
2708 2113 2819 2168 nisi
2853 2113 2998 2168 forte
3035 2111 3350 2184 aliquando
3385 2119 3584 2172 tacens
3618 2115 3779 2189 loqui

2120 2206 2406 2261 videatur.
2430 2202 2742 2256 Alumnam
2775 2201 2926 2256 hanc
2963 2201 3256 2258 Ciceronis
3306 2203 3506 2260 nullus
3537 2205 3781 2261 dubitaa

2118 2293 2282 2349 verit.
2318 2292 2462 2347 Nam
2522 2291 2794 2361 praesidio
2852 2290 3012 2346 illius
3069 2289 3340 2359 vallatus,
3373 2294 3780 2365 coniuratores

2120 2383 2178 2437 in
2212 2379 2632 2452 rempublicam
2677 2379 3076 2451 deprehendit.
3110 2381 3196 2434 An
3228 2379 3384 2436 aliud
3419 2382 3703 2439 subvenit
3730 2384 3781 2439 ei

2121 2471 2233 2526 nisi
2268 2470 2409 2538 haec,
2445 2468 2679 2540 quando
2710 2467 3021 2523 Catilinam
3049 2468 3122 2523 de
3149 2474 3358 2524 senatu
3385 2470 3560 2541 eiecit
3588 2473 3782 2544 gravi-

2118 2564 2235 2615 tate
2267 2574 2606 2614 sermonum
2638 2561 2694 2612 et
2733 2555 3178 2625 sententiarum,
3214 2557 3431 2628 quibus
3459 2557 3652 2615 Roma
3683 2577 3785 2634 pa-

2118 2653 2266 2704 trem
2300 2647 2500 2720 patria:
2522 2645 2856 2700 Ciceronem
2888 2644 3073 2700 libera
3099 2645 3286 2700 dixit?
3307 2646 3435 2703 Haec
3456 2664 3580 2705 uno
3599 2650 3788 2706 ductu

2120 2739 2380 2793 diversos
2411 2735 2602 2808 pingit
2631 2734 2875 2805 colores,
2899 2734 3166 2806 reditque
3217 2735 3291 2790 ad
3342 2738 3651 2809 proprium
3682 2755 3786 2795 cu-

2120 2826 2232 2882 bile
2291 2823 2782 2896 quinquepertitis
2841 2823 3089 2891 semitis,
3124 2829 3419 2895 quatenus
3445 2825 3635 2882 ﬂexus
3663 2829 3784 2883 viae

2118 2932 2252 2970 rum
2301 2929 2546 2968 suarum
2604 2912 2760 2967 brevi
2821 2911 3158 2968 reductiona
3213 2913 3470 2986 colligat,
3504 2915 3789 2988 circaque

2117 3002 2415 3074 epilogum
2463 3000 2978 3072 praesumptionem
3028 3002 3308 3072 requirat.
3356 3003 3583 3076 Excipit
3631 3003 3790 3060 hanc

2119 3107 2297 3163 quam
2335 3087 2755 3160 sapientissimi
2801 3088 2955 3160 regis
2986 3105 3244 3144 sororem
3299 3092 3499 3148 ferunt
3545 3093 3788 3150 subtili-

2119 3185 2235 3235 tate
2265 3179 2462 3233 vultus
2507 3181 2564 3232 et
2606 3176 2907 3248 sapientiae
2956 3176 3259 3248 dignitate.
3294 3179 3512 3237 Dicunt
3554 3181 3787 3238 Hebr-ai

2118 3268 2488 3323 Salomonem
2523 3265 2768 3320 minutis
2813 3265 3128 3320 formatum
3161 3268 3420 3338 corporis
3452 3269 3788 3327 lineamen—

2117 3357 2214 3413 tis.
2250 3356 2412 3423 Quod
2443 3369 2511 3410 ex
2539 3354 2730 3410 verbis
2761 3370 2995 3425 quoque
3025 3352 3130 3407 ﬁlii
3159 3355 3288 3425 ejus
3318 3354 3643 3429 colligitur,
3659 3360 3789 3432 qui-

2119 3447 2232 3502 bus
2271 3445 2353 3500 ait
2387 3462 2401 3499 :
2435 3446 2702 3501 Minimus
2744 3443 2953 3512 digitus
2998 3459 3150 3498 meus
3194 3445 3435 3514 grossior
3489 3451 3572 3502 est
3627 3448 3789 3505 dorso

354 3530 696 3588 monasterii
745 3537 1056 3588 cornutum
1089 3550 1150 3589 se
1190 3517 1724 3606 putat'secundum
1773 3552 2005 3608 prover-
2038 3517 2080 3585 (ἶ
2115 3537 2293 3607 patris
2321 3535 2452 3590 mei.
2484 3534 2562 3588 Ex
2607 3549 2722 3605 quo
2755 3536 2947 3605 potest
2989 3531 3148 3588 aliud
3179 3532 3392 3605 colligi,
3430 3533 3490 3589 in
3522 3551 3592 3592 eo
3623 3537 3786 3593 vide~

353 3619 520 3675 bium
548 3621 884 3678 Aristotelis
913 3639 1028 3695 quo
1059 3623 1140 3678 ait
1173 3641 1184 3678 :

413 3744 598 3811 bima:
627 3745 682 3794 in
714 3759 810 3795 suo
842 3745 1084 3796 conclavi
1116 3752 1409 3811 cornupeta
1438 3750 1537 3798 sibi
1569 3750 1795 3808 videtur,

357 3827 363 3833 ’
412 3809 588 3872 Seque
617 3811 769 3872 putat
795 3823 956 3859 cursu
987 3811 1187 3860 timidis
1216 3809 1540 3862 contendere
1571 3813 1756 3863 damis.

421 3915 724 3978 Unciolam
772 3927 893 3980 tota
945 3941 1079 3982 cum
1135 3927 1229 3980 vix
1285 3929 1626 3999 expendere,
1671 3945 1785 4001 quo
1843 3947 2008 3985 omna

345 4008 536 4068 Valeat
588 4026 717 4066 sese
774 4011 1072 4084 impertire
1123 4015 1359 4071 sodalis.
1395 4017 1476 4072 Ne
1509 4017 1814 4090 imputetis
1862 4018 2003 4074 vitio

351 4099 508 4170 quod
541 4115 693 4172 saepe
738 4100 894 4155 idem
945 4105 1159 4174 repeto.
1194 4103 1496 4175 Siquidem
1527 4109 1660 4161 utor
1704 4106 2004 4163 Juvenalis

349 4185 638 4261 exemplo,
668 4189 826 4261 quod
856 4189 926 4244 de
956 4189 1223 4262 Crispino
1257 4193 1336 4248 ait
1369 4212 1380 4248 :

353 4360 360 4364 _
406 4311 762 4438 Egcggttpgpm
791 4312 1067 4378 Crispinus
1095 4317 1150 4364 et
1177 4319 1258 4364 est
1284 4315 1414 4366 mihi
1446 4331 1587 4381 saepe
1614 4321 1890 4372 vocandus

416 4489 486 4544 Et
503 4489 701 4546 Cicero
723 4491 781 4545 in
803 4491 1066 4548 Verrinis
1088 4509 1239 4564 saepe
1259 4493 1496 4551 Verrem
1518 4498 1743 4568 repetit.
1759 4499 2002 4557 Verum-

341 4579 538 4634 tamen
570 4579 710 4649 quia
749 4579 806 4634 in
839 4578 1180 4636 liberalibus
1221 4581 1550 4655 disciplinis
1581 4587 1768 4642 multa
1799 4589 1999 4660 inqui-

343 4665 460 4720 situ
492 4666 667 4738 digna
726 4669 1117 4739 reperiuntur,
1149 4673 1350 4740 paucis
1391 4690 1460 4728 ex
1502 4679 1888 4746 grammatica
1943 4683 1999 4735 et

342 4751 644 4810 dialectica
682 4754 1021 4827 prmlibatis,
1056 4757 1355 4815 rhetoricae
1400 4764 1718 4834 potentiam
1751 4767 1999 4824 breviter

341 4841 398 4895 in
428 4843 688 4898 medium
721 4844 1007 4901 deducere
1035 4849 1289 4903 tentabo.

400 4953 633 5020 Eloquiis
662 4958 778 5009 haec
807 4974 862 5008 se
891 4961 1151 5021 promittit
1179 4963 1384 5013 solvere
1415 4969 1620 5016 mentes

396 5021 709 5091 Quasyelit,
743 5021 964 5091 ut_l.'etis
994 5030 1305 5091 convertere
1337 5028 1508 5078 tristia
1538 5032 1705 5091 possit

398 5082 673 5143 Tristibus,
707 5089 759 5134 et
786 5084 955 5135 doctae
986 5087 1239 5136 medicari
1270 5090 1467 5140 famine
1497 5082 1710 5156 linguai.
1791 5156 1793 5159 ι

408 5205 483 5260 De
511 5205 802 5262 rhetorica.
836 5208 1022 5279 Hujus
1068 5214 1309 5269 materia
1341 5216 1531 5272 tribus
1562 5220 1872 5288 generibus
1903 5223 1990 5277 di-

334 5293 460 5349 visa
491 5310 729 5351 causam
762 5299 1196 5357 constitutionis
1238 5303 1533 5359 informat.
1566 5311 1629 5360 In
1665 5307 1772 5363 hac
1804 5311 1993 5367 multa

341 5382 628 5454 inquisitu
662 5385 839 5457 digna
867 5390 1256 5459 reperiuntur,
1290 5397 1394 5447 aut
1434 5393 1571 5464 quia
1601 5414 1754 5452 nunc
1786 5399 1844 5453 in
1876 5418 1989 5457 usu

336 5487 451 5527 non
498 5476 608 5539 est,
639 5479 741 5528 aut
798 5476 937 5546 quia
994 5479 1148 5548 apud
1209 5485 1476 5535 auctores
1533 5483 1759 5541 diverso
1815 5491 1988 5546 modo

333 5559 632 5617 variabilis
663 5561 974 5619 invenitur.
1008 5565 1152 5620 Nam
1194 5567 1353 5623 fuere
1395 5569 1632 5640 quidam
1669 5574 1768 5644 qui
1802 5593 1987 5634 unum

331 5652 564 5706 tantum
595 5666 781 5722 genus
813 5651 992 5723 hujus
1038 5654 1181 5710 artis
1212 5673 1338 5712 esse
1371 5657 1607 5726 vellent;
1641 5663 1901 5734 quidam,
1924 5672 1990 5723 ut

332 5737 471 5806 dixi,
504 5739 634 5795 tria.
661 5738 1120 5798 Constitutiones
1149 5761 1281 5800 vero
1327 5743 1524 5816 plures
1563 5751 1681 5804 tres
1731 5767 1858 5808 esse
1887 5772 1984 5811 vc-

331 5825 587 5896 luerunt,
612 5846 744 5885 cum
777 5831 1044 5902 partibus
1071 5833 1391 5904 qualitatis.
1412 5834 1587 5891 Pauci
1620 5843 1814 5896 autem
1848 5860 1987 5914 qua-

329 5920 464 5974 tuor
508 5935 636 5976 esse
678 5919 969 5977 dixerunt.
1005 5922 1210 5978 Totius
1269 5924 1414 5979 artis
1463 5942 1759 5985 summam
1812 5932 1983 5988 multi

329 6007 866 6088 quinquepertitam
885 6027 1012 6070 esse
1023 6010 1776 6092 voluerunt.Verumtar_nen
1790 6020 1982 6080 Cicero

2025 4889 2073 4953 D

2117 3624 2253 3680 licet
2282 3624 2438 3695 quod
2468 3623 2528 3678 in
2549 3622 2712 3678 tenui
2740 3637 2980 3695 corpore
3010 3620 3341 3677 Salomonis
3364 3621 3529 3695 larga
3553 3626 3789 3697 sapien-

2117 3715 2198 3769 tia
2233 3714 2362 3779 fuit,
2394 3713 2568 3768 datur
2609 3711 2876 3783 intelligi,
2912 3711 3068 3782 quod
3113 3711 3170 3765 in
3202 3711 3406 3783 pingui
3455 3711 3550 3768 vix
3600 3719 3786 3786 queat

2117 3803 2415 3860 subtilitas
2448 3801 2748 3874 sapientiae
2777 3799 3048 3856 inveniri.
3081 3800 3228 3855 Hinc
3256 3800 3492 3858 Persius
3525 3817 3538 3857 :

2177 3963 2192 3978 .
2294 3964 2307 3976 .
2407 3963 2421 3976 .
2522 3963 2534 3975 .
2564 3989 2590 3990 η
2633 3925 2858 3990 Nugaris
2888 3939 3008 3975 cum
3038 3924 3133 3974 tibi
3164 3924 3307 3990 calve

2178 3991 2393 4055 Pinguis
2422 3987 2743 4054 aqualicalus
2772 4001 3038 4053 propenso
3067 3987 3396 4050 sexquipede
3423 3992 3612 4038 exstet.

2185 4105 2407 4161 Statius
2439 4121 2669 4177 quoque
2699 4103 2984 4159 virtutum
3018 4101 3275 4175 corporis
3315 4119 3674 4161 enumerans
3707 4107 3778 4162 de

2112 4195 2289 4250 Tideo
2319 4193 2511 4265 inquit
2540 4211 2552 4249 :

2174 4301 2339 4366 Major
2367 4301 2422 4349 in
2453 4300 2644 4364 exiguo
2673 4299 2919 4363 regnavit
2947 4313 3170 4363 corpore
3203 4300 3388 4352 virtus.

2182 4409 2308 4465 Ηωο
2355 4406 2524 4480 quasi
2578 4423 2680 4479 per
2728 4406 3172 4479 digressionem,
3207 4408 3279 4463 ad
3321 4407 3620 4480 proposita
3680 4426 3771 4466 res

2109 4515 2362 4554 curram.
2393 4502 2554 4552 Hane
2583 4496 2713 4551 ideo
2753 4496 3043 4568 virginem
3087 4512 3326 4569 corpore
3369 4500 3610 4552 tenuem
3641 4513 3768 4555 me-

2109 4586 2350 4655 moravi,
2371 4585 2510 4658 quia
2541 4584 2833 4641 abstracta
2863 4601 2897 4640 a
2927 4585 3102 4640 rebus
3133 4584 3428 4656 corporeis
3460 4585 3520 4639 in
3551 4591 3770 4642 natura

2108 4677 2198 4733 sui
2231 4675 2395 4732 nulla
2425 4673 2832 4746 corporalitate
2853 4677 3168 4729 crassatur.
3192 4672 3461 4729 Vindicat
3492 4673 3605 4730 sibi
3625 4691 3770 4746 qua-

2107 4770 2341 4838 prOpter
2393 4762 2702 4836 collegium
2751 4762 3092 4827 divinitatis,
3128 4779 3242 4818 non
3292 4766 3492 4819 tamen
3521 4767 3588 4819 ut
3614 4763 3770 4819 soci--

2106 4858 2250 4912 dens
2282 4853 2483 4909 haberi
2515 4853 2572 4907 in
2617 4852 2732 4909 Deo
2777 4851 2937 4919 velit,
2979 4853 3080 4907 sed
3125 4851 3537 4907 substantiam.
3569 4852 3764 4909 Unum

2104 4961 2358 5016 namque
2399 4943 2457 4998 in
2495 4941 2776 4996 Trinitate
2825 4957 3208 5012 personarum
3263 4940 3470 5006 Patris,
3505 4944 3563 4996 et
3609 4941 3761 5008 Filii,

2103 5041 2159 5090 et
2190 5034 2442 5105 Spiritus
2483 5031 2667 5086 sancti
2717 5030 3050 5085 substantia
3078 5033 3186 5085 est.
3217 5030 3366 5100 Ergo
3409 5029 3670 5086 Trinitas
3701 5029 3761 5086 in

2102 5124 2350 5188 unitate,
2385 5125 2441 5176 et
2484 5119 2681 5175 unitas
2729 5119 2788 5173 in
2833 5119 3120 5173 Trinitate
3170 5116 3504 5173 substantia
3558 5123 3667 5173 est.
3699 5118 3758 5173 In

2102 5211 2385 5269 creaturis
2417 5225 2646 5281 quoque
2679 5209 3002 5264 secundum
3036 5205 3417 5279 philosophos
3448 5212 3641 5278 potest
3660 5224 3760 5262 nu-

2102 5320 2300 5358 merus
2333 5315 2566 5372 quoquo
2609 5298 2780 5353 modo
2827 5297 3163 5352 substantia
3206 5295 3414 5362 videri,
3447 5296 3561 5350 nisi
3616 5296 3759 5352 forte

2102 5395 2271 5464 neget
2303 5390 2436 5461 quis
2467 5403 2778 5442 numerum
2819 5402 2968 5441 esse.
3002 5385 3182 5440 Aiunt
3211 5385 3533 5456 prudentes
3564 5384 3756 5440 Unum

2100 5488 2156 5540 et
2186 5484 2286 5536 Est
2336 5479 2491 5532 idem
2523 5493 2673 5543 esse,
2707 5480 2772 5530 ut
2814 5475 3019 5530 tandiu
3077 5474 3154 5530 sit
3211 5473 3432 5547 aliquid
3493 5474 3768 5545 quandiu'

2099 5587 2285 5629 unum
2317 5572 2440 5635 est;
2474 5571 2531 5622 et
2580 5582 2713 5620 cum
2745 5564 2986 5625 desierit
3032 5580 3221 5620 unum
3270 5577 3418 5632 esse,
3462 5563 3593 5634 jam
3645 5580 3756 5619 non

2098 5664 2192 5719 sit.
2217 5662 2317 5715 Est
2347 5655 2740 5713 substantiam
2772 5657 3084 5721 monstrat,
3110 5656 3287 5725 atque
3315 5651 3534 5708 idcirco
3583 5669 3620 5707 a
3666 5669 3754 5708 sa-

2097 5749 2392 5825 pientibus
2419 5743 2854 5801 substantivum
2873 5747 3130 5799 vocatur.
3147 5743 3295 5814 Ergo
3312 5745 3370 5797 et
3385 5740 3582 5797 Unum
3600 5739 3752 5813 quod

2094 5841 2250 5896 idem
2299 5836 2495 5899 habet,
2530 5832 2685 5904 quod
2737 5837 2845 5898 est,
2879 5831 3224 5888 substantiae
3275 5847 3391 5887 non
3441 5829 3749 5886 irrationa-

2093 5928 2290 5986 biliter
2329 5920 2597 5995 deputari
2647 5925 2858 5993 potest,
2903 5921 3172 5993 quamvis
3221 5935 3509 5977 numerus
3559 5918 3749 5976 omnis

2093 6016 2292 6097 generi
2338 6009 2686 6090 quantitatis
2716 6010 3068 6088 assignetur.
3090 6014 3223 6071 Haec
3263 6010 3335 6067 de
3378 6019 3495 6084 qtlo
3544 6007 3754 6084 loquor
