3910 6448
321 369 485 437 1299

1018 364 1408 431 GUNZONIS
1449 360 1658 423 DIAC.
1692 354 1984 421 NOVAR.
2032 353 2284 416 EPIST.
2331 352 2435 416 AD
2480 350 2842 415 FRATRES
2885 351 3070 416 AUG.

3603 360 3760 426 1300

321 507 393 565 ad
423 503 766 579 Aquilonem.
799 499 1064 558 Lustrans
1095 501 1352 555 universa
1375 512 1475 569 per
1503 495 1796 551 circuitum
1832 487 1986 579 vadit
2013 487 2071 555 Α
2099 483 2400 579 corporale
2431 483 2768 579 mutatione
2795 483 2906 541 loci
2942 501 3156 544 senum
3202 485 3470 560 efﬁcere;
3504 492 3759 567 calestig'

322 578 573 671 spiritus,
604 598 655 652 et
682 595 743 649 in
770 592 1001 647 circulos
1031 604 1153 644 suos
1183 589 1492 643 rerertitur.
1525 587 1658 650 Quae
1692 578 1984 671 sententia

322 667 407 744 ita
425 685 568 742 solvi
599 685 828 756 potest;
864 679 1018 752 quod
1044 678 1175 732 ideo
1201 675 1284 731 sel
1309 675 1552 747 spiritus
1586 667 1983 740 dicatur,quia

326 775 517 832 calore
549 773 678 845 ejus
707 769 906 827 omnia
922 764 1600 822 nascentiaviviﬁcantur
1619 759 1980 815 etcreseunt.

328 865 469 922 Inde
497 867 588 918 est
609 860 763 933 quod
796 856 1037 929 quidam
1070 853 1379 927 gentilium
1393 855 1664 906 naturam
1685 847 1795 902 hoc
1810 845 1983 900 modo

329 951 734 1010 difﬁniendam
767 945 1289 1019 putarentzNatura
1309 939 1569 1012 estignis
1591 936 1816 1002 artifex,
1845 951 1984 1006 qua-

329 1043 468 1098 dam
495 1039 590 1094 via
615 1037 835 1092 vadens
859 1034 918 1088 in
951 1050 1044 1088 res
1077 1029 1384 1088 sensibiles
1417 1025 1806 1101 precreandas
1835 1041 1848 1092 ;
1882 1024 1983 1078 sed

331 1130 472 1202 quia
500 1127 610 1184 hoc
640 1142 759 1181 non
791 1124 933 1178 adeo
955 1119 1255 1194 probabile
1277 1113 1684 1174 est.sententia
1698 1110 1984 1202 Apesteli,

331 1201 468 1275 eum
499 1217 560 1272 in
591 1231 708 1271 uno
738 1213 910 1268 modo
926 1208 1581 1267 ecclesiastieidocteres
1606 1201 1980 1267 conveniunt,

330 1304 760 1365 consideranda
800 1305 907 1368 est,
934 1317 1050 1372 qua
1080 1298 1294 1354 dicitur
1328 1315 1340 1352 :
1375 1296 1587 1352 Scimus
1627 1295 1758 1364 quia
1807 1293 1985 1346 omnis

331 1399 588 1453 creatura
615 1392 922 1464 ingemiscit
951 1391 1000 1444 et
1025 1389 1271 1461 parturit
1295 1401 1460 1457 usque
1490 1383 1684 1439 adhuc.
1711 1383 1782 1437 Et
1811 1380 1984 1452 paulo

335 1488 471 1558 post
504 1501 518 1540 :
554 1483 694 1552 Quia
720 1484 771 1537 et
810 1482 932 1550 ipsa
980 1480 1230 1533 creatura
1282 1474 1608 1530 liberabitur
1652 1489 1687 1526 a
1729 1472 1987 1527 servitute

335 1571 704 1643 corruptionis
735 1571 796 1624 in
825 1569 1129 1622 libertatem
1158 1566 1354 1636 gloria
1382 1565 1626 1633 ﬁliorum
1655 1559 1987 1616 Dei.Nonne

334 1661 553 1718 rectius
580 1659 641 1714 in
671 1656 891 1713 talibus
921 1656 1148 1710 deceret
1188 1652 1543 1709 monachum
1564 1647 1838 1721 occupari
1860 1665 1986 1720 qua

337 1751 411 1807 ad
467 1745 857 1805 eruditionem
913 1743 1206 1815 pertinent
1251 1740 1596 1796 Christiana
1664 1736 1983 1810 religionis,

338 1853 513 1912 quam
549 1834 827 1892 inservire
849 1830 1194 1888 fraudibus?
1216 1830 1345 1886 Vile
1366 1831 1537 1902 putat
1555 1827 1615 1883 in
1644 1825 1985 1884 liberalibus

338 1924 554 1987 studiis
583 1921 909 1990 immorari,
943 1919 1312 1996 planetarum
1337 1918 1596 1990 absidas,
1612 1917 1986 1992 positionem,

339 2019 650 2075 discursus
672 2032 776 2090 per
805 2011 1130 2081 zodiacum,
1164 2009 1519 2067 circulorum
1544 2009 1696 2064 inter
1726 2025 1787 2064 se
1817 2007 1992 2080 repli—

339 2107 628 2166 sationem
649 2104 1000 2177 inquisitum
1022 2102 1107 2157 ire
1130 2100 1300 2156 nihili
1323 2098 1763 2173 pendit.Saltem
1779 2113 1848 2152 ea
1863 2113 1989 2168 qua

340 2199 403 2254 in
421 2195 635 2253 divinis
656 2193 824 2250 libris
845 2209 914 2249 ex
933 2191 1078 2265 ipsis
1095 2191 1320 2246 artibus
1336 2189 1714 2244 inveniuntur
1725 2186 1990 2242 conside-

341 2285 738 2351 raredeberet,
761 2286 827 2338 ut
847 2286 937 2338 est
960 2280 1105 2336 illud
1136 2279 1198 2334 in
1231 2278 1427 2334 divina
1455 2276 1723 2344 historia,
1755 2274 1991 2347 quando

339 2375 520 2434 Josue
549 2371 657 2432 soli
687 2376 746 2428 et
775 2370 926 2427 luna
958 2369 1271 2425 stationem
1301 2365 1738 2433 indixit,utrum
1756 2362 1991 2434 reliqua

343 2463 605 2536 quinque
634 2461 878 2534 planeta
927 2463 983 2515 et
1029 2459 1239 2514 intima
1281 2455 1487 2512 mundi
1533 2453 1724 2510 orbita
1753 2451 1993 2508 stationi

341 2549 750 2619 servierint,an
780 2547 1048 2622 proprios
1078 2563 1286 2603 cursus
1325 2543 1698 2601 servaverint.
1731 2540 1893 2606 Quod
1945 2538 1994 2594 si

342 2640 427 2696 ita
467 2641 558 2696 est
596 2636 972 2710 diaphoniam
987 2651 1162 2708 passa
1173 2636 1264 2688 est
1280 2631 1533 2688 calestis
1554 2629 1656 2685 illa
1674 2627 1992 2685 harmonia

347 2720 631 2796 suavitas,
664 2725 951 2783 mutilatis
982 2723 1213 2779 duobus
1231 2720 1517 2788 nervis,eo
1539 2717 1860 2793 prasertim
1879 2733 1993 2788 quo

345 2815 607 2892 primum
660 2813 1099 2871 tetrachordum
1127 2809 1538 2876 terminantur,
1572 2811 1630 2864 et
1671 2805 1995 2864 secundum

347 2902 678 2976 auspicium
731 2900 931 2958 sumit.
965 2899 1026 2954 Si
1073 2901 1271 2954 autem
1301 2897 1511 2953 ultima
1540 2895 1769 2968 sphara
1818 2892 1996 2949 simul

349 3007 487 3048 cum
517 2988 769 3062 planetis
799 2987 1321 3058 subsistit,supera
1344 2983 1590 3040 dulcedo
1607 2983 1843 3039 musica
1865 2999 1998 3038 con-

348 3078 539 3136 ticuit.
571 3077 839 3135 Forsitan
869 3075 1006 3131 inde
1035 3077 1126 3130 est
1145 3073 1301 3146 quod
1327 3073 1387 3128 in
1416 3072 1525 3128 Job
1553 3071 1771 3144 legitur
1802 3088 1814 3126 :
1859 3071 1995 3127 Con-

348 3170 567 3224 centum
591 3165 715 3221 cali
741 3165 1013 3237 quiescere
1038 3165 1160 3234 quis
1203 3164 1376 3234 facit?
1405 3165 1467 3216 In
1509 3177 1626 3232 qua
1678 3160 2001 3232 quastione

345 3259 435 3312 tot
461 3255 790 3326 emergunt,
822 3256 891 3308 ut
920 3253 1174 3308 Lerneus
1204 3249 1415 3322 anguis
1446 3248 1742 3305 Herculeis
1780 3249 1995 3305 iterum

345 3342 571 3401 viribus
592 3342 962 3416 cempensari
988 3339 1272 3396 videatur.

417 3433 492 3488 De
517 3432 750 3488 musica.
781 3429 1199 3487 Verumtamen
1222 3427 1362 3500 quia
1378 3427 1615 3483 musica
1638 3427 1995 3484 mentionem

346 3520 544 3594 intuli,
575 3515 648 3578 de
675 3519 962 3594 inquisitu
993 3520 1122 3591 ejus
1153 3534 1341 3591 pauca
1368 3517 1642 3588 narrabo,
1675 3533 1804 3590 qua
1835 3520 1999 3573 tanta

347 3609 632 3685 dignitate
649 3609 824 3683 viget,
858 3614 925 3666 ut
955 3609 1070 3665 Deo
1105 3607 1379 3665 assistere
1397 3607 1534 3678 jure
1563 3606 1852 3663 credatur.
1886 3608 1996 3661 Cu-

339 3699 444 3772 jus
473 3699 555 3756 rei
575 3697 843 3772 exempla
871 3698 954 3754 ita
967 3714 1032 3754 se
1060 3697 1394 3769 frequenter
1423 3697 1696 3766 efferunt,
1728 3699 1795 3750 ut
1823 3695 1995 3750 modo

346 3788 507 3845 dictu
536 3804 899 3861 supervacua
929 3790 1229 3860 putentur.
1263 3785 1393 3841 Hac
1435 3801 1570 3840 cum
1619 3787 1785 3840 tanta
1815 3784 1996 3855 maje-

347 3881 496 3933 state
525 3876 835 3950 polleat,ut
859 3875 1054 3931 divine
1085 3875 1423 3947 conspectui
1455 3872 1856 3940 famuletur,in
1889 3889 1999 3928 ca-

343 3963 591 4020 lestibus
617 3964 962 4036 corporibus
993 3963 1076 4017 ita
1122 3962 1235 4019 sibi
1283 3961 1684 4018 monarchiam
1715 3961 1992 4030 vindicat,

346 4052 502 4125 quod
531 4051 593 4107 in
623 4051 946 4124 hisjugiter
958 4055 1306 4107 concentum
1329 4053 1602 4116 struat,et
1628 4049 1994 4122 Pythagorici

345 4139 688 4213 dignitatem
718 4139 934 4196 silentii
967 4156 1081 4194 non
1113 4139 1363 4204 amittat,
1387 4155 1570 4210 eoque
1601 4139 1666 4192 ﬁt
1708 4143 1773 4193 ut
1797 4155 1996 4211 perso-

345 4232 444 4284 net
472 4232 530 4285 et
557 4227 975 4285 taciturnitatis
1001 4228 1242 4284 modum
1259 4231 1483 4295 servet;
1509 4227 1710 4299 sicque
1730 4227 1790 4282 in
1813 4228 1996 4284 circu-

345 4316 537 4373 lorum
560 4316 942 4374 varietatibus
955 4332 1083 4373 sese
1108 4316 1763 4388 moderatur,quatenus
1795 4321 1998 4373 contra

343 4405 534 4478 legem
554 4406 825 4462 humana
844 4404 1856 4477 modulationisduxtafquorumdam
1879 4407 1999 4478 epi-

317 4495 584 4551 'nionem
605 4494 923 4551 laxioribus
953 4494 1112 4567 gyris
1141 4497 1363 4561 acutos,
1398 4493 1674 4550 brevibus
1703 4493 1997 4566 graviores

343 4581 715 4654 impertiatur
742 4582 1459 4656 senes.Nasciturqueque
1471 4581 1742 4654 perplexa
1754 4583 1995 4655 quaestio
2026 4595 2072 4662 D

343 4671 404 4725 in
435 4687 501 4726 eo
531 4671 690 4742 quod
716 4671 978 4743 quinque
997 4670 1242 4743 planeta
1269 4669 1584 4742 aliquando
1625 4671 1798 4727 solari
1830 4673 1993 4729 radio

342 4749 1107 4830 impelluntur,quandeque
1141 4758 1378 4815 stationi
1409 4759 1784 4831 deputantur.
1809 4761 1992 4816 Statio

343 4850 506 4902 metu
531 4838 901 4913 caret,sonus
931 4851 1126 4903 autem
1151 4847 1277 4903 sine
1298 4853 1461 4904 metu
1489 4865 1618 4904 esse
1639 4865 1755 4904 non
1780 4853 1990 4921 potest:

341 4931 635 4991 stantibus
665 4950 801 5008 ergo
834 4929 1142 5007 aliquibus
1186 4935 1456 5008 planetis,
1511 4953 1625 4992 non
1666 4937 1993 5009 integretur

331 5023 496 5096 jugis
512 5022 832 5080 harmonia
847 5024 1557 5097 concentus.Quaprepter
1570 5025 1989 5097 inquirendum

341 5113 744 5182 est,quantum
765 5112 1038 5167 humana
1061 5111 1316 5169 scientia
1339 5113 1678 5169 conceditur
1697 5116 1988 5185 quomodo

340 5198 602 5256 calestes
625 5199 990 5272 planetarum
1010 5206 1207 5258 metus
1227 5207 1284 5258 et
1304 5203 1640 5276 impositam
1667 5203 1778 5260 sibi
1800 5203 1988 5276 legem

339 5287 614 5346 continue
672 5294 905 5346 servent
961 5291 1322 5358 seueritatis,
1373 5296 1430 5348 et
1495 5293 1821 5364 injunctam
1879 5293 1989 5349 sibi

338 5377 689 5450 quandoque
711 5380 1119 5436 necessitatem
1135 5398 1503 5454 nequaquam
1521 5387 1864 5454 praetereant
1878 5385 1992 5437 sta-

335 5465 535 5534 tionis,
569 5466 721 5523 inter
759 5485 887 5539 qua
910 5469 981 5524 de
1002 5469 1206 5525 mundi
1229 5470 1403 5526 etiam
1427 5470 1655 5542 sphara
1677 5470 1993 5541 inquiritur

335 5555 534 5608 utrum
568 5554 760 5609 sonitu
793 5555 1130 5628 impellatur
1150 5575 1223 5612 an
1246 5557 1476 5614 silentio
1495 5559 1767 5631 agitetur.
1788 5558 1994 5613 Dicunt

331 5656 505 5698 omne
535 5642 690 5715 quod
720 5642 780 5699 in
817 5649 976 5701 metu
1008 5650 1096 5702 est
1119 5645 1312 5703 locum
1333 5651 1583 5716 mutare,
1603 5663 1775 5704 omne
1792 5650 1989 5703 autem

2092 578 2288 630 autem
2321 574 2510 630 orbita
2538 573 2735 630 locum
2771 591 2886 630 non
2921 579 3130 646 mutat,
3184 581 3478 650 quatenus
3533 583 3596 639 in
3627 601 3757 642 sese

2093 663 2579 732 rotatur,nullum
2611 679 2746 737 ergo
2761 680 2870 719 sua
2898 663 3271 722 volubilitate
3306 684 3520 726 sonum
3542 673 3756 744 reddit,

2094 755 2152 808 et
2179 757 2375 808 tamen
2402 752 2623 825 ingenti
2650 752 2895 824 strepitu
2929 753 3147 809 dicitur
3168 755 3561 828 agitari,sicut
3575 762 3757 833 paulo

2093 845 2229 896 ante
2259 840 2523 912 exemplo
2552 841 2661 896 Job
2693 840 2821 896 cali
2853 847 3199 898 concentum
3231 846 3628 916 pramisi.Sed
3652 867 3755 922 po-

2094 934 2210 986 test
2240 930 2484 986 forsitan
2515 929 2661 984 illud
2693 931 2764 985 de
2797 931 3047 1002 planetis
3092 936 3502 993 tantummodo
3544 940 3755 1012 accipi.-

2095 1019 2175 1075 De
2206 1018 2299 1074 his
2322 1023 2518 1074 tamen
2547 1018 2757 1075 viderit
2791 1019 3128 1093 quicunque
3155 1021 3252 1078 ille
3300 1028 3407 1093 est,
3460 1034 3754 1098 quantum

2095 1108 2207 1163 sibi
2234 1108 2433 1163 divina
2461 1109 2649 1181 gratia
2679 1108 3451 1177 ministraverit,dummodo
3483 1115 3543 1171 in
3572 1120 3754 1174 terre-

2095 1196 2233 1254 stris
2283 1198 2614 1269 cognitione
2648 1198 2985 1256 soneritatis
3032 1199 3470 1272 aliquantulum
3509 1205 3660 1260 mihi
3691 1206 3754 1261 li-

2095 1291 2223 1342 ceat
2254 1286 2556 1343 immorari
2581 1306 2598 1354 ;
2629 1288 2689 1342 in
2723 1287 2832 1343 hac
2864 1305 3119 1361 namque
3152 1289 3340 1346 multa
3378 1294 3759 1364 reperiuntur

2096 1392 2224 1447 qua
2255 1375 2544 1448 frequenti
2577 1375 2852 1450 indagine
2883 1377 3510 1450 dignajudicantur.ln
3531 1381 3640 1438 hac
3653 1400 3756 1456 ge-

2095 1463 2372 1521 neraliter
2401 1465 2588 1538 ipsius
2619 1466 2980 1538 requirenda
3016 1472 3156 1524 sunt
3184 1473 3400 1541 partes,
3434 1487 3583 1542 quas
3627 1472 3759 1529 Vir-

2096 1553 2272 1626 gilius
2300 1572 2379 1611 vn
2411 1572 2539 1611 esse
2568 1560 2878 1625 monstrat,
2913 1556 3191 1629 inquiens
3225 1575 3238 1612 :

2157 1661 2473 1726 Obloquitur
2499 1676 2757 1713 numerus
2780 1667 2983 1728 septem
3011 1663 3320 1716 diserimina
3347 1680 3538 1718 vocum
3562 1685 3575 1731 ;

2096 1768 2157 1824 in
2189 1770 2360 1840 cujus
2391 1769 2669 1826 brevitate
2691 1770 2970 1826 carminis
3011 1771 3193 1828 totius
3223 1771 3540 1830 harmonia
3571 1775 3760 1849 gravi-

2017 1859 2067 1926 B
2095 1860 2186 1914 tas
2215 1858 2863 1925 continetur,Quaritur
2882 1858 3059 1915 etiam
3082 1859 3138 1914 in
3155 1859 3263 1916 hac
3292 1863 3436 1934 quid
3463 1863 3760 1922 infinitate

2101 1945 2376 2003 terminet
2431 1964 2660 2017 vocum,
2723 1948 2856 2020 quis
2909 1953 3104 2005 metus
3161 1951 3238 2006 sit
3279 1950 3578 2020 audiendi,
3611 1959 3761 2026 quot

2103 2037 2464 2109 symphonia
2496 2042 2554 2093 et
2583 2054 2710 2109 qua
2740 2038 2931 2110 prima
2956 2038 3070 2094 dici
3101 2043 3278 2112 queat
3301 2039 3573 2112 ;qualiter
3590 2041 3760 2099 Plato

2102 2126 2548 2182 consonantiam
2571 2125 2685 2182 dici
2706 2131 2892 2199 putet,
2926 2145 3053 2200 qua
3101 2144 3271 2184 voces
3304 2132 3527 2186 stantes
3560 2147 3763 2202 quave

2103 2214 2221 2270 sint
2259 2214 2530 2284 mobiles,
2566 2220 2762 2271 utrum
2797 2217 3038 2288 insuper
3069 2218 3461 2288 partientibus
3491 2220 3762 2277 numeris

2103 2303 2496 2360 consonantia
2527 2305 2757 2376 possint
2785 2304 3026 2376 reperiri
3049 2323 3062 2373 ;
3086 2322 3341 2378 namque
3361 2306 3506 2362 illud
3527 2312 3766 2380 prater-

2102 2393 2363 2448 eundum
2386 2391 2630 2461 videtur,
2656 2397 2857 2449 utrum
2889 2411 3137 2450 acumen
3168 2399 3224 2450 et
3248 2395 3503 2468 gravitas
3534 2413 3604 2453 ex
3633 2398 3766 2471 qui-

2103 2480 2214 2537 bus
2241 2497 2410 2536 veces
2439 2482 2770 2538 consistunt
2815 2482 2876 2538 in
2917 2481 3198 2555 Qualitate
3238 2483 3450 2540 melius
3491 2490 3762 2543 constare

2103 2573 2208 2626 aut
2227 2571 2555 2642 quantitate
2577 2570 2848 2628 dicantur
2872 2571 3182 2640 ;continua
3200 2577 3398 2628 autem
3411 2573 3766 2648 disgregata

2103 2675 2273 2715 voces
2318 2659 2637 2716 harmonia
2677 2661 2888 2717 melius
2938 2661 3306 2730 conveniant,
3340 2666 3542 2718 utrum
3583 2681 3760 2720 omne

2097 2748 2388 2819 judicium
2419 2766 2698 2806 sonorum
2730 2749 2972 2807 auribus
2998 2750 3259 2806 dandum
3305 2750 3383 2807 sit
3413 2768 3487 2807 an
3520 2752 3758 2824 rationi,

2105 2837 2252 2893 ratio
2283 2842 2606 2894 metrorum
2637 2843 2925 2911 quantum
2956 2839 3016 2895 in
3046 2839 3276 2896 musica
3294 2840 3758 2908 valeat,hemite-

2105 2925 2187 2980 nii
2217 2926 2526 2984 diversitas
2556 2927 2806 3000 qualiter
2835 2933 3080 2998 constet,
3115 2929 3407 3002 quomodo
3446 2946 3515 2986 ex
3545 2947 3758 3003 supra-

2106 3015 2282 3072 dictis
2335 3017 2672 3088 quindecim
2719 3021 3026 3090 torporum
3057 3019 3306 3075 varietas
3335 3019 3758 3076 conformetur.

2105 3104 2243 3160 Hac
2273 3105 2522 3161 strictim
2551 3107 3146 3174 commemoravi,non
3169 3123 3286 3179 quo
3317 3108 3535 3164 artium
3566 3109 3766 3181 prima

2109 3209 2383 3266 ponerem
2392 3237 2405 3262 ,
2414 3193 2516 3250 sed
2529 3198 2596 3249 ut
2610 3193 2921 3251 stultitiam
2936 3195 3153 3251 indocti
3165 3196 3438 3252 monachi
3452 3197 3768 3270 reprehen-

2108 3281 2431 3351 derem,cui
2459 3299 2594 3337 cum
2619 3282 2864 3338 scientia
2895 3283 3111 3353 artium
3141 3284 3372 3340 abesset
3399 3283 3762 3355 liberalium,

2107 3370 2320 3427 maluit
2347 3371 2551 3426 fraude
2579 3370 3080 3444 grammaticellus
3126 3372 3330 3439 videri,
3357 3389 3537 3446 quam
3569 3376 3765 3432 scien-

2105 3459 2246 3516 tiam
2275 3458 2493 3515 artium
2525 3458 2732 3515 saltem
2769 3460 3135 3517 extrinsecus
3166 3461 3436 3534 adipisci.
3471 3463 3575 3519 Est
3605 3464 3767 3520 enim

2105 3565 2202 3605 ars
2253 3548 2629 3617 intrinseeus,
2680 3552 2769 3604 est
2815 3553 2873 3604 et
2922 3548 3303 3606 extrinsecus.
3359 3549 3584 3620 Infelix,
3619 3552 3766 3624 quia

2105 3637 2459 3694 intrinsecus
2505 3637 2755 3693 fortasse
2801 3641 2956 3695 artes
3011 3638 3313 3711 acquirere
3369 3656 3486 3695 non
3551 3641 3766 3712 potuit,

2107 3743 2288 3799 quare
2317 3742 2434 3782 non
2467 3725 2672 3783 saltem
2704 3726 3070 3784 extrinsecus
3101 3726 3456 3800 acquisivit?
3479 3728 3636 3798 Este,
3671 3747 3767 3785 sa-

2105 3817 2361 3888 pientem
2393 3832 2456 3872 se
2485 3815 2729 3888 putavit,
2763 3832 2908 3871 num
2931 3817 3170 3872 tandem
3197 3815 3339 3888 quid
3366 3816 3770 3874 aliisentirent

2106 3904 2402 3977 inquirere
2431 3904 2680 3960 debuit?
2710 3905 2774 3960 In
2827 3905 3004 3960 rebus
3047 3905 3204 3961 enim
3254 3904 3619 3962 diversorum
3661 3906 3768 3962 ho-

2107 3994 2337 4050 minum
2369 3993 2601 4049 diversa
2629 3997 2718 4049 est
2745 3994 2963 4066 opinio.
2989 3994 3127 4048 Inde
3156 3997 3245 4049 est
3274 3993 3420 4048 illud
3454 3994 3716 4050 Terentii
3751 4013 3765 4051 :

2109 4083 2242 4151 Quot
2271 4082 2535 4148 homines,
2569 4085 2643 4138 tot
2673 4084 2976 4140 sententia.
3010 4086 3091 4138 De
3139 4099 3254 4154 quo
3303 4086 3362 4138 et
3385 4082 3625 4139 Persius
3679 4083 3768 4139 in-

2106 4172 2235 4243 quit
2267 4189 2281 4227 :

2166 4268 2306 4319 Mille
2336 4267 2615 4319 hominum
2645 4269 2849 4332 species
2878 4271 2931 4318 et
2960 4280 3143 4318 rerum
3163 4267 3396 4318 discolor
3425 4281 3576 4317 usus.

2104 4358 2276 4413 Putat
2305 4374 2368 4413 se
2397 4359 2637 4414 fortrsse
2659 4357 2858 4413 omnia
2885 4357 3218 4430 scire,qued
3251 4373 3496 4414 summa
3521 4357 3764 4414 demen-

2105 4447 2199 4503 tia
2230 4446 2428 4502 nullus
2459 4446 2709 4519 ignorat.
2742 4446 2939 4502 Nescit
2967 4446 3027 4502 in
3059 4446 3168 4502 hoc
3199 4445 3343 4518 quid
3364 4447 3558 4502 Cicero
3575 4445 3764 4504 dicat:

2108 4539 2286 4595 Unum
2310 4538 2410 4590 vim
2433 4537 2602 4608 pauci
2623 4538 2869 4607 possunt,
2886 4538 3182 4607 utrumque
3226 4550 3404 4591 nemo.
3453 4534 3520 4590 Et
3552 4533 3716 4590 Maro
3754 4554 3766 4592 :

2332 4687 2345 4700 .
2412 4652 2530 4700 Non
2550 4650 2730 4700 omnia
2750 4663 3037 4714 pessumus
3068 4663 3276 4700 omnes.

2102 4758 2437 4815 Contemnit
2457 4757 2794 4812 testimonia
2816 4756 3125 4829 gentilium
3149 4755 3522 4828 scriptorum,
3547 4755 3765 4814 saltem

2101 4846 2360 4919 Apestoli
2391 4845 2739 4902 sententiam
2766 4845 2839 4901 ad
2872 4845 3221 4901 memoriam
3246 4845 3507 4913 redueat,
3527 4861 3648 4917 qua
3678 4846 3768 4902 di-

2103 4937 2254 4991 citur
2286 4952 2298 4990 :
2333 4933 2496 4990 Alius
2518 4933 2750 5006 judicat
2779 4934 2883 5002 sic,
2917 4933 3069 4990 alius
3099 4933 3213 5002 sic;
3250 4932 3401 4989 alius
3422 4932 3578 4988 diem
3610 4933 3768 4990 inter

2100 5023 2437 5092 diem,alius
2466 5038 2701 5077 omnem
2723 5022 2899 5079 diem.
2934 5023 3080 5080 Item
3113 5038 3128 5078 :
3167 5023 3544 5095 Unusquisque
3573 5023 3636 5077 in
3665 5039 3763 5080 suo

2097 5130 2258 5169 sensu
2285 5111 2546 5167 abundat.
2581 5111 2783 5166 Nonne
2841 5111 3022 5184 igitur
3079 5111 3283 5167 debuit
3323 5111 3635 5183 diligenter
3661 5111 3766 5184 [in-

2099 5202 2410 5273 quisivisse
2424 5217 2497 5256 an
2511 5199 2721 5255 saltem
2738 5199 3104 5273 parvaintelli
3110 5200 3309 5274 gentia
3321 5198 3693 5271 Scripturaru
3703 5218 3762 5256 m

2101 5290 2246 5346 mihi
2277 5289 2496 5345 inesset
2523 5289 2550 5343 Τ
2581 5290 2778 5345 Nimia
2816 5290 3105 5361 jactantia
3133 5289 3326 5346 elatus
3355 5292 3467 5360 est,
3499 5292 3566 5345 ut
3607 5289 3764 5346 inter

2101 5397 2240 5435 suos
2271 5379 2506 5451 sapiens
2523 5378 2707 5433 videri
2730 5378 3356 5450 posset,velutiCinero
3383 5377 3646 5450 poeticus
3679 5378 3764 5434 in-

2099 5472 2188 5523 ter
2219 5484 2360 5523 suos
2385 5466 2539 5522 ultra
2568 5466 2867 5522 hominem
2899 5467 3081 5522 videri
3102 5467 3304 5522 voluit.
3328 5467 3492 5522 Rana
3522 5466 3583 5520 in
3618 5466 3761 5524 limo

2101 5573 2217 5611 non
2245 5556 2478 5612 dubitat
2525 5572 2588 5611 se
2617 5556 3012 5629 magnitudini
3045 5573 3229 5613 vacca
3282 5556 3633 5627 comparari,
3665 5573 3760 5614 eo-

2102 5662 2216 5717 que
2247 5645 2420 5701 modo
2443 5644 2769 5703 monachus
2799 5662 2914 5702 uno
2945 5662 3087 5703 casu
3116 5644 3242 5700 vult
3269 5643 3476 5701 doctus
3517 5643 3758 5715 haberi;

2675 5752 2720 5785 ὃ
