3910 6420
162 325 314 391 1301

943 323 1398 394 RICHARDUS
1445 326 1694 390 ABBAS
1738 325 2099 391 FLORIAC.
2133 357 2212 374 --
2240 323 2817 390 NOTITIAHIST.

3439 318 3598 384 1303

158 463 264 523 sed
295 464 440 521 dum
473 461 712 536 sapiens
739 461 926 520 videri
971 462 1176 536 voluit,
1210 462 1460 521 stultum
1510 480 1573 520 se
1621 477 1822 520 mons-
1853 465 1910 534 Α
1941 467 2300 536 quapropter
2328 459 2528 535 putavi
2559 459 2855 534 epilogum
2887 457 3066 530 hujus
3115 453 3376 530 epistolis
3414 453 3596 528 preci-

162 553 358 622 travit,
381 554 556 626 juxta
585 553 731 609 illud
763 553 1027 610 Horatii:

226 645 365 695 Dum
395 643 569 693 vitant
597 643 747 693 stulti
776 643 924 705 vitia,
954 644 1011 694 in
1040 644 1304 694 contraria
1333 647 1574 702 currunt,

164 731 266 790 Est
297 733 544 789 fortasse
576 731 627 788 is
660 733 730 788 de
763 748 878 804 quo
903 731 1358 804 loquortantum
1381 731 1824 805 grammaticus,

166 822 269 878 sed
302 826 507 878 notum
538 825 630 876 est
659 838 774 877 non
807 838 979 894 posse
1010 821 1334 894 quemlibet
1364 821 1540 877 unius
1568 819 1828 875 liberalis

169 911 312 967 artis
344 910 650 967 scientiam
681 910 906 983 integre
924 911 1363 984 percipere,nisi
1391 910 1682 966 studuerit
1709 925 1830 964 om~

170 1001 347 1057 nibus
379 999 637 1072 aliquam
669 999 921 1072 opellam
973 1001 1130 1068 dare,
1163 1000 1397 1074 Cyclicaa
1447 1015 1704 1070 namque
1751 997 1833 1052 di-

172 1093 406 1158 cuntur,
442 1093 616 1162 atque
648 1089 730 1145 ita
759 1089 820 1144 in
868 1106 929 1146 se
972 1094 1301 1156 recurrunt,
1333 1093 1398 1144 ut
1443 1088 1616 1144 modo
1650 1087 1829 1142 trium

173 1195 452 1235 sonorum
487 1195 754 1234 connexa:
787 1179 1300 1252 reperiantur;non
1333 1178 1489 1234 enim
1516 1177 1704 1232 Achar
1735 1173 1831 1230 ille

173 1269 285 1325 sub
312 1267 438 1340 lege
467 1268 895 1340 positus,cujus
926 1269 1126 1325 anima
1156 1269 1479 1325 secundum
1511 1265 1696 1323 Ovidii
1729 1266 1829 1320 do-

173 1373 311 1430 gma
339 1357 530 1413 Achar
550 1357 659 1413 iste
683 1357 1106 1427 vivificatur,ad
1129 1358 1385 1415 radicem
1409 1356 1625 1413 montis
1649 1354 1828 1422 stetit,

174 1451 277 1502 aut
304 1462 505 1502 vocem
535 1446 831 1519 loquentis
861 1448 1095 1504 Domini
1128 1448 1382 1515 audivit;
1417 1447 1477 1501 in
1510 1461 1704 1501 eremo
1735 1461 1834 1498 na-

172 1538 278 1591 tus
297 1535 410 1590 sub
424 1553 726 1593 murmure
748 1537 1262 1609 crevit,servatque
1276 1536 1467 1592 adhuc
1496 1534 1692 1589 anima
1705 1533 1834 1604 ejus

173 1623 431 1680 ferinum
467 1642 837 1698 morem,quo
868 1627 926 1681 in
961 1642 1156 1682 eremo
1188 1625 1288 1680 ille
1313 1642 1347 1680 a
1377 1625 1572 1697 Moyse
1594 1621 1831 1686 decidit,

170 1717 230 1769 et
259 1713 438 1770 Josue
469 1731 585 1770 non
617 1716 763 1771 bene
793 1713 1160 1786 cohaesitJlle
1187 1713 1247 1769 in
1281 1714 1468 1769 activa
1495 1713 1616 1768 vita
1646 1710 1833 1784 persi-

170 1806 326 1858 atere
361 1802 634 1871 uoluit,et
665 1805 737 1861 ad
757 1802 1272 1876 contemplativam
1303 1817 1678 1874 nequaquam
1710 1815 1834 1871 per-

166 1891 371 1958 venit;
404 1892 465 1948 in
494 1892 700 1948 itinere
731 1909 868 1965 ergo
899 1892 1109 1948 defecit
1143 1909 1212 1948 ac
1256 1891 1490 1964 tepidus
1541 1887 1831 1946 subsistit.

166 1980 302 2037 Jam
336 1980 507 2036 illum
540 1981 786 2037 fortasse
817 1981 1058 2038 humani
1072 1981 1302 2054 generis
1323 1979 1690 2036 aamulussuo
1705 1995 1837 2033 cau-

167 2068 315 2126 terio
348 2070 586 2126 inussit.
621 2069 856 2126 Utinam
887 2075 990 2126 aut
1018 2070 1224 2126 calidis
1247 2074 1350 2126 aut
1380 2068 1627 2142 frigidus
1657 2070 1831 2136 esset,

169 2175 312 2215 nam
345 2157 563 2213 melius
593 2159 782 2214 fuerat
818 2159 890 2230 ei,
926 2160 1251 2215 secundum
1281 2158 1646 2231 Apostolum,
1679 2156 1834 2211 viam

168 2245 441 2304 veritatis
473 2264 590 2302 non
623 2263 957 2320 agnoscere,
983 2265 1160 2320 quam
1192 2252 1326 2321 post
1354 2247 1714 2320 agnitionem
1745 2261 1833 2300 rc-

171 2341 440 2392 trorsum
471 2337 1033 2393 converti![lortarer
1061 2354 1163 2393 vos
1189 2338 1260 2393 ad
1291 2336 1679 2392 exhibendam
1697 2334 1835 2390 huic

171 2442 352 2498 opem
393 2425 716 2492 medicinae,
749 2427 850 2482 sed
900 2443 1102 2482 vereor
1148 2427 1506 2482 inveteratus
1556 2424 1634 2480 sit
1677 2440 1832 2479 mor-

167 2516 288 2572 bus
323 2533 336 2572 :

237 2631 548 2696 Elleborum
577 2631 772 2696 frustra
792 2645 913 2696 cum
937 2631 1051 2696 jam
1068 2633 1205 2682 cutis
1232 2645 1375 2695 aegra
1403 2631 1645 2696 tumebit.

236 2695 521 2745 Pascentes
549 2694 753 2756 videas,
780 2693 1017 2745 venienti
1048 2693 1327 2808 occurrellie
1356 2693 1562 2743 morbo.

1308 2771 1488 2807 sasws.

1308 2771 1488 2807 ειιδιυε.

169 2874 312 2931 Haec
342 2871 505 2929 vebis
535 2873 1028 2930 communicanda
1058 2873 1503 2947 putavi,quibus
1531 2877 1589 2928 et
1611 2871 1837 2928 vanita-

173 2967 298 3019 tem
327 2961 494 3019 stulti
526 2963 820 3030 monachi,
851 2967 908 3020 et
938 2980 1032 3019 me
1063 2981 1179 3019 non
1222 2980 1327 3036 per
1356 2962 1554 3018 omnia
1600 2961 1836 3034 qualem

173 3051 408 3126 putavit
436 3051 985 3124 cognoscatis.Nam
1017 3057 1156 3108 sunt
1184 3052 1426 3124 quidam
1460 3049 1622 3107 stulti
1641 3050 1741 3122 qui
1765 3050 1836 3104 ad

171 3139 522 3198 mensuram
553 3141 644 3196 sui
666 3140 813 3197 alios
838 3141 1031 3198 metiri
1042 3141 1450 3210 volunt,veluti
1468 3139 1837 3195 miserrimus

169 3232 288 3288 iste
319 3229 420 3302 qui
451 3231 885 3303 comparatione
898 3229 990 3287 sui
1011 3247 1146 3288 cum
1159 3229 1834 3303 apusionibuslaudare-
1861 3215 1904 3283 C

168 3324 297 3389 tur,
327 3318 477 3375 nihil
509 3319 654 3377 alios
684 3320 1011 3377 aestimavit.
1033 3321 1179 3394 Ergo
1208 3320 1268 3376 in
1301 3321 1430 3392 ipsa
1458 3320 1552 3375 sui
1581 3318 1834 3374 aestima-

171 3409 339 3467 tione
370 3409 622 3479 deﬁciat,
655 3413 833 3482 atque
863 3409 1242 3483 prudentium
1275 3409 1500 3482 judicio
1551 3409 1833 3475 tabescat,

175 3499 294 3556 nisi
317 3498 516 3572 palam
546 3499 960 3556 monstraverit
989 3498 1214 3572 qealem
1247 3516 1308 3555 se
1339 3499 1398 3554 in
1430 3497 1686 3554 conclavi
1720 3513 1838 3552 mo-

175 3588 422 3646 nasterii
455 3592 784 3645 monstrare
812 3588 1201 3645 voluit.Nobis
1222 3587 1666 3659 tamen,quibus
1699 3603 1837 3658 prae-

175 3677 398 3751 cipitur
425 3680 493 3732 ut
518 3693 622 3750 pro
660 3676 917 3733 inimicis
968 3692 1224 3746 oremus,
1258 3675 1696 3748 procurandum
1750 3678 1840 3730 est

177 3770 476 3840 quatenus
523 3765 740 3822 divinis
787 3766 1084 3823 mandatis
1130 3766 1547 3838 obsequamur.
1581 3763 1838 3836 Dignum

1938 553 2050 610 bus
2078 553 2403 609 terminari.

1936 661 2216 716 Conditor
2243 660 2612 731 omnipotens
2646 674 2864 724 rerum,
2899 657 2997 730 qui
3040 658 3250 712 cuncta
3273 653 3591 728 gubernas,

1937 750 2162 823 Quique
2180 749 2372 806 soluta
2400 748 2568 821 ligas,
2598 752 2654 804 et
2684 764 2890 820 sparsa
2919 745 3148 802 reducis
3180 744 3241 799 in
3264 757 3520 815 aquum.

1937 841 2052 895 Nec
2077 839 2225 895 sinis
2250 839 2309 893 in
2339 837 2526 894 solido
2549 836 2807 910 positum
2839 833 3148 891 dissolvier
3177 847 3464 904 unquam.

1939 929 2044 985 Cui
2075 928 2220 983 nihil
2255 929 2409 1000 quod
2446 929 2664 999 pereat,
2699 924 2844 982 nihil
2875 927 2966 981 est
2994 923 3150 996 quod
3182 923 3297 977 fine
3330 919 3562 976 fatiscat

1938 1018 2161 1074 Cuncta
2189 1017 2294 1073 tibi
2325 1017 2548 1086 vivunt,
2582 1013 2854 1071 famulari
2876 1016 3088 1069 cuncta
3116 1011 3404 1067 laborant.

1939 1107 2041 1162 Nil
2062 1108 2170 1162 sub
2204 1110 2258 1162 te
2288 1106 2558 1171 moritur,
2587 1104 2715 1160 vita:
2748 1119 2882 1160 cum
2913 1101 3118 1158 limina
3150 1116 3368 1157 servas.

1941 1196 2234 1268 Quidquid
2266 1196 2474 1251 adesse
2504 1194 2689 1261 decet,
2720 1191 2869 1248 nihil
2901 1195 2990 1247 est
3035 1189 3190 1262 quod
3231 1188 3462 1245 constat
3491 1185 3595 1241 ab-

2433 1299 2435 1302 ‘
3419 1276 3593 1348 [essc.

1941 1377 2048 1445 Da,
2099 1377 2266 1432 Patcr
2323 1373 2716 1448 omnipotens,
2770 1362 3026 1437 veniam,
3083 1369 3177 1438 da,
3238 1382 3434 1441 posco,
3503 1379 3596 1419 re-

3277 1457 3592 1529 [gressum

1943 1555 2050 1621 Qui
2082 1553 2342 1610 cecidere
2371 1569 2480 1610 suo
2510 1551 2762 1608 demersi
2785 1548 3051 1616 crimine,
3085 1547 3222 1602 cede

1941 1663 2310 1734 Consurgant
2337 1663 2535 1716 tenero
2567 1659 2678 1714 sub
2709 1657 2944 1714 nomine
2974 1655 3133 1711 fonte
3163 1650 3371 1709 renati.

1943 1752 2068 1807 Non
2101 1749 2234 1805 illos
2260 1753 2520 1805 extrema
2548 1748 2673 1804 dies
2704 1744 3069 1803 transmittat
3097 1757 3331 1799 averno.

1865 1841 1911 1907 B
1941 1838 2191 1896 Portitor
2217 1837 2314 1894 ille
2343 1836 2796 1893 Cbaronlimosa
2823 1833 2980 1890 haud
3011 1831 3215 1888 evehat
3244 1829 3424 1886 unda.

1945 1930 2084 1986 Sors
2117 1927 2319 2000 procul
2353 1927 2651 1994 abscedat,
2685 1924 2896 1981 Minois
2927 1925 3116 1979 cesset
3145 1925 3205 1977 et
3233 1935 3385 1975 urna

1944 2019 2099 2084 Quos
2128 2017 2338 2074 tribuit
2366 2016 2636 2073 Christus
2663 2011 3012 2070 medicabile
3041 2011 3258 2084 pignus
3287 2007 3348 2064 in
3379 2006 3559 2062 unda.

1945 2108 2170 2165 Sentiat
2202 2107 2361 2163 Ixion
2395 2105 2577 2162 solius
2599 2102 2904 2176 vertiginis
2927 2101 3130 2157 ictum.

1945 2202 2092 2253 Saxa
2125 2200 2316 2253 rotent
2347 2195 2465 2263 alii,
2491 2196 2664 2267 jecur
2692 2192 2788 2248 hic
2816 2192 3106 2247 increscat
3134 2187 3399 2262 opimum

1943 2287 2227 2342 Vulturus
2258 2285 2318 2340 in
2348 2283 2594 2350 rabiem,
2629 2281 2933 2337 solvantur
2961 2278 3186 2335 viscera
3211 2275 3311 2332 siti

1942 2375 2146 2431 Vicina
2174 2373 2433 2441 Eridani,
2466 2372 2698 2428 cuinon
2728 2368 3070 2426 conceditur
3099 2366 3278 2422 unda.

1945 2465 2047 2522 Ille
2078 2464 2240 2520 cibos
2269 2462 2470 2519 vacuis
2501 2463 2794 2534 exspectet
2821 2458 3086 2515 hiatibus
3111 2455 3341 2528 amplos

1944 2557 2128 2622 Quem
2161 2551 2372 2609 furiale
2398 2550 2619 2607 malum
2654 2549 2926 2623 prohibet
2955 2545 3292 2618 contingere
3339 2558 3597 2600 mensas.

1944 2645 2161 2700 Caetera
2193 2659 2499 2716 poenarum
2528 2640 2742 2713 vulgus
2771 2637 2988 2712 gentile
3017 2637 3339 2702 coarctent,

1945 2733 2104 2788 More
2135 2733 2287 2805 rapit
2319 2731 2611 2803 pecudum
2643 2729 2795 2801 quod
2822 2743 2926 2800 per
2953 2725 3184 2781 diversa
3207 2721 3409 2790 libido,

1945 2821 2275 2878 Dummodo
2306 2820 2407 2893 qui
2439 2836 2568 2876 sese
2595 2815 2806 2874 Christi
2831 2816 2941 2872 sub
2963 2815 3100 2886 jure
3129 2813 3410 2880 fatentur,

1945 2910 2242 2982 Effugient
2271 2909 2512 2981 laqueos
2542 2906 2902 2978 inimicaque
2931 2902 3047 2960 tela
3078 2899 3370 2970 draconis,

1945 2999 2194 3055 Protecti
2227 2998 2426 3071 clypeo
2458 3001 2516 3053 et
2545 3013 2661 3052 non
2695 2995 3000 3051 deficiente
3027 2991 3228 3048 lorica.

1947 3088 2102 3145 lnter
2131 3104 2278 3160 quos
2311 3087 2360 3143 si
2391 3088 2538 3143 forte
2571 3101 2764 3140 meam
2795 3083 2929 3156 quis
2959 3083 3163 3160 rodere
3190 3079 3374 3136 vitam

1947 3159 2194 3247 Expetit,
2228 3176 2459 3232 invidiae
2493 3173 2742 3230 maculis
2774 3188 3039 3244 noxaque
3069 3159 3313 3238 remota,

1947 3264 2140 3322 Evolet
2167 3265 2285 3320 alta
2313 3268 2514 3337 petens
2545 3263 2712 3331 liber,
2744 3261 3036 3334 tricasque
3066 3259 3302 3324 refutet,

1942 3356 2132 3427 Seque
2162 3355 2278 3410 Deo
2309 3358 2564 3410 extremo
2597 3352 2830 3408 socians
2861 3349 3129 3406 examine
3157 3347 3326 3402 laetus

1945 3445 2156 3500 Dextra
2185 3447 2362 3516 petat,
2397 3460 2511 3515 quo
2542 3440 2821 3514 praclara
2832 3440 2960 3510 jam
2987 3437 3159 3494 laude
3188 3437 3416 3502 beatus,

1945 3532 2171 3589 Gaudia
2197 3531 2479 3603 percipiat
2504 3529 2711 3585 lucrati
2733 3526 2980 3600 pecunio
3004 3525 3254 3580 nummi.

1948 3623 2104 3693 Euge
2135 3620 2396 3692 feratque
2428 3617 2607 3674 simul
2637 3615 2872 3672 Domini
2904 3614 3029 3671 sine
3060 3613 3176 3668 ﬁne
3196 3612 3456 3668 beatum.

190 3873 3616 3933 ψ

1483 4051 1648 4098 ANNO
1691 4051 1901 4098 DOMINI
1942 4051 2327 4096 DCCCCLXXIX.

1179 4209 2638 4381 RICHARIJUS

1512 4473 1742 4530 ABBAS
1787 4472 2299 4531 FLORIACENSIS

861 4753 1330 4843 NOTITIA
1389 4750 2017 4840 HISTORICA
2074 4753 2188 4839 IN
2247 4747 2958 4840 BICHARDUM.

1355 4929 1498 4985 δαιι.
1531 4929 1734 4986 Christ.
1767 4933 1912 4986 tom.
1941 4929 2090 4998 VIII,
2123 4945 2256 5003 pag.
2293 4929 2476 5000 1546.)

264 5199 796 5271 Richardus,prius
824 5196 1272 5271 Patriciacensis
1303 5195 1458 5271 cellae
1492 5197 1860 5271 praepositus,
1895 5204 1942 5270 Ι)
1975 5198 2246 5255 cendium
2276 5215 2334 5271 :7«
2370 5197 2467 5254 Bis
2484 5196 2640 5271 enim
2668 5192 2978 5271 voracibus
3009 5188 3288 5271 flammis,
3320 5185 3516 5259 inquit
3522 5185 3630 5271 Ai:
3659 5197 3662 5202 '

191 5278 260 5330 ut
306 5277 509 5330 censet
557 5268 956 5336 Mabillonius,
992 5268 1342 5324 Vulfardum
1390 5268 1859 5340 factum’episco-

193 5362 340 5420 pum
372 5361 512 5400 mox
523 5341 772 5420 excepitl
790 5340 1195 5420 Rercipiacurn
1224 5355 1546 5420 mansuma
1563 5341 1868 5420 Guntrude

193 5409 471 5473 matrona
530 5409 686 5470 anno
744 5413 849 5467 964
900 5409 979 5484 ἰή
1019 5409 1265 5484 graiiam
1318 5410 1539 5465 Letaldi
1588 5412 1862 5467 obtinuit.

192 5488 339 5544 Huic
372 5484 691 5542 Lotharius
721 5501 818 5539 rex
837 5483 950 5538 tria
979 5483 1140 5538 dedit
1171 5485 1866 5553 prazcepta,quorumduo

191 5561 391 5633 priora
443 5573 603 5633 anno
627 5556 825 5633 _re‘gni
842 5571 997 5633 _x_m,
1041 5553 1359 5633 indictione
1391 5571 1424 5607 x
1453 5571 1465 5622 ;
1501 5560 1865 5633 postremum

189 5624 344 5688 anno
374 5624 1037 5695 xx1,Christi'974,forte
1068 5628 1200 5698 post
1231 5624 1481 5681 alterum
1510 5625 1757 5682 Floriaci
1777 5627 1866 5682 in-

1977 5272 2232 5342 moinus,
2266 5269 2598 5326 absumitur
2627 5266 2977 5332 coenobium,
3011 5257 3630 5342 secundonannohmh

1979 5342 2186 5415 ﬂagrat
2206 5329 2573 5415 inc_endio.A_t
2593 5343 2940 5412 procurante
2951 5329 3382 5415 venerabiliDei
3403 5329 3630 5415 cultore

1979 5405 2268 5469 Richardo
2290 5413 2350 5468 in
2387 5405 2709 5485 pristinum
2721 5415 2951 5488 _statum
2974 5408 3130 5488 intra
3154 5405 3335 5488 trium
3367 5405 3629 5484 spatium

1977 5503 2267 5541 annorum
2311 5478 2632 5541 revocatur.
2650 5505 2687 5556 ᾳ)
2721 5482 2935 5556 Eodem
2976 5478 3241 5556 ‘Lotharii
3292 5478 3445 5556 regis
3478 5488 3630 5556 anno

1978 5575 2094 5612 XXI.
2123 5575 2180 5612 v1
2227 5557 2375 5631 _Idus
2407 5555 2732 5631 Septemb,
2785 5552 3257 5631 indictionenrn,‘
3279 5547 3351 5602 ab
3391 5547 3630 5631 ineunte

1979 5645 2180 5686 mense
2211 5629 2409 5697 ducta,
2437 5615 2774 5685 Adelelmus
2792 5624 2962 5681 miles
2993 5615 3400 5681 nobilisSimus
3429 5615 3630 5671 sancto
