3910 6422
273 327 434 392 1303

1294 325 1664 389 BICHARDI
1705 325 2044 388 ABBATIS
2085 325 2680 388 FLORIAGENSIS.

3541 324 3707 388 1304

271 458 586 534 Benedicto
616 459 775 534 dedit
803 458 1094 534 insignem
1127 477 1359 518 crucem
1387 465 1743 534 argenteam,
1762 459 1923 534 velut
1951 465 2007 531 Α
2032 458 2230 534 funeri
2267 455 2910 534 abbatisMicionensis
2955 455 3220 534 Annonis
3267 473 3426 534 anno
3451 457 3586 534 972
3612 473 3706 534 rex

273 533 464 605 nostri
496 531 808 605 Salvatoris
841 531 1093 605 qualiter
1120 549 1224 603 pro
1258 534 1472 587 nostris
1496 533 1753 605 restibus
1777 533 1834 586 in
1857 548 1917 588 eo

277 603 587 678 impietate
635 603 973 678 Judaeorum
1012 621 1323 678 papp‘ensus
1381 604 1489 678 fuit
1525 603 1922 678 Ainsculptam.

279 697 310 728 ‹‹
333 673 484 740 Quin
515 673 689 730 etiam
723 675 795 729 ad
836 673 1326 730 illuminationem
1373 676 1639 745 ejusdem
1690 673 1924 729 viviﬁcze

277 747 737 818 venerandaque
768 747 959 801 crucis
988 747 1302 818 do.inquit,
1325 747 1616 818 quoddam
1638 747 1926 818 jurismei

279 819 565 891 priedium
596 817 657 874 in
681 834 829 891 pago
862 817 1145 891 Senonico
1170 818 1662 891 situm,voca_bulo
1696 817 1928 872 Villaris

282 887 946 954 dictum,cum'ec'clesia
977 889 1179 944 honori
1203 890 1381 944 beata:
1394 889 1583 944 Maria:
1599 890 1927 952 dicata,etc.

324 977 386 1016 ro
413 959 666 1016 remedio
714 959 924 1014 animae
977 977 1114 1014 mea:
1165 965 1221 1014 et
1251 959 1509 1031 senioris
1557 960 1670 1014 mei
1729 959 1929 1031 inclyti

324 977 386 1016 ro
413 977 666 1016 remedio
714 977 924 1014 animae
977 977 1114 1014 meae
1165 977 1221 1014 6L
1261 977 1509 1015 SGDIOI‘IS
1557 977 1670 1014 mei
1729 977 1929 1031 inclyti

279 977 638 1087 Erancorum
670 1030 839 1085 ducis
871 1030 1304 1103 Hugonis,quin
1323 1036 1377 1086 et
1401 1032 1768 1102 progenitore
1802 1047 1930 1086 meo

282 1102 533 1174 Boberto
563 1105 648 1174 _et
699 1102 990 1174 genitrice’
1039 1119 1170 1158 mea
1227 1104 1463 1158 nomine
1519 1105 1707 1168 Certa,
1741 1108 1800 1158 et
1828 1119 1930 1174 pro

280 1172 748 1246 Barchiardoseu
778 1179 836 1230 et
866 1173 997 1230 aliis
1029 1175 1370 1246 parentibus
1392 1174 1559 1230 meis.
1584 1177 1793 1246 Actum
1829 1172 1931 1229 Pa-

281 1243 442 1302 risiis
468 1245 527 1300 in
551 1244 838 1316 nobilium
871 1243 1160 1300 conventu
1192 1245 1446 1316 publico.
1482 1268 1510 1294 »
1543 1245 1934 1300 Subscribunt

279 1317 418 1389 cum
447 1314 744 1389 Adelelmo
774 1316 938 1389 Hugo
971 1317 1088 1389 dux
1119 1314 1497 1389 Francorum,
1543 1318 1665 1373 Odo
1713 1333 1930 1389 comes,

279 1385 462 1443 Adela
508 1385 1248 1453 comittissanilocomes
1306 1388 1461 1444 filius
1517 1390 1666 1457 ejus,
1726 1393 1782 1442 et
1811 1387 1930 1444 alii.

279 1457 408 1541 ῌοιι
649 1462 739 1514 est
768 1459 1050 1541 momenti
1081 1459 1206 1541 haec
1253 1458 1456 1541 charta
1481 1460 1937 1541 addignoscen-

282 1529 390 1588 das
419 1529 717 1602 principes
739 1530 869 1600 ejus
891 1530 993 1588 aevi
1024 1529 1301 1588 familias.
1318 1530 1586 1590 Interfuit
1609 1529 1935 1590 Richardus

2036 530 2292 586 Letaldo.
2327 529 2664 603 Willelmus
2712 529 3037 603 Sanctionis
3088 528 3268 603 filius,
3311 529 3703 603 Burdigalen-

2035 603 2190 657 sium
2213 618 2407 656 comes
2439 618 2505 656 ac
2537 601 2718 656 totius
2746 601 3073 656 Vasconicee
3097 601 3216 658 dux
3233 618 3368 658 cum
3393 601 3569 660 fratre
3591 619 3703 663 suo

2037 673 2363 729 Gumbaldo
2391 673 2660 743 episcopo
2692 672 3161 728 Vasatensianno
3193 674 3529 738 978,audita
3546 675 3705 729 fama

2038 744 2322 817 religiosa:
2355 744 2479 817 vita:
2513 743 2989 817 Floriacensium,
3021 744 3445 817 monasterium
3489 745 3703 817 Squirs

2040 833 2138 871 seu
2175 815 2499 887 deBegula
2531 816 2713 870 situm
2748 815 3207 887 adﬂGarumnam
3254 816 3339 870 eis
3371 815 3701 887 regendum

2041 886 2315 943 restituit.
2348 886 2705 961 lflerbertum
2746 886 3140 961 Soliacensem
3191 886 3556 961 toparcham,
3598 889 3704 961 qui

2041 959 2384 1018 monasterii
2421 957 2985 1030 praediapinvaserat,
3021 959 3229 1014 divinas
3255 957 3544 1030 'vindictze
3594 957 3705 1015 ne—

2041 1030 2356 1102 quicquam
2385 1028 2690 1084 admonuit
2719 1029 3265 1102 RichardussHanc
3295 1029 3390 1102 ille
3423 1048 3556 1086 mox
3603 1048 3702 1086 ex-

2042 1099 2263 1174 pertus,
2302 1101 2540 1174 Floriaci
2574 1101 3014 1174 sepeliturllaec
3045 1099 3276 1174 aliaque
3309 1101 3378 1174 de
3411 1102 3706 1174 Richardo

2041 1173 2246 1228 scribit
2277 1173 2602 1237 Aimoinus,
2628 1173 2722 1227 cui
2754 1173 3057 1228 Tortarius
3084 1173 3141 1226 in
3173 1173 3420 1228 historia
3448 1173 3708 1229 transla-

2042 1245 2221 1316 tionis
2254 1244 2439 1299 sancti
2481 1244 2670 1300 Mauri
2720 1243 3009 1316 martyris
3047 1244 3376 1316 Floriaoum
3424 1245 3703 1313 succinit,

2044 1315 2401 1398 Richardum
2435 1315 2934 1398 magnumﬁecu‘s
2963 1315 3246 1398 abbatum
3277 1319 3343 1398 et
3365 1315 3707 1398 lampadem

2043 1386 2437 1458 clarissimam
2468 1386 2705 1442 Petrum
2737 1386 3060 1458 appellans.
3093 1387 3351 1448 Excessit
3382 1404 3412 1445 e
3457 1386 3581 1446 vita
3605 1405 3704 1446 an.

2042 1458 2168 1528 979,
2200 1475 2298 1514 xxv
2329 1457 2617 1523 Kalendas
2652 1457 2866 1515 Martii.

529 1819 1472 1956 CONSUETUDINES
1538 1826 1684 1940 ET
1745 1827 2043 1943 JUllA
2125 1825 2707 1942 ECCLESUE
2775 1757 2926 1936 DE
2997 1825 3456 1940 REGULA

1353 2023 1756 2102 AUCTORE
1799 2025 2234 2104 RICHARDO
2274 2025 2648 2090 ABBATE.

1129 2184 1316 2257 (Apud
1348 2185 1527 2243 Labb.
1555 2187 1892 2244 Bibliotheca
1918 2201 2062 2244 nova
2090 2203 2244 2256 772.53.,
2277 2188 2420 2244 tom.
2454 2187 2526 2259 II,
2556 2201 2690 2260 pag.
2717 2185 2871 2259 744.)

1791 2365 2199 2380 ———'_

358 2485 660 2542 Statutum
691 2491 781 2544 est
811 2488 965 2562 quod
989 2487 1188 2550 nullus
1211 2490 1656 2565 praepositorum
1678 2491 1765 2550 vel
1787 2493 1942 2566 prio-
1973 2497 2022 2570 Β
2051 2493 2150 2550 bet
2179 2494 2440 2550 bannum
2473 2492 2614 2549 salis
2645 2491 2763 2549 imo
2795 2508 2996 2548 mense
3027 2489 3084 2546 in
3098 2488 3318 2558 villa,et
3348 2487 3551 2544 nullus
3577 2488 3715 2546 bur-

285 2587 421 2631 rum
452 2573 610 2631 intra
638 2574 840 2633 villam
873 2577 961 2634 vel
993 2581 1152 2638 extra
1183 2581 1396 2638 audeat
1417 2582 1554 2638 dare
1584 2583 1940 2652 domos,ter-

285 2676 406 2731 ras,
437 2663 638 2728 vineas
668 2665 755 2726 vel
786 2667 1191 2745 possessiones
1222 2669 1450 2746 aliquas
1483 2672 1609 2728 sine
1647 2689 1846 2732 censu.
1881 2673 1941 2730 Si

285 2765 426 2807 vero
457 2750 568 2809 hoc
597 2751 812 2830 aliquis
846 2757 1032 2817 facere
1058 2761 1520 2836 praesumpserit,
1564 2779 1679 2818 non
1728 2767 1819 2818 est
1857 2766 1942 2817 te-

287 2840 573 2910 nendum,
607 2845 745 2916 quia
790 2843 898 2902 hoc
931 2847 1040 2902 sub
1073 2849 1443 2906 anathemate
1475 2851 1670 2908 dantis
1704 2855 1759 2907 et
1791 2851 1940 2907 acci-

293 2927 510 3001 pientis
538 2931 650 2986 thit
678 2929 1020 2992 inhibitum.

362 3017 662 3074 Statutum
693 3026 784 3076 est
829 3024 1005 3082 etiam
1057 3025 1212 3098 quod
1259 3026 1307 3081 si
1357 3027 1488 3098 quis
1540 3028 1941 3100 possessiones

290 3121 439 3178 quas
469 3108 627 3163 tenet
651 3107 710 3172 in
764 3109 937 3165 feudo
967 3113 1038 3166 de
1093 3113 1366 3182 Ecclesia,
1394 3117 1639 3172 vendere
1696 3116 1944 3173 voluerit

291 3210 429 3253 cum
460 3211 707 3260 assensu
735 3197 949 3269 prioris
979 3201 1064 3256 vel
1093 3203 1409 3274 praepositi,
1443 3203 1653 3260 faciat:
1689 3209 1746 3261 et
1783 3207 1942 3279 prior

289 3279 437 3356 ipse,
471 3281 521 3340 si
550 3283 797 3342 voluerit
825 3292 981 3346 emat
1012 3307 1025 3346 :
1060 3288 1321 3364 alioquin
1354 3292 1446 3347 cui
1486 3293 1753 3362 voluerit,
1802 3312 1940 3351 ven-

291 3370 415 3459 dat,
446 3371 606 3430 salvo
629 3375 765 3448 jure
794 3377 1086 3449 Ecclesiae,
1110 3379 1332 3438 scilicet
1359 3382 1430 3438 de
1470 3400 1825 3459 unoquoque
1853 3402 1942 3441 εο-

284 3456 408 3517 lido
439 3476 749 3527 nummum
780 3481 986 3523 unum.

361 3550 660 3632 Statutum
692 3557 782 3614 est
829 3551 1043 3618 iterum
1075 3559 1233 3633 quod
1266 3560 1336 3618 de
1383 3578 1738 3638 unaquaque
1767 3564 1939 3622 domo

282 3637 443 3696 intra
460 3640 661 3698 villam
687 3646 745 3699 et
774 3649 933 3701 extra
965 3645 1177 3704 habeat
1204 3649 1463 3708 Ecclesia
1492 3637 1652 3710 duos
1670 3649 1940 3710 homines

282 3726 373 3784 vel
407 3727 656 3787 feminas
687 3748 820 3788 cum
853 3735 1101 3792 sarculis
1137 3755 1490 3812 unoquoque
1512 3759 1664 3798 anno
1681 3743 1752 3798 ad
1784 3758 1942 3814 sege-

283 3818 374 3904 tes
405 3819 743 3892 purgandae
778 3839 791 3880 :
825 3826 884 3882 et
914 3823 1150 3883 dabitur
1181 3827 1499 3900 unicuique
1521 3829 1579 3885 in
1613 3831 1939 3904 Quadrage-

281 3902 435 3962 sima
456 3922 573 3962 una
604 3907 754 3962 libra
783 3911 1240 3982 servientalis,et
1259 3914 1372 3971 alio
1394 3921 1653 3990 tempore
1684 3920 1742 3976 in
1767 3902 1938 3976 mane

282 4007 405 4048 una
432 3996 585 4049 torta
613 3994 685 4049 de
715 3995 886 4052 furno
917 4003 975 4053 et
1000 3999 1225 4068 vinum,
1258 4006 1314 4057 et
1343 4003 1402 4058 in
1435 4009 1601 4060 nocte
1631 4023 1747 4064 una
1765 4006 1933 4066 libra:

282 4081 344 4136 et
372 4079 430 4135 in
467 4079 776 4138 festivitate
806 4085 1206 4157 apostolorum
1238 4091 1391 4146 Pctri
1444 4096 1500 4148 et
1538 4093 1699 4149 Pauli
1751 4113 1936 4151 unum

283 4165 632 4226 fasciculum
664 4169 855 4228 herba:
868 4173 937 4230 de
958 4181 1494 4251 unaquaquedomo
1518 4183 1694 4255 priori
1713 4184 1938 4241 deferre

285 4258 566 4314 tenentur
594 4263 652 4316 et
680 4261 753 4316 ad
781 4262 1016 4321 vincula
1047 4267 1105 4323 S.
1124 4267 1275 4324 Petri
1307 4286 1493 4326 unum
1526 4288 1736 4344 panem
1758 4273 1936 4330 talem

285 4345 387 4420 qui
418 4347 680 4406 sufﬁciat
709 4350 934 4409 homini
982 4354 1042 4410 in
1086 4373 1292 4413 mensa
1325 4363 1418 4414 :et
1467 4359 1537 4416 de
1581 4378 1936 4435 unaquaque

288 4435 463 4492 domo
492 4454 679 4496 unum
711 4439 1009 4500 hominem
1040 4445 1111 4502 ad
1135 4444 1457 4504 vindemias
1483 4448 1862 4523 colligendas.

355 4523 656 4584 Statutum
677 4533 768 4585 est
796 4532 973 4588 etiam
1004 4535 1159 4606 quod
1179 4551 1384 4592 omnes
1400 4536 1668 4594 homines
1692 4540 1792 4611 qui
1813 4557 1935 4596 mo-

282 4615 492 4668 rantur
518 4613 579 4670 in
609 4615 747 4674 villa
775 4618 862 4674 vel
887 4620 945 4675 in
978 4621 1236 4678 dominio
1269 4625 1480 4696 prioris
1504 4626 1665 4682 intus
1694 4633 1750 4684 et
1795 4629 1937 4686 foris

277 4699 577 4772 Justitiam
610 4704 824 4763 debent
854 4709 1032 4780 priori
1065 4715 1122 4767 et
1152 4710 1456 4786 clavigcro.

359 4789 658 4848 Statutum
691 4799 782 4851 est
808 4799 964 4869 quod
990 4798 1328 4874 quicunque
1349 4808 1607 4875 segestes
1629 4806 1699 4861 ad
1724 4807 1938 4863 molen-

283 4876 422 4934 dina
452 4879 882 4952 detulerint,vel
912 4886 1114 4944 vinum
1160 4891 1232 4946 ad
1289 4893 1660 4952 vendendum
1709 4895 1768 4952 in
1799 4912 1938 4962 con-

282 4966 463 5024 ductu
495 4969 706 5042 prioris
735 4973 877 5043 sint,
922 4981 987 5032 ut
1045 4977 1244 5034 nullus
1293 4979 1676 5052 burgensium
1723 4984 1939 5040 audeat

281 5068 381 5144 eos
407 5055 830 5130 inquietare,ex
861 5080 976 5136 quo
1007 5067 1078 5122 de
1120 5067 1394 5124 domibus
1438 5069 1694 5127 exientes
1749 5089 1936 5144 usque

285 5143 365 5218 ad
382 5147 626 5234 propria
647 5150 887 5232 redeant
919 5157 1104 5230 :quod
1147 5157 1198 5214 si
1247 5157 1356 5214 hoc
1393 5158 1581 5218 facere
1614 5143 1935 5234 praesump-

2053 2583 2325 2656 gensium
2357 2581 2594 2640 audebit
2612 2583 2862 2640 vendere
2891 2585 2947 2640 et
2975 2595 3167 2638 emere
3196 2577 3310 2636 nisi
3334 2594 3470 2640 cum
3503 2595 3709 2636 assen-

2052 2689 2121 2729 su
2172 2673 2384 2745 prioris
2417 2691 2430 2729 :
2464 2671 2568 2745 qui
2614 2688 2748 2728 vero
2797 2671 2918 2726 hmo
2960 2667 3283 2743 infregerit,
3313 2683 3449 2723 cum
3492 2667 3712 2723 damno

2052 2779 2180 2818 LXVI
2213 2761 2536 2818 solidorum
2565 2761 2921 2818 emendabit.

2122 2855 2417 2909 Statutum
2467 2855 2557 2907 est
2604 2851 2762 2922 quod
2820 2866 3024 2905 omnes
3070 2851 3304 2904 sutores
3353 2861 3712 2918 unoquoque

2052 2957 2206 2997 anno
2233 2939 2291 2996 in
2323 2941 2468 2996 festo
2498 2938 2800 2995 S.Martini
2833 2937 3080 2993 reddant
3109 2937 3362 3008 optimos
3391 2934 3706 3001 salutares,

2053 3028 2326 3085 similiter
2355 3044 2561 3086 omnes
2578 3026 2710 3099 pelli
2717 3026 2862 3102 parii
2885 3026 3099 3083 debent
3121 3024 3299 3096 priori
3320 3025 3538 3081 bonam
3550 3021 3716 3095 pelli-

2053 3118 2204 3174 ciam
2235 3133 2589 3188 unoquoque
2619 3131 2773 3171 anno
2805 3115 2863 3170 in
2896 3113 3076 3171 ramis
3097 3111 3518 3178 Palmarum,et
3541 3110 3603 3167 in
3636 3110 3712 3167 fec

2052 3203 2730 3278 stivitate'apostolorum
2765 3201 2918 3259 Petri
2947 3205 3004 3259 ot
3033 3198 3217 3267 Pauli,
3272 3203 3330 3256 et
3382 3199 3444 3258 in
3474 3197 3713 3258 vincula

2050 3293 2302 3352 B.Petri:
2327 3311 2433 3350 nec
2465 3292 2631 3350 miles
2654 3307 2761 3349 nec
2790 3289 3108 3362 Burgensis
3138 3287 3229 3346 vel
3259 3286 3474 3360 aliquis
3505 3286 3707 3345 homi-

2051 3401 2194 3444 num
2221 3384 2334 3441 erit
2361 3383 2508 3440 liber
2535 3381 2598 3438 in
2629 3379 2723 3439 his
2743 3379 2932 3436 tribus
2963 3377 3170 3436 diebus
3200 3377 3344 3449 quin
3375 3375 3713 3448 persolvant

2051 3473 2123 3529 de
2152 3473 2246 3529 his
2276 3489 2401 3545 quae
2429 3469 2800 3527 vendiderint
2827 3467 2916 3526 vel
2956 3465 3206 3524 emerint
3253 3465 3476 3525 tributa
3522 3464 3713 3537 priori

2051 3565 2110 3618 et
2139 3560 2464 3618 monachis.

2123 3651 2295 3709 Omni
2313 3655 2572 3724 tempore
2594 3651 2884 3706 statutum
2903 3649 2992 3704 est
3006 3646 3194 3703 forum
3211 3643 3269 3702 in
3294 3641 3434 3702 villa
3453 3639 3710 3714 Regulae,

2049 3741 2111 3798 in
2140 3741 2233 3798 die
2262 3740 2500 3798 Sabbati
2532 3737 2809 3796 dominus
2848 3737 2921 3794 de
2975 3734 3241 3794 Gil-unda
3285 3736 3442 3793 tenet
3490 3730 3550 3789 in
3598 3730 3712 3791 hoc

2051 3830 2197 3899 foro,
2232 3830 2291 3886 in
2323 3830 2558 3886 feodum
2607 3828 2679 3883 de
2719 3826 2910 3900 priore
2939 3823 3231 3896 iustitiam
3274 3818 3538 3882 mercati.
3591 3819 3712 3882 Nec

2052 3920 2225 3976 debet
2249 3919 2364 3975 alia
2394 3918 2487 3974 die
2516 3915 2754 3973 Sabbati
2801 3913 3023 3986 aliquid
3073 3911 3229 3967 ultra
3282 3910 3436 3966 rivos
3489 3925 3705 3964 emere.

2046 4009 2210 4076 Quod
2240 4007 2290 4064 si
2322 4009 2540 4064 factum
2572 4003 2765 4072 fuerit,
2799 4005 2871 4059 ad
2903 4001 3212 4058 dominum
3245 3998 3524 4056 Girundze
3575 4013 3704 4069 per-

2045 4098 2192 4153 tinet
2213 4096 2474 4168 justitia;
2503 4099 2560 4151 et
2590 4095 2715 4166 ipse
2745 4093 2839 4148 die
2869 4089 3109 4147 Sabbati
3142 4105 3321 4144 manu
3364 4085 3580 4142 levabit.
3608 4084 3708 4141 ille

2045 4186 2326 4244 dominus
2353 4184 2625 4242 Girunda:
2655 4199 2843 4254 usque
2865 4181 2935 4236 ad
2959 4185 3086 4236 octo
3109 4168 3253 4234 dies.
3287 4175 3448 4241 Quod
3482 4174 3532 4230 si
3561 4177 3706 4230 tunc

2046 4293 2165 4332 non
2197 4274 2452 4345 solverit,
2465 4272 2704 4345 justitia
2734 4269 2988 4346 pertinet
3021 4269 3094 4323 ad
3124 4267 3379 4342 priorem
3410 4262 3497 4318 vel
3528 4261 3704 4320 clavi-

2046 4381 2272 4436 gerum.
2291 4364 2433 4420 Item
2467 4361 2626 4434 prior
2649 4359 2735 4415 vel
2754 4357 3006 4430 claviger
3022 4349 3705 4429 poteruntmanulevaro.

2047 4447 3044 4510 PrmfatusverodominusGirundsa
3058 4458 3331 4501 securum
3346 4439 3706 4497 conductum

2047 4540 2212 4596 dabit
2240 4538 2610 4596 venientibus
2637 4536 2709 4592 ad
2743 4533 3032 4602 forum,in
3059 4532 3250 4589 eundo
3280 4529 3368 4586 vel
3387 4527 3704 4584 redeundo.

2046 4611 2361 4686 carniﬁces
2394 4627 2568 4684 etiam
2587 4623 2931 4682 suntsecuri
2963 4622 3035 4677 ab
3059 4637 3128 4677 ea
3141 4620 3286 4676 hora
3303 4634 3420 4690 qua
3437 4631 3704 4689 porcum,

2043 4735 2301 4784 vaccam,
2333 4715 2424 4774 vel
2450 4719 2658 4774 cetera
2699 4713 2772 4772 ad
2821 4711 3083 4770 ofﬁcium
3133 4723 3309 4766 suum
3350 4703 3708 4779 pertinentia

2047 4807 2394 4878 acceperint,
2429 4806 2509 4860 ita
2537 4803 2692 4876 quod
2724 4819 2840 4857 non
2870 4800 3279 4873 pignorentur,
3303 4796 3431 4852 sine
3463 4791 3707 4850 consilio

2039 4895 2260 4969 prioris
2289 4895 2377 4952 vel
2409 4890 2704 4965 clavigeri.

2117 4984 2398 5039 Eamdem
2429 4980 2805 5038 securitatem
2837 4977 3056 5034 habent
3084 4975 3145 5031 hi
3189 4973 3291 5047 qui
3338 4970 3585 5028 veniunt
3631 4971 3704 5026 ad

2049 5072 2400 5128 molendina:
2428 5070 2527 5142 qui
2561 5073 2756 5124 autem
2790 5067 2899 5122 hoc
2930 5065 3018 5122 vel
3050 5064 3197 5120 illud
3229 5059 3576 5133 infregerint
3605 5073 3708 5114 sex

2046 5161 2266 5218 solidos
2296 5161 2538 5217 solvent.
2571 5159 2781 5216 Noster
2811 5173 2944 5213 vero
2976 5149 3444 5213 molendinarias
3463 5148 3536 5205 de
3559 5165 3707 5204 uno-

281 5229 442 5324 Bgritf
477 5229 718 5307 gadium
749 5229 979 5302 solvent
1009 5262 1022 5300 :
1059 5245 1332 5303 similiter
1376 5251 1434 5303 et
1463 5247 1522 5303 in
1567 5229 1746 5306 manu
1779 5229 1934 5322 prio-
1965 5243 2013 5307 D
2047 5268 2281 5324 quoque
2313 5249 2649 5306 molendino
2677 5264 2858 5302 unam
2891 5261 3134 5302 coucam
3148 5255 3508 5314 unoquoque
3529 5235 3705 5305 die,sl

281 5320 364 5377 ris
393 5320 548 5378 sicut
575 5325 778 5382 eodem
809 5336 978 5401 pacto
1010 5334 1363 5392 molendina.

351 5410 651 5469 Statutum
682 5419 771 5472 est
793 5418 1062 5478 similiter
1100 5426 1253 5496 quod
1300 5441 1504 5481 omnes
1549 5425 1933 5499 burgcnsessi

278 5497 478 5556 vinum
492 5502 740 5562 emerint
756 5512 811 5562 et
828 5514 1032 5581 postea
1054 5497 1932 5583 vendiderint,obolumidomino

282 5587 354 5656 de.
384 5604 740 5665 unaquaque
757 5604 1028 5662 acumina
1059 5603 1301 5663 dabunt.
1325 5603 1606 5662 Praeterea
1627 5603 1786 5676 prior
1832 5605 1933 5662 ha-

2042 5339 2292 5397 voluerit
2321 5338 2565 5410 accipiet
2594 5337 2666 5392 ad
2698 5335 3059 5392 molendum.
3092 5330 3304 5389 Nullus
3335 5326 3705 5385 molendina-

2044 5430 2169 5484 rius
2201 5431 2424 5501 quierat
2449 5426 2690 5481 bladum
2723 5441 2826 5498 per
2854 5423 3056 5480 villam
3091 5440 3103 5478 :
3140 5421 3189 5479 si
3235 5421 3457 5476 factum
3507 5413 3704 5482 fuerit,

2044 5518 2144 5576 sed
2204 5517 2310 5574 sol.
2369 5515 2572 5573 solvet.
2625 5515 2987 5586 Unoquoque
3034 5512 3129 5568 die
3176 5506 3416 5566 Veneris
3477 5503 3708 5562 solvent

2047 5605 2458 5664 molendinarii
2489 5604 2776 5676 clavigero
2808 5606 3079 5676 quartam
3107 5595 3392 5658 frumenti
3421 5593 3579 5667 quod
3613 5592 3705 5652 lu—
