3910 6448
218 371 383 449 1305

998 436 1005 441 ,
1126 373 1783 442 CONSUETUDINES
1824 372 2230 438 EGGLESIE
2268 373 2372 437 DE
2414 372 2752 440 REGULA.

3494 358 3653 437 I306
3682 360 3692 373 ”

226 504 372 571 crati
400 501 620 573 fuerint
655 504 771 567 sub
819 513 1208 567 sacramento.
1241 510 1540 571 Statutum
1588 514 1678 569 est
1722 512 1877 583 quod
1909 509 1966 577 Α
1992 507 2300 571 Dominica
2327 508 2695 565 similiter.Et
2722 512 2791 566 ut
2817 506 3070 565 breviter
3098 498 3481 566 concludam:
3505 523 3651 580 quo-

228 593 480 668 claviger
500 594 773 668 accipiat
801 595 872 653 de
899 592 1253 671 unoquoque
1282 616 1457 672 porco
1485 600 1723 658 obolum
1739 606 1796 658 et
1814 602 1887 657 de

227 700 403 759 porco
448 683 606 740 ultro
634 686 706 739 20
753 684 888 741 den.
919 684 1155 743 lumbos
1201 687 1440 745 habebit
1489 689 1780 763 claviger;
1816 691 1887 747 de

227 790 403 830 vacca
433 772 675 829 habebit
703 773 852 829 duos
893 775 1164 832 denarios
1197 794 1211 833 :
1245 778 1318 833 de
1364 778 1584 835 bacone
1626 783 1885 836 tantum-

231 862 405 933 dem;
432 864 491 918 et
521 879 638 918 non
669 861 807 918 alibi
846 865 1173 921 vendentur
1227 883 1434 923 carnes
1484 867 1597 925 nisi
1638 869 1698 925 in
1748 887 1885 925 con-

232 951 419 1011 suetis
465 950 629 1011 locis.
671 950 761 1007 vel
812 952 1021 1024 pisces.
1075 953 1293 1013 Diebus
1338 957 1514 1012 etiam
1566 957 1887 1013 Dominicis

231 1042 268 1097 3
296 1040 446 1096 feria
473 1044 531 1096 et
575 1041 612 1095 5
659 1056 838 1096 manu
892 1041 1105 1107 levabit
1147 1048 1352 1100 cames
1399 1045 1668 1119 claviger,
1700 1046 1888 1103 tiliam

232 1128 394 1204 porci
425 1128 514 1186 vel
546 1130 673 1203 apri
695 1146 801 1202 pro
831 1131 864 1186 4
894 1131 1051 1201 den.;
1072 1134 1329 1190 fructum
1365 1152 1545 1191 vaccas
1567 1152 1673 1207 pro
1700 1136 1888 1191 tribus

235 1218 531 1287 denariis;
560 1220 925 1291 quarterium
974 1222 1174 1281 arietis
1221 1241 1324 1296 pro
1372 1241 1510 1281 uno.
1543 1224 1890 1299 Quicunque

231 1307 560 1367 vendiderit
603 1324 833 1378 carnes,
880 1311 1148 1368 eamdem
1198 1313 1457 1371 servabit
1510 1316 1889 1372 consuetudi-

234 1411 391 1454 nem.
954 1416 961 1423 “

307 1487 450 1549 Item
481 1486 531 1544 si
556 1491 867 1551 extraneus
894 1493 1212 1564 portaverit
1229 1496 1890 1563 sturionem,denarium

234 1574 477 1639 habebit
509 1576 793 1652 claviger;
813 1584 871 1641 et
898 1580 949 1637 si
977 1581 1200 1639 ibidem
1225 1583 1447 1642 fractus
1475 1586 1653 1643 fuerit
1683 1587 1891 1654 sturio,

235 1664 554 1731 nerbilium
584 1670 642 1727 et
670 1667 971 1729 budellum
1002 1670 1243 1729 habebit
1269 1672 1663 1746 claviger,nec
1693 1676 1894 1731 minus

233 1752 480 1815 habebit
500 1756 833 1817 denarium.

305 1842 459 1899 Item
504 1843 553 1901 si
602 1845 719 1907 duo
767 1846 857 1903 vel
901 1850 1022 1907 tres
1068 1849 1211 1907 socii
1257 1849 1473 1907 fuerint
1508 1850 1567 1907 in
1598 1868 1773 1925 porco
1803 1854 1893 1911 vel

229 1947 434 2002 vacca,
461 1932 552 1989 vel
577 1933 757 1993 ariete
786 1935 858 1993 de
889 1951 1245 2011 unoquoque
1274 1939 1693 2009 manulevabit,
1724 1946 1900 2014 prout

233 2019 470 2081 dictum
500 2025 592 2081 est
621 2025 916 2096 superius,
948 2025 1181 2084 etiamsi
1226 2045 1382 2087 unus
1430 2030 1762 2087 vendiderit
1792 2048 1896 2104 pro

233 2109 542 2175 omnibus.
574 2111 859 2173 Similiter
900 2113 950 2173 si
978 2118 1289 2173 extraneus
1317 2133 1665 2175 saumonem
1698 2124 1898 2192 porta-

233 2197 411 2269 verit,
443 2198 683 2261 obolum
712 2201 965 2260 dabit.Si
995 2209 1304 2264 extraneus
1333 2208 1651 2279 portaverit
1679 2209 1899 2266 duode-

238 2302 382 2349 nem
432 2286 870 2360 lampredarum
912 2293 1222 2352 denarium
1272 2295 1476 2366 dabit;
1511 2297 1562 2353 si
1606 2315 1728 2366 sex,
1760 2299 1899 2355 obo-

236 2372 391 2431 lum.
425 2375 485 2433 Si
511 2377 821 2435 duodecim
863 2381 1098 2456 colagos
1144 2385 1461 2456 portaverit
1510 2403 1613 2459 per
1660 2403 1899 2459 aquam,

237 2481 432 2527 unum
462 2465 665 2536 dabit;
698 2468 753 2525 si
782 2486 902 2539 sex,
957 2471 1234 2543 obolum;
1268 2473 1319 2530 si
1366 2491 1504 2531 cum
1551 2476 1719 2533 asino
1768 2494 1903 2550 por;

237 2553 473 2622 taverit,
528 2558 648 2617 tres
705 2557 1016 2630 denarios;
1077 2561 1129 2618 si
1184 2579 1319 2620 cum
1379 2580 1530 2637 equo
1580 2565 1670 2622 vel
1728 2583 1899 2639 equa,

240 2642 407 2705 mulo
455 2642 547 2705 vel
594 2645 757 2705 mula
802 2649 836 2707 4
884 2649 1018 2708 den.
1065 2651 1266 2721 dabit;
1318 2653 1370 2709 si
1408 2670 1543 2711 cum
1573 2654 1725 2713 collo
1755 2656 1902 2712 duo-

241 2732 399 2791 dena
422 2732 760 2807 eclogarum
791 2736 878 2793 vel
909 2736 1686 2811 lampredarum,denarium
1719 2743 1900 2800 dabit.

240 2820 324 2879 De
350 2822 618 2885 sturione
647 2828 706 2887 et
732 2825 1035 2884 salomone
1060 2829 1249 2901 primo
1280 2831 1465 2902 captis
1495 2831 1556 2887 in
1586 2832 1743 2895 Beta.
1780 2850 1902 2889 me-

243 2910 522 2973 dietatem
553 2912 877 2986 piscatores
907 2916 1134 2976 dabunt
1164 2933 1178 2974 :
1211 2922 1270 2975 et
1313 2924 1462 2975 tunc.
1502 2920 1790 2995 accipient
1817 2922 1902 2978 illi

242 2998 360 3064 duo
390 2999 716 3079 piscatores
737 3004 890 3062 duos
899 3022 1081 3077 panes
1107 3006 1485 3065 servientales
1504 3013 1561 3066 et
1581 3010 1735 3067 duas
1747 3028 1905 3068 men-

224 3104 416 3151 suras
445 3089 594 3151 vini:
618 3095 676 3149 et
702 3093 979 3171 deinceps
1009 3096 1081 3151 de
1109 3096 1386 3154 omnibus
1412 3097 1672 3171 piscibus
1685 3100 1904 3156 ibidem

242 3177 432 3250 captis
462 3178 750 3242 decimam
782 3183 893 3240 sub
924 3189 1312 3242 sacramento.

1996 614 2229 670 cunque
2261 599 2435 655 modo
2487 599 2575 655 vel
2624 613 2977 672 quacunque
3014 597 3110 654 die
3137 586 3395 655 extranei
3425 595 3651 669 aliquid

1997 687 2374 761 portaverint,
2407 687 2494 744 vel
2525 704 2657 744 cum
2701 688 2901 760 aliqua
2928 704 2989 745 re
3022 686 3338 744 transitum
3387 686 3648 755 fecerint,

1989 776 2094 848 jus
2115 793 2292 831 suum
2322 777 2561 849 recipiet
2591 776 2953 850 clavigerzsic
2982 776 3090 846 sal,
3114 775 3272 849 equi,
3294 776 3474 849 porci,
3493 790 3649 843 oves,

1998 864 2195 933 boves,
2222 864 2468 921 bladum
2498 870 2554 922 et
2584 870 2784 922 caetera
2818 884 2835 921 :
2876 870 2933 922 et
2978 865 3039 922 in
3085 866 3208 922 foro
3254 864 3655 921 manulevabit

1998 952 2250 1026 claviger
2278 955 2564 1027 quidquid
2594 954 2845 1011 voluerit
2872 958 2976 1029 per
3003 960 3133 1012 octo
3155 954 3300 1011 dies.

2070 1042 2211 1098 Item
2244 1042 2483 1100 habebit
2512 1043 2765 1116 claviger
2793 1042 3257 1101 dehisomnibus
3272 1042 3373 1117 qui
3393 1043 3656 1099 vendunt

1998 1131 2274 1203 saginum
2305 1133 2463 1187 omni
2495 1134 2933 1205 quintodecimo
2947 1133 3295 1190 dieSabbati
3327 1149 3505 1189 unam
3523 1133 3656 1189 obo-

1999 1218 2201 1276 latam.
2235 1221 2302 1277 In
2332 1222 2480 1277 festo
2520 1222 2673 1278 beati
2721 1223 2874 1279 Petri
2920 1223 3130 1295 accipit
3176 1222 3429 1296 claviger
3472 1236 3655 1278 unam

2000 1309 2310 1383 corrigiam
2341 1310 2413 1366 de
2434 1327 2791 1385 unoquoque
2819 1311 3199 1369 mercenaria.

2072 1398 2219 1454 Item
2250 1399 2579 1474 Passapont
2606 1402 2823 1476 recepit
2854 1402 3089 1458 nomine
3109 1404 3310 1458 nostro
3337 1400 3410 1458 de
3438 1398 3659 1475 ligassa

2001 1486 2108 1544 lini
2139 1506 2326 1545 unum
2357 1489 2631 1563 paladuir
2653 1491 2713 1547 in
2742 1491 2951 1560 foro,et
2976 1490 3211 1564 plenam
3225 1492 3468 1546 manum
3487 1489 3655 1560 lanae,

1995 1577 2169 1650 juxta
2197 1579 2353 1651 quod
2387 1579 2466 1635 ibi
2501 1580 2784 1650 fuerit;de
2813 1579 3191 1637 mercenariis
3220 1572 3658 1652 quintodeeimo

2005 1666 2101 1722 die
2128 1666 2365 1723 obolum
2399 1685 2412 1724 :
2445 1669 2517 1725 de
2542 1669 2635 1727 his
2665 1669 2765 1741 qui
2795 1670 3066 1726 deferunt
3092 1682 3232 1725 vasa
3259 1668 3463 1737 vitrea,
3478 1668 3659 1724 unam

2002 1754 2377 1827 lampadem;
2409 1757 2481 1813 de
2532 1757 2810 1814 fasciculi)
2858 1758 3130 1825 ciforum,
3160 1774 3368 1814 unum.
3406 1757 3517 1814 P’ro
3562 1756 3660 1813 his

2002 1847 2236 1901 tenetur
2263 1844 2586 1918 Passapont
2613 1848 2829 1919 etejus
2844 1863 3215 1905 successores
3242 1847 3304 1903 in
3316 1846 3661 1903 dormitorio

2006 1931 2196 1989 facere
2239 1932 2554 2005 luminare,
2584 1940 2645 1997 et
2691 1936 2752 1995 in
2801 1951 3039 1993 camera.
3080 1936 3314 2008 prioris,
3338 1922 3490 1991 Hum
3535 1934 3663 2007 ipse

2006 2038 2266 2096 praesens
2296 2021 2571 2079 foeiit.De
2601 2024 2781 2081 nattis
2812 2041 2994 2081 unam
3024 2024 3263 2081 habebit
3292 2024 3545 2098 claviger
3570 2039 3663 2081 se-

2006 2110 2123 2169 mel
2153 2110 2215 2166 in
2246 2128 2435 2181 anno;
2469 2114 2526 2167 et
2553 2110 2641 2169 sic
2670 2114 2745 2168 de
2772 2111 2999 2170 ceteris
3029 2126 3159 2186 ques
3185 2113 3538 2170 vendantur.

2079 2200 2379 2256 Statutum
2410 2205 2502 2258 est
2529 2202 2684 2274 quod
2716 2201 2814 2264 ille
2845 2216 3020 2275 quem
3050 2202 3212 2275 prior
3236 2202 3296 2257 in
3321 2202 3668 2275 jusvocave-

2007 2287 2310 2357 rit,statim
2332 2306 2529 2345 coram
2551 2306 2617 2346 eo
2639 2307 2773 2346 cum
2786 2291 3240 2363 fidejussoribus
3259 2307 3323 2347 se
3334 2293 3664 2364 presentet,

2009 2378 2123 2433 nisi
2149 2378 2275 2449 jam
2307 2394 2553 2435 manum
2582 2380 2655 2435 ad
2684 2381 3113 2437 comedendum
3143 2380 3440 2448 Iavaverit,
3471 2379 3562 2436 vel
3591 2380 3666 2437 ad

2008 2466 2326 2523 iavandum
2357 2471 2534 2541 caput
2555 2470 2683 2541 jam
2714 2486 2779 2526 se
2804 2469 3115 2543 paraverit.
3135 2470 3195 2527 Si
3225 2484 3359 2547 vero
3387 2472 3528 2542 post
3542 2485 3669 2525 ves-

2012 2574 2183 2631 peras
2211 2573 2347 2613 eum
2374 2559 2665 2616 vocaverit
2696 2560 2755 2615 in
2784 2550 3109 2617 crastinum
3141 2574 3336 2616 coram
3358 2575 3424 2615 eo
3457 2557 3669 2615 cumﬂe

2011 2647 2416 2717 dejussoribus
2446 2652 2743 2720 appareat.
2775 2648 2877 2706 Ille
2903 2665 3036 2705 vero
3076 2648 3179 2721 qui
3227 2647 3322 2704 die
3366 2646 3670 2720 assignate.

2010 2752 2200 2808 usque
2229 2736 2301 2792 ad
2332 2735 2535 2793 horam
2570 2741 2795 2794 sextam
2824 2752 3021 2794 coram
3053 2737 3245 2809 priore
3281 2751 3399 2792 non
3429 2749 3666 2809 compa-

2011 2825 2215 2891 ruerit,
2266 2829 2548 2896 tanquam
2598 2828 2903 2883 convictus
2948 2814 3335 2899 judicabitur.
3396 2825 3560 2892 Quod
3618 2822 3669 2881 si

2011 2928 2271 2986 praesens
2325 2915 2486 2988 prior
2542 2932 2657 2972 non
2713 2916 2906 2985 fuerit,
2963 2915 3250 2990 ciavigero
3306 2930 3370 2972 se
3411 2924 3671 2987 praesen-

2010 3006 2114 3059 tet.
3476 3030 3485 3037 η
3546 3024 3549 3033 ί

2085 3093 2228 3151 Item
2260 3092 2333 3148 de
2354 3099 2993 3167 unaquaqnesaumata
3018 3093 3313 3163 lignorum
3324 3090 3673 3149 dabiturdo—

2016 3181 2139 3240 Inui
2172 3188 2385 3238 nostrae
2417 3200 2600 3239 unum
2631 3182 2863 3257 lignum
2895 3200 2999 3258 per
3026 3199 3232 3240 omnes
3252 3181 3546 3256 portasde
3577 3180 3674 3237 his

312 3267 375 3327 Si
402 3266 635 3329 balan
659 3270 882 3331 feratur
907 3289 1013 3345 per
1037 3288 1201 3332 mare
1213 3274 1500 3337 frustrum
1531 3276 1771 3334 habebit
1786 3277 1904 3335 cla-
1933 3256 1979 3324 Β
2013 3269 2118 3343 qui
2151 3276 2292 3327 sunt
2320 3273 2597 3335 extranei.

240 3354 442 3428 viger;
476 3357 525 3412 si
555 3374 661 3431 per
687 3362 875 3417 terras
908 3361 1131 3423 feratur
1156 3363 1246 3421 vel
1274 3364 1375 3429 alii
1406 3365 1653 3438 quilibet
1689 3367 1901 3440 pisces,

242 3444 346 3509 ﬁat
373 3444 534 3507 sicut
560 3447 834 3523 superius
863 3451 1151 3523 seriptum
1182 3457 1273 3511 est
1300 3454 1373 3512 de
1394 3455 1615 3529 colagis
1641 3456 1731 3513 vel
1762 3456 1906 3513 lam-

242 3534 464 3606 praedis.

313 3623 462 3685 Item
492 3624 567 3685 de
593 3624 693 3687 his
717 3642 846 3703 qua:
879 3629 1217 3688 venduntur
1243 3631 1303 3687 in
1337 3630 1480 3699 foro;
1500 3632 1571 3689 de
1599 3648 1774 3706 porco
1805 3632 1907 3706 qui

242 3712 521 3775 venditur
556 3713 715 3778 ultra
742 3717 815 3774 20
842 3717 1117 3777 denarios.
1146 3719 1391 3792 accipiet
1439 3720 1692 3795 claviger
1720 3739 1907 3778 unum

243 3799 555 3864 denarium
580 3821 597 3871 ;
622 3807 682 3865 et
723 3804 776 3863 si
819 3806 1040 3876 minus,
1075 3807 1312 3867 obolum
1343 3825 1357 3864 :
1390 3810 1463 3867 de
1492 3826 1670 3881 capra
1696 3810 1905 3866 simili-

242 3890 366 3959 ter;
415 3890 513 3953 de
538 3907 716 3953 vacca
763 3893 1079 3964 similiter;
1124 3897 1197 3954 de
1246 3898 1390 3954 bove
1443 3898 1772 3955 denarium.
1826 3900 1909 3955 De

247 3993 346 4041 ove
375 3978 535 4042 sicut
576 3981 653 4041 de.
699 3999 914 4055 porco;
964 3986 1037 4043 de
1079 3986 1247 4043 asino
1298 3986 1453 4043 sicut
1496 3987 1567 4043 de
1611 3988 1801 4055 bove;
1836 3988 1909 4044 de

248 4081 399 4140 equo
420 4073 489 4133 et
512 4069 681 4132 mulo
704 4075 958 4143 quatuor
987 4073 1260 4135 denarios
1285 4092 1301 4144 ;
1332 4075 1408 4131 de
1429 4074 1557 4132 citis
1573 4079 1632 4132 et
1656 4075 1907 4145 salariis,

251 4155 327 4219 de.
348 4158 755 4237 castrahestiaaj
772 4164 1031 4239 quatuor
1059 4163 1203 4223 citos
1240 4167 1300 4223 et
1328 4163 1572 4221 totidem
1620 4163 1864 4223 salerios
1893 4183 1907 4235 ;

251 4243 319 4301 de
363 4246 535 4317 collo.
566 4252 780 4312 cremato
827 4250 997 4310 duos.
1034 4250 1137 4310 Die
1182 4252 1421 4313 Sabbatl
1476 4269 1651 4311 nemo
1696 4255 1912 4311 vendat

250 4330 402 4391 intra
428 4335 523 4392 vel
550 4340 715 4393 extra
742 4335 988 4410 aliquid,
1020 4339 1163 4412 quin
1195 4342 1404 4399 reddat
1448 4340 1737 4415 clavigero
1773 4359 1909 4399 con-

252 4426 451 4488 suetas
477 4424 779 4506 redditas.
968 4440 969 4443 ‘
1768 4432 1781 4441 ’

286 4511 948 4611 "immensae
971 4518 1139 4611 md
1168 4518 1237 4611 εξ,
1268 4519 1406 4592 quis
1452 4534 1698 4611 eam
1747 4525 1912 4611 βείω

2085 3360 2383 3416 Statutum
2413 3364 2503 3418 est
2526 3361 2704 3418 etiam
2734 3362 2890 3434 quod
2935 3360 3113 3434 priori
3164 3364 3423 3437 tempore
3467 3358 3669 3415 vinde-

2014 3448 2269 3504 miarum
2302 3467 2406 3522 per
2426 3464 2631 3511 omnes
2661 3456 2863 3522 portas
2888 3448 3037 3505 villae
3057 3449 3271 3523 diriget
3282 3447 3673 3504 nuntiossues

2015 3539 2085 3594 ad
2120 3554 2371 3610 quorum
2401 3543 2782 3612 conspectum
2813 3538 3050 3596 decima:
3097 3538 3219 3593 vini
3250 3541 3307 3593 et
3351 3538 3564 3616 quarta
3610 3537 3675 3591 ii-

2014 3626 2213 3682 dilitcr
2236 3627 2576 3696 reddantur,
2610 3631 2784 3700 prout
2811 3627 2873 3682 in
2904 3626 3147 3700 scriptis
3181 3632 3383 3682 eorum
3414 3623 3675 3681 contine-

2015 3715 2196 3771 bitur.
2234 3715 2301 3773 Et
2330 3716 2547 3771 debent
2565 3714 2789 3772 deferre
2820 3712 2905 3771 illi
2947 3706 3203 3789 quorum
3233 3718 3371 3772 sunt
3396 3713 3577 3770 vineae
3598 3715 3672 3770 ad
3700 3706 3705 3709 ’

2014 3804 2279 3863 torcular
2291 3803 2505 3877 prioris
2535 3803 2660 3867 sine
2689 3803 2880 3877 ipsius
2909 3804 3222 3876 adjuterio.
3253 3806 3397 3860 Item
3444 3803 3516 3859 de
3546 3818 3672 3859 om-

2017 3893 2193 3948 nibus
2244 3892 2508 3949 obliariis
2539 3893 2640 3966 qui
2689 3894 2898 3950 fabbas
2946 3893 3239 3963 excolunt,
3270 3892 3509 3950 dabitur
3532 3908 3673 3948 con-

2016 3981 2215 4038 ventui
2245 3998 2471 4054 coquus
2496 3981 2586 4038 vel
2617 3978 2768 4038 alter
2796 3982 3058 4039 serviens
3084 3987 3341 4041 onustus
3354 3983 3427 4039 de
3459 3980 3672 4037 fabbis.

2018 4074 2304 4143 Tempore
2331 4087 2466 4127 vero
2496 4087 2605 4127 suo
2635 4072 2708 4128 de
2736 4077 2968 4145 agreste
3005 4088 3117 4145 per
3155 4072 3357 4129 vineas
3394 4069 3678 4144 arripiant

2018 4160 2335 4217 servientes
2364 4159 2629 4232 coquinae
2665 4177 2678 4217 :
2714 4160 2988 4218 similiter
3016 4163 3088 4218 de
3117 4161 3377 4218 oleribus
3424 4176 3460 4215 a
3485 4158 3677 4215 Natali

2018 4266 2209 4322 usque
2234 4250 2309 4305 ad
2339 4247 2865 4322 Quadragesimam
2890 4254 2953 4306 et
2999 4251 3060 4309 in
3098 4247 3578 4321 'Quadrageeime
3601 4246 3679 4325 de

2018 4338 2210 4412 porris
2240 4337 2533 4396 similiter.
3060 4336 3065 4341 ’
3224 4416 3227 4417 ν
3564 4411 3569 4417 ,

2089 4429 2390 4485 Statutum
2419 4430 2509 4484 est
2532 4429 2817 4501 prmterea
2830 4427 2986 4499 quod
3017 4416 3231 4487 omnes
3249 4424 3451 4482 beilivi
3464 4424 3547 4480 ad"
3565 4422 3679 4481 hoc

2019 4521 2160 4574 sunt
2187 4516 2513 4585 constituti,
2543 4520 2616 4572 ut'
2651 4512 2871 4573 census
2895 4515 3211 4577 balliea'um
3240 4513 3413 4571 nobis
3454 4513 3680 4586 alisque

714 4607 773 4665 et
808 4604 963 4667 infra
1007 4610 1139 4667 octo
1181 4606 1309 4669 dies
1352 4592 1697 4677 vendiderit,
1729 4610 1909 4668 dena—
1938 4626 1997 4692 Β
2016 4605 2362 4663 difﬁcultate
2392 4605 2558 4665 reddi
2588 4604 2813 4662 faciant
2836 4620 2853 4661 ε-
2880 4602 3157 4661 videlicet
3182 4592 3679 4692 humanitasque

252 4688 405 4753 rium
445 4690 658 4757 dubiis:
700 4692 772 4757 de
813 4694 1095 4773 nomeriis
1148 4693 1223 4757 et
1255 4695 1462 4756 culinis
1508 4702 1574 4755 et
1623 4698 1907 4770 fosseriis,

253 4778 527 4848 maniis.
544 4778 824 4851 1013111118.
873 4783 1130 4855 tDBeriis,
1163 4785 1408 4844 vasoriis
1455 4790 1513 4844 et
1541 4788 1769 4845 caeteris
1796 4788 1909 4845 fer.-

255 4869 535 4933 recreatis
576 4872 1073 4948 quavenduntun
1115 4874 1180 4933 in
1226 4875 1372 4945 fore,
1405 4876 1589 4935 semel
1639 4877 1703 4933 in
1754 4893 1913 4939 anno

2019 4700 2081 4754 et
2121 4694 2519 4752 denarium.
2565 4695 2730 4761 Quod
2777 4694 2831 4752 si
2872 4693 2948 4750 in
2997 4694 3147 4751 festo
3193 4693 3261 4750 Β.
3317 4690 3554 4749 Martini
3604 4690 3680 4747 ad

2017 4785 2290 4859 praefatos
2335 4782 2549 4841 sensus
2595 4783 2868 4847 subditos
2911 4798 3055 4841 suos
3099 4794 3215 4843 non
3265 4778 3678 4855 compulerint,

2017 4873 2249 4932 baillivi
2268 4874 2486 4930 debent
2511 4873 2858 4947 pignorum;
2894 4873 3003 4931 sed
3030 4873 3111 4932 ad
3134 4872 3392 4947 priorem
3422 4868 3684 4955 pertinet

257 4955 706 5041 abitumqu
733 4960 1039 5023 venditare
1066 4980 1252 5041 unum
1280 4964 1498 5039 accipit
1525 4965 1799 5040 claviger.
1829 4966 1854 5025 Ι

2066 4962 2271 5021 Mitis.

256 5048 541 5112 “Min
560 5051 622 5127 et
652 5048 783 5113 diis
808 5049 1033 5121 vitreis,
1066 5053 1145 5112 de
1389 5059 1451 5114 et
1477 5054 1610 5114 aliis
1638 5062 1913 5129 upoQuo-

257 5147 366 5206 que
392 5135 650 5194 Sabbato
682 5141 741 5195 et
767 5138 1091 5198 Dominica.
1126 5140 1383 5215 exceptis
1425 5143 1545 5202 illis
1589 5145 1660 5201 de
1688 5145 1910 5219 Papey-

258 5237 358 5283 nn
398 5241 586 5297 unum
634 5227 877 5291 (Sardum
921 5233 982 5289 et
1025 5230 1101 5290 de
1141 5231 1617 5290 sesioriis'unam
1648 5235 1913 5308 garbam.

258 5308 687 5383 dubitantes'in
716 5320 874 5379 torre
899 5319 974 5378 de
1004 5318 1304 5394 Papeyran
1328 5320 1499 5380 liberi
1529 5330 1669 5379 sunt
1696 5322 1759 5380 in
1789 5340 1916 5382 om-

258 5400 426 5465 nibus
454 5420 593 5477 qua
610 5409 946 5481 mouetur
972 5406 1035 5467 in
1065 5409 1271 5467 eadem
1313 5414 1472 5467 terra
1498 5428 1517 5468 :
1544 5412 1597 5468 si
1617 5415 1781 5469 extra
1799 5416 1913 5469 ter-

259 5504 378 5551 ram
407 5490 573 5556 illam
604 5493 831 5568 aliquid
861 5496 1266 5570 acquisierint,
1296 5515 1414 5556 non
1445 5503 1586 5556 sunt
1614 5500 1803 5559 liberi.

290 5622 300 5628 .
325 5577 468 5644 Item
499 5582 717 5656 accipit
742 5583 1003 5663 claviger
1024 5587 1096 5645 de
1123 5588 1516 5658 vendentibus
1541 5590 1630 5647 sal
1661 5591 1756 5648 die
1776 5592 1917 5649 εει).

260 5664 373 5731 ιλιίί
396 5668 458 5732 in
486 5670 614 5735 τοιδο
648 5672 729 5737 de
756 5689 1108 5748 unaquaque
1134 5693 1319 5736 unum
1369 5677 1714 5751 palmatam,
1746 5684 1807 5738 et
1849 5680 1910 5739 in

2090 5052 2374 5108 Praeterea
2422 5054 2709 5108 statutum
2767 5055 2858 5108 est
2907 5051 3083 5124 quod
3120 5048 3375 5135 claviger
3431 5056 3540 5133 per
3590 5051 3683 5106 to-

2019 5145 2143 5199 tam
2185 5139 2387 5197 villam
2419 5140 2670 5213 accipiat
2698 5140 2901 5198 asinos
2929 5141 3002 5197 ad
3032 5140 3417 5198 deferendum
3435 5137 3684 5197 bladum

2025 5247 2223 5288 suum.

2095 5321 2240 5377 Item
2273 5335 2409 5377 cum
2444 5332 2644 5376 comes
2693 5312 3168 5392 procurationem
3220 5328 3392 5378 suam
3439 5317 3688 5391 accipiet

2023 5409 2281 5483 claviger
2298 5426 2406 5483 per
2442 5412 2629 5466 totam
2674 5408 2879 5468 villam
2922 5409 3324 5469 manulevabit
3368 5422 3578 5483 porcos
3629 5410 3689 5464 et

2023 5499 2212 5573 capiet
2239 5498 2492 5573 gallinas
2521 5512 2627 5572 per
2656 5499 2883 5571 domos.

2093 5588 2410 5646 Sciendum
2440 5591 2724 5661 praterea
2750 5589 2910 5661 quod
2941 5606 3049 5664 per
3068 5604 3273 5648 omnes
3309 5584 3517 5669 bailias
3544 5598 3686 5669 nos-

2022 5680 2144 5736 tras
2154 5677 2481 5751 accipimus
2494 5674 2569 5736 ab
2581 5692 2941 5751 unoquoque
2952 5670 3363 5738 villaneunam
3376 5668 3681 5748 gallinam:
