3910 6374
214 273 374 340 1307

937 276 1309 343 RICHABDI
1351 280 1528 344 ABB.
1572 278 1856 344 FLORIA
1899 281 2178 345 CONST.
2223 282 2442 347 ECCL.
2489 284 2592 346 DE
2636 282 2919 350 REGUL.

3475 279 3635 348 i308

215 407 368 466 duos
395 408 583 467 fasces
613 408 811 484 paleae,
835 414 1088 469 etunum
1111 429 1322 486 panem
1335 417 1656 472 ettraceam
1689 413 1866 470 boum
1897 416 1954 483 Î‘
1982 415 2105 472 foro
2137 416 2457 490 Regulamt
2486 419 2546 474 in
2577 418 2942 492 Salargiis,et
2971 435 3076 492 pro
3102 416 3287 475 feedis
3318 418 3633 474 domorum

213 497 276 555 in
307 499 506 573 vigilia
533 500 755 556 Natalis
781 502 1036 558 Domini.

289 590 432 645 Item
469 606 674 645 omnes
703 590 901 646 hailivi
933 593 1117 647 nostri
1148 596 1206 647 et
1246 593 1384 648 foris
1417 594 1629 648 debent
1659 609 1866 664 procu-

217 677 500 734 rationem
531 678 710 751 priori
744 679 922 737 semel
953 681 1012 734 in
1045 697 1197 736 anno
1248 686 1456 753 praeter
1497 681 1767 737 homines
1799 681 1868 735 de

217 765 375 822 Pins.

289 856 432 911 Item
464 873 669 914 omnes
697 857 895 913 villani
926 859 998 914 de
1029 859 1244 916 bailliis
1275 860 1491 916 nostris
1513 860 1725 915 debent
1743 875 1871 931 pro-

221 945 583 1001 curationem
615 946 794 1018 priori
827 947 1004 1004 semel
1027 949 1084 1003 in
1119 965 1293 1004 anno.

291 1033 508 1090 Boneta
533 1035 605 1090 de
635 1035 851 1092 Bordes
883 1043 939 1093 et
968 1055 1336 1094 successores
1358 1039 1448 1094 sui
1479 1039 1694 1093 debent
1723 1037 1874 1109 prio-

217 1121 262 1176 ri
295 1124 764 1194 procurationem
797 1128 950 1198 apud
984 1128 1368 1200 Burdegalam
1394 1145 1528 1183 cum
1559 1128 1652 1182 his
1684 1125 1870 1182 omni-

217 1210 329 1267 bus
361 1229 508 1284 quos
539 1229 739 1270 secum
773 1215 1042 1286 habebit;
1077 1221 1134 1272 et
1156 1233 1339 1290 equos
1370 1217 1641 1273 similiter
1665 1233 1870 1288 procu-

217 1299 392 1367 rabit,
417 1304 476 1356 et
503 1301 612 1357 hoc
645 1302 826 1359 semel
858 1304 915 1360 in
950 1323 1123 1360 anno.

291 1387 505 1445 Milites
535 1390 607 1446 de
636 1391 852 1448 Bordes
884 1392 1120 1449 solvunt
1149 1395 1616 1466 procurationem
1641 1393 1873 1466 plenam

220 1477 401 1550 priori
427 1481 485 1534 et
514 1479 689 1535 sociis
721 1482 868 1546 suis,
889 1487 946 1537 et
975 1483 1252 1540 omnibus
1282 1501 1430 1556 quos
1461 1501 1657 1539 secum
1691 1484 1873 1538 addu-

219 1570 346 1634 cet;
387 1570 445 1623 et
492 1570 969 1640 supervenientes
1015 1572 1290 1628 similiter
1341 1573 1741 1645 procurabunt
1772 1589 1785 1626 :
1821 1577 1878 1627 et

221 1654 437 1711 debent
465 1658 836 1714 commodare
869 1659 1043 1730 priori
1075 1677 1260 1716 unum
1293 1678 1535 1733 equum,
1569 1678 1703 1717 cum
1748 1665 1878 1716 stu-

221 1743 416 1800 riones
445 1744 518 1800 ad
551 1750 822 1801 sanctum
854 1748 1230 1805 Benedictum
1263 1750 1508 1805 miserit.
1544 1751 1705 1814 Quod
1737 1750 1788 1806 si
1818 1750 1876 1804 in

219 1831 314 1889 via
343 1849 532 1905 equus
559 1834 897 1904 decesserit,
929 1837 1090 1910 prior
1123 1837 1258 1910 equi
1290 1838 1544 1910 pretium
1577 1839 1661 1895 eis
1711 1839 1878 1895 resti-

220 1924 368 1978 tuet.

293 2011 376 2066 De
396 2012 535 2084 jure
564 2013 777 2085 prioris
807 2019 897 2072 est
925 2021 982 2071 et
1009 2017 1278 2073 Ecclesia
1309 2019 1380 2073 de
1398 2015 1876 2089 Regula,utlites,

223 2097 566 2170 discordias,
599 2118 809 2160 causas
840 2108 898 2160 et
917 2105 1145 2176 judicia
1192 2123 1296 2178 per
1326 2107 1554 2176 iudices
1603 2122 1752 2176 quos
1784 2121 1878 2160 vo-

222 2186 417 2255 luerit,
452 2193 511 2245 et
541 2191 932 2263 undecunque
961 2193 1211 2250 voluerit
1249 2194 1410 2249 intus
1456 2194 1545 2250 vel
1577 2198 1740 2248 extra
1769 2197 1882 2248 ter-

225 2275 450 2332 minet:
485 2277 534 2333 si
565 2279 664 2350 qui
713 2296 848 2336 vero
895 2282 1248 2338 adventitius
1294 2282 1381 2338 vel
1433 2282 1720 2338 naturalis
1751 2283 1880 2338 sine

225 2363 453 2421 haerede
507 2365 769 2440 legitimo
829 2370 1164 2439 decesserit,
1216 2389 1309 2428 res
1365 2373 1513 2443 ejus,
1550 2371 1598 2427 si
1649 2369 1881 2426 solutus

225 2451 402 2510 fuerit
430 2455 502 2511 ad
534 2457 787 2529 priorem
819 2459 1150 2531 pertinent;
1182 2461 1232 2516 si
1261 2461 1631 2533 conjugatus,
1663 2459 1878 2515 medie-

225 2544 338 2599 tas.

298 2632 577 2692 Homines
606 2636 677 2692 de
722 2638 969 2695 Lavizon
1015 2639 1352 2696 Willelmus
1400 2641 1628 2708 Textor,
1673 2640 1881 2695 Petrus

226 2719 412 2793 Ogau,
442 2723 788 2782 Willermus
818 2725 1055 2786 Garsias
1082 2733 1140 2787 et
1180 2727 1390 2804 Vitalis
1417 2729 1638 2785 Juliani
1670 2729 1883 2784 debent

227 2815 460 2882 portare
491 2814 745 2886 priorem
776 2834 879 2889 per
913 2835 1075 2874 mare
1104 2836 1238 2875 cum
1270 2818 1446 2875 sociis
1477 2818 1602 2874 suis
1634 2818 1878 2873 ubicun-

229 2914 344 2970 que
371 2898 640 2970 voluerit,
673 2908 731 2960 et
769 2907 1046 2963 reducere
1094 2907 1385 2973 similiter,
1419 2911 1476 2963 et
1523 2907 1737 2961 debent
1782 2905 1880 2960 de-

229 2986 379 3043 ferre
409 2987 682 3048 similiter
705 2992 968 3050 bladium
1001 3013 1106 3068 per
1148 3011 1308 3050 mare
1337 3010 1687 3066 quacunque
1718 2998 1882 3066 parte

230 3075 441 3132 domus
480 3083 681 3135 nostra
728 3079 1020 3151 habuerit,
1073 3087 1132 3138 et
1185 3088 1351 3139 nocte
1409 3099 1527 3154 qua
1579 3082 1879 3148 redierint,

229 3163 533 3222 habebunt
588 3168 659 3223 de
717 3167 950 3227 cellario
1006 3175 1329 3242 portatores
1377 3171 1474 3226 isti
1545 3187 1758 3243 panem
1825 3161 1953 3228 etC

229 3251 456 3311 vinum.

303 3341 652 3417 Praepositus
683 3348 754 3403 de
783 3347 1092 3422 Lobanaeg
1105 3349 1278 3406 debet
1306 3365 1617 3422 procurare
1629 3348 1881 3422 priorem

231 3433 289 3486 et
315 3433 514 3490 socius
545 3452 684 3492 suos
705 3437 885 3493 semel
918 3438 977 3493 in
1008 3455 1160 3495 anno
1181 3455 1193 3493 :
1218 3443 1276 3496 et
1305 3438 1719 3511 omnesilliqui
1744 3441 1885 3493 sunt

231 3519 303 3575 de
334 3523 716 3595 praepositum
745 3524 873 3583 illa:
907 3527 1085 3584 aliam
1116 3533 1347 3584 tantum
1379 3529 1591 3585 debent
1614 3543 1886 3601 procura-

231 3609 452 3667 tionem
481 3614 660 3685 priori
691 3619 749 3670 et
780 3616 954 3673 sociis
986 3617 1111 3674 suis
1142 3618 1322 3675 semel
1363 3619 1424 3674 in
1453 3635 1625 3687 anno,
1662 3633 1882 3689 praepo-

231 3698 383 3756 situs
412 3706 627 3757 sanctas
663 3704 985 3762 Aurelianaa
1013 3723 1146 3762 cum
1178 3708 1559 3781 participibus
1605 3707 1751 3777 suis,
1784 3705 1882 3761 de-

231 3789 372 3845 bent
399 3792 868 3863 procurationem
891 3796 1068 3868 priori
1099 3798 1282 3854 semel
1313 3799 1371 3853 in
1405 3797 1720 3867 anno,etin
1752 3812 1881 3850 mu-

232 3879 450 3936 tatione
479 3883 768 3954 cujusque
807 3884 1020 3955 prioris
1053 3887 1119 3941 14
1148 3885 1367 3943 solidos
1421 3885 1882 3959 Burdegalenses

234 3969 470 4026 nomine
501 3970 795 4043 sportulae,
823 3976 880 4029 et
907 3973 1240 4045 Aiquilinus
1273 3975 1344 4031 de
1374 3975 1552 4031 Fonte
1581 3991 1682 4031 sex
1712 3974 1886 4030 dena-

233 4056 352 4114 rios
382 4059 676 4131 sportula.

302 4149 602 4206 Amaneus
634 4150 704 4207 de
736 4150 1001 4226 Lobengs
1031 4156 1088 4208 et
1119 4153 1210 4209 sui
1237 4153 1452 4210 debent
1483 4153 1668 4209 facere
1699 4152 1885 4208 homi-

233 4235 400 4294 nium
431 4238 608 4311 priori
637 4256 743 4312 pro
776 4244 935 4298 mota
971 4258 1080 4298 sua
1124 4245 1182 4298 et
1227 4259 1331 4314 pro
1371 4242 1536 4298 feodo
1568 4241 1799 4314 Regulae
1829 4246 1887 4298 et

234 4341 339 4398 pro
362 4327 598 4399 justitia
623 4328 732 4385 fori
761 4333 820 4386 et
847 4347 953 4403 pro
984 4330 1079 4387 his
1108 4346 1236 4402 quas
1266 4333 1423 4386 tenet
1450 4331 1522 4386 ab
1555 4346 1621 4386 eo
1656 4330 1810 4386 intra
1829 4334 1886 4385 et

233 4419 397 4472 extra
428 4434 441 4472 :
475 4421 533 4473 et
560 4421 838 4490 praeterea
867 4436 970 4493 pro
995 4419 1089 4475 his
1119 4418 1396 4475 omnibus
1424 4418 1648 4474 faciunt
1677 4418 1886 4475 solem-

237 4520 372 4561 nem
401 4504 463 4560 in
494 4506 589 4562 die
614 4506 851 4564 Pascha:
882 4508 988 4564 toti
1019 4508 1330 4565 conventui
1360 4509 1432 4564 de
1462 4506 1702 4580 Regula.

307 4593 452 4650 Item
481 4594 774 4653 Arnaldus
805 4597 1087 4655 Bernardi
1120 4597 1192 4653 de
1239 4595 1568 4670 Taurignac
1612 4597 1750 4652 facit
1783 4597 1884 4653 ho-

237 4682 490 4738 minium
523 4684 703 4756 priori
741 4701 845 4758 pro
895 4685 1159 4742 devalata
1191 4685 1421 4759 pedagii
1453 4685 1645 4742 Mariae
1677 4687 1748 4742 de
1780 4686 1886 4742 Ge-

237 4772 427 4828 runda
473 4776 532 4828 et
577 4778 857 4845 praeterea
901 4791 1005 4846 pro
1063 4775 1484 4831 communitate
1531 4776 1713 4832 casati
1754 4791 1889 4830 cum

237 4861 626 4935 participibus
648 4863 774 4919 suis
805 4863 1110 4920 annuatim
1139 4863 1200 4919 in
1231 4862 1466 4920 vincula
1495 4865 1711 4920 B.Petri
1741 4865 1777 4920 5
1797 4880 1889 4920 so-

235 4948 388 5006 lidos
416 4949 900 5024 Burdegalenses.

308 5037 453 5094 Item
483 5038 678 5096 Helias
707 5041 778 5096 de
807 5040 1008 5098 Barela
1034 5041 1206 5098 debet
1235 5041 1458 5098 solvere
1487 5042 1795 5098 conventui
1821 5042 1892 5098 de

238 5126 462 5200 Regula
518 5130 824 5185 annuatim
869 5131 941 5185 24
987 5147 1171 5202 panes
1219 5135 1277 5186 et
1327 5132 1394 5186 12
1452 5131 1788 5204 lampredas
1836 5136 1893 5188 et

238 5233 419 5272 unam
449 5221 783 5274 saumatam
810 5219 930 5274 vini
963 5219 1022 5274 in
1053 5219 1235 5276 ramis
1265 5219 1623 5276 Palmarum.

312 5305 454 5361 Item
487 5307 764 5364 dominus
793 5309 863 5364 de
895 5306 1070 5364 Culed
1103 5309 1360 5366 Maviron
1393 5310 1564 5366 debet
1579 5311 1767 5367 facere
1797 5311 1896 5368 ho-

241 5394 491 5451 minium
523 5395 701 5469 priori
739 5414 842 5470 pro
891 5398 1058 5454 feodo
1107 5415 1280 5470 quem
1330 5404 1487 5455 tenet
1534 5401 1595 5454 in
1643 5399 1782 5456 villa
1825 5401 1895 5457 de

242 5483 483 5558 Regula.
510 5485 796 5544 Dominus
845 5489 916 5544 de
965 5489 1256 5544 Landerro
1309 5491 1366 5544 et
1395 5493 1608 5545 sanctae
1636 5488 1895 5546 Basilica:

243 5574 414 5632 debet
442 5575 630 5634 facere
660 5577 988 5634 hominium
1021 5577 1200 5651 priori
1230 5596 1333 5651 pro
1364 5577 1457 5634 his
1489 5595 1616 5650 quae
1650 5582 1807 5634 tenet
1836 5580 1897 5635 in

1909 1792 1956 1857 B

1977 522 2105 577 quae
2141 512 2282 562 sunt
2334 508 2394 563 in
2427 510 2631 565 eadem
2660 508 2800 564 villa
2830 513 2888 565 et
2918 525 3021 581 pro
3052 509 3146 564 his
3195 507 3476 564 omnibus
3507 523 3634 580 quas

1977 599 2134 651 tenet
2165 613 2198 651 a
2225 596 2346 652 rivo
2378 603 2478 669 qui
2513 597 2729 653 dicitur
2756 598 3070 654 Merdanus
3117 613 3307 668 usque
3336 597 3408 652 ad
3443 596 3635 668 Regu-

1977 681 2117 739 lam.

2053 775 2194 830 Item
2229 775 2488 832 Donatus
2528 777 2742 833 Garsize
2782 777 2871 832 vel
2902 776 3122 831 Berned
3151 779 3210 831 et
3240 775 3368 846 ejus
3401 791 3636 830 succes-

1980 878 2142 919 sores
2172 865 2385 920 debent
2417 866 2691 921 assistere
2736 866 2912 938 priori
2946 865 3005 920 in
3031 864 3274 937 judiciis
3321 881 3424 937 pro
3470 864 3636 918 feodo

1981 967 2155 1022 quem
2190 958 2344 1009 tenet
2373 954 2524 1010 infra
2555 954 2859 1026 Regulam.
3618 958 3626 964 â€™

2053 1042 2196 1097 Item
2229 1042 2498 1099 homines
2527 1044 2597 1100 de
2625 1045 2951 1117 Taurignac
2981 1047 3036 1099 et
3055 1042 3321 1098 homines
3343 1043 3414 1098 de
3435 1045 3638 1098 sancto

1984 1129 2283 1198 Michaele,
2314 1137 2370 1188 et
2418 1134 2490 1188 de
2523 1135 2800 1190 Guarzac.
2834 1134 2884 1188 si
2936 1134 3081 1189 forte
3131 1131 3291 1204 prior
3339 1131 3639 1204 propriam

1983 1235 2255 1291 guerram
2289 1221 2580 1289 habuerit,
2613 1223 2826 1278 debent
2855 1223 3050 1278 venire
3083 1222 3142 1276 in
3193 1221 3322 1291 ejus
3353 1219 3637 1276 auxilium

1984 1326 2087 1381 pro
2121 1310 2305 1366 feodis
2333 1329 2459 1384 quae
2485 1317 2686 1368 tenent
2717 1312 2872 1368 intra
2898 1311 3119 1367 villam.

2057 1399 2199 1455 Item
2231 1400 2277 1455 si
2310 1400 2468 1472 prior
2498 1402 2802 1474 proprium
2834 1400 3053 1456 bellum
3086 1399 3360 1455 habuerit
3408 1415 3512 1472 pro
3544 1414 3644 1454 ex-

1986 1487 2375 1546 haeredatione
2406 1491 2974 1558 terrae,medietatem
3007 1504 3396 1561 expensarum
3429 1486 3646 1543 facient

1986 1577 2328 1650 burgenses,
2361 1579 2534 1635 aliam
2569 1580 2943 1635 medietatem
2976 1579 3156 1651 prior.
3190 1578 3300 1632 Pro
3348 1574 3452 1632 tali
3493 1573 3644 1631 bello

1985 1670 2260 1722 tenentur
2290 1684 2351 1723 se
2382 1671 2730 1739 praesentare
2757 1667 3032 1724 dominus
3054 1666 3335 1722 Gerundee
3366 1668 3424 1720 et
3455 1662 3645 1719 domi-

1987 1773 2100 1811 nus
2132 1757 2202 1812 de
2235 1757 2563 1830 Taurignac
2593 1761 2649 1813 et
2678 1757 2954 1813 dominus
2987 1755 3078 1811 del
3103 1755 3346 1812 Berned.
3461 1752 3474 1763 â€™

2060 1845 2201 1901 Item
2235 1846 2284 1902 si
2332 1846 2546 1919 aliquis
2590 1847 2762 1902 miles
2809 1845 3163 1901 feodetarius
3192 1842 3405 1916 prioris
3433 1847 3638 1898 contra

1988 1932 2260 2005 priorem,
2294 1936 2447 2006 quod
2480 1935 2652 2003 absit,
2683 1935 2742 1989 in
2770 1932 2966 2004 aliquo
2996 1929 3329 2004 deliquerit,
3363 1945 3466 2001 per
3494 1945 3648 1983 nun-

1987 2023 2137 2078 tium
2169 2040 2345 2078 suum
2377 2023 2570 2095 ipsum
2606 2023 2662 2078 in
2687 2025 2790 2094 jus
2818 2020 3134 2087 vocabit,et
3160 2019 3220 2074 in
3239 2035 3417 2074 manu
3436 2016 3648 2090 prioris

1989 2113 2059 2168 de
2085 2111 2358 2183 querelis,
2395 2113 2549 2184 quod
2589 2114 2822 2184 justum
2856 2109 3051 2177 fuerit,
3085 2111 3454 2179 exsequetur.
3484 2105 3648 2172 Quod

1988 2201 2037 2256 si
2071 2201 2128 2255 in
2159 2203 2289 2272 ejus
2320 2218 2561 2257 manum
2576 2203 2678 2273 jus
2709 2217 2912 2273 parere
2935 2195 3456 2263 noluerit,tâ€˜eodum
3488 2193 3649 2268 prior

1989 2291 2314 2362 occupabit.

2059 2380 2360 2435 Statutum
2391 2383 2481 2436 est
2511 2383 2789 2451 praeterea
2807 2378 2962 2450 quod
2982 2377 3030 2432 si
3053 2376 3294 2431 Judaeus
3321 2371 3643 2429 transitum

1989 2469 2189 2525 fecerit
2216 2486 2318 2542 per
2345 2468 2567 2536 villam,
2599 2470 2632 2522 4
2680 2466 2950 2524 denarios
2999 2465 3185 2522 solvat
3227 2461 3531 2534 clavigero.
3561 2460 3647 2515 De

1989 2573 2139 2630 equo
2171 2558 2523 2631 Hispaniani
2543 2557 2844 2625 denarios;
2868 2556 2940 2612 de
2969 2559 3157 2610 tracta
3174 2553 3344 2626 (foret
3367 2554 3432 2605 ut
3444 2552 3649 2622 postea

1989 2649 2183 2719 carga)
2214 2647 2505 2702 coriorum
2534 2647 2732 2714 boum,
2773 2645 2967 2701 ovium
2997 2643 3085 2700 vel
3117 2655 3450 2715 caprarum,
3484 2639 3518 2693 4
3547 2637 3649 2693 de-

1990 2736 2295 2792 narios.De
2326 2753 2441 2792 uno
2473 2735 2626 2792 corio
2658 2751 2844 2791 unum
2875 2731 3288 2789 denariumzde
3319 2745 3495 2801 carga
3526 2730 3648 2783 sta-

1989 2823 2089 2895 gni
2119 2822 2206 2879 vel
2240 2823 2482 2892 metalli,
2514 2826 2548 2879 4
2591 2823 2883 2880 denarios.
2932 2821 3276 2892 Quicunque
3321 2814 3652 2873 vendiderit

1989 2928 2210 2984 equum
2242 2913 2302 2968 in
2335 2913 2457 2969 foro
2489 2912 2737 2985 qualuor
2764 2911 3055 2966 denarios:
3079 2913 3388 2964 extraneus
3404 2903 3644 2976 ubique.

1990 3001 2389 3057 Constitutum
2416 3006 2505 3057 est
2533 3005 2810 3074 praeterea
2839 3004 2896 3054 et
2915 2997 3300 3070 jurejurando
3346 2996 3649 3050 ï¬rmatum

1991 3091 2147 3161 quod
2178 3106 2367 3163 neque
2399 3091 2579 3162 prior,
2611 3105 2801 3160 neque
2830 3087 3079 3158 claviger
3125 3085 3382 3156 aliquem
3412 3081 3501 3138 vel
3534 3080 3652 3137 ali-

1993 3195 2168 3250 quam
2200 3182 2596 3251 supercurrat,
2626 3179 2768 3232 dum
2798 3176 2898 3232 ille
2949 3173 3040 3230 vel
3090 3172 3189 3228 illa
3233 3171 3650 3242 ï¬dejussorem

1993 3267 2172 3340 priori
2203 3271 2436 3340 gratum
2468 3267 2605 3323 dare
2632 3265 2860 3339 poterit.

2064 3357 2205 3412 Item
2238 3372 2411 3412 nemo
2444 3354 3000 3424 cultellum,ensem,
3022 3352 3307 3418 lanceam,
3328 3346 3650 3420 spiculum,

1993 3445 2267 3514 securim,
2299 3445 2628 3518 besogium,
2661 3460 2852 3515 neque
2877 3442 3144 3516 gtadium
3177 3439 3236 3494 in
3274 3437 3650 3493 contentione

1990 3533 2234 3591 trahat:
2290 3535 2444 3606 quod
2507 3534 2556 3589 si
2603 3532 2847 3589 traxerit
2904 3535 2960 3586 et
3016 3547 3132 3585 non
3182 3525 3539 3600 percusserit
3595 3527 3654 3580 et

1991 3623 2240 3681 traxisse
2284 3623 2586 3680 convictus
2637 3621 2830 3686 fuerit,
2884 3637 2983 3676 sex
3030 3617 3250 3675 solidos
3301 3615 3479 3689 priori
3524 3611 3654 3669 sine

1992 3712 2428 3769 intermissione
2458 3711 2640 3768 dabit.
2675 3710 2735 3767 Si
2764 3726 2898 3766 vero
2928 3706 3284 3781 percusserit
3315 3707 3373 3760 et
3401 3701 3652 3774 sangui-

1995 3819 2128 3858 nem
2162 3801 2450 3867 effuderit,
2479 3801 2551 3855 66
2581 3799 2798 3856 solidos
2845 3797 3120 3854 similiter
3149 3793 3313 3850 dabit
3364 3789 3563 3866 priori,
3597 3794 3657 3846 et

1995 3893 2277 3947 damnum
2310 3907 2585 3962 percusso
2617 3905 2686 3944 ex
2715 3888 2940 3960 integro
2971 3884 3262 3941 restituet.
3284 3884 3400 3938 Aut
3462 3879 3513 3936 si
3544 3878 3656 3934 hoc

1992 3985 2182 4037 totum
2214 3981 2402 4036 facere
2429 3997 2547 4036 non
2579 3977 2813 4050 poterit,
2855 3992 2972 4031 uno
3002 3973 3270 4030 membro
3301 3967 3652 4026 curtabitur.

1993 4071 2054 4128 Si
2086 4086 2401 4144 percussus
2439 4072 2710 4125 mortuus
2741 4065 2935 4130 fuerit,
2968 4063 3066 4119 ille
3099 4061 3199 4135 qui
3242 4057 3535 4133 percussit
3562 4071 3657 4112 ex-

1993 4158 2403 4225 hzeredabitur,
2436 4161 2493 4213 et
2521 4155 2832 4212 haereditas
2862 4156 2985 4210 tota
3031 4155 3090 4208 et
3140 4147 3440 4223 possessio
3470 4145 3660 4219 perti-

1995 4248 2156 4304 nebit
2187 4248 2260 4303 ad
2291 4246 2565 4320 priorem.

2065 4338 2210 4393 Item
2232 4353 2402 4392 nemo
2434 4339 2596 4390 extra
2617 4332 2819 4389 villam
2849 4331 2938 4388 vel
2969 4331 3122 4386 infra
3161 4327 3420 4401 aliquem
3450 4340 3657 4398 capere

1995 4429 2313 4500 praesumat
2343 4424 2468 4480 sine
2481 4439 2728 4480 assensu
2759 4421 2982 4478 domini
3015 4418 3229 4492 prioris
3247 4415 3336 4472 vel
3349 4413 3660 4486 Clavigeri,

1915 4535 1963 4600 D
1995 4517 2095 4572 sed
2128 4514 2177 4571 si
2205 4531 2343 4570 casu
2376 4510 2870 4584 oontigerit,quod
2893 4512 3026 4564 ante
3051 4503 3424 4600 praesentiam
3445 4501 3661 4600 prioris

1996 4603 2083 4661 vel
2117 4601 2388 4675 clavigeri
2417 4617 2552 4657 cum
2584 4603 2752 4672 capto
2780 4615 2842 4655 se
2863 4594 3251 4671 praesentet,si
3282 4598 3481 4648 tamen
3509 4593 3661 4647 tem-

2001 4710 2112 4766 pus
2133 4691 2310 4747 fuerit
2336 4693 2755 4763 Opportunum.
2789 4685 2951 4753 Quod
3001 4685 3052 4740 si
3083 4685 3140 4740 id
3175 4684 3364 4739 facere
3393 4677 3663 4752 neglexe-

2000 4783 2096 4850 rit,
2126 4783 2162 4836 6
2191 4779 2412 4836 solidos
2445 4777 2609 4834 dabit
2634 4775 2833 4849 priori.
2868 4778 3015 4830 Item
3047 4773 3098 4828 si
3147 4768 3457 4843 contigerit
3502 4766 3663 4839 quod

2001 4870 2216 4942 aliquis
2249 4867 2508 4940 aliquem
2539 4869 2673 4921 ante
2700 4863 3073 4938 prmsentiam
3096 4859 3330 4918 Domini
3361 4872 3669 4931 percusse-

2000 4961 2096 5028 rit,
2132 4959 2354 5030 absque
2387 4955 2563 5012 dubio
2597 4955 2883 5010 damnum
2915 4951 3187 5008 restituet
3223 4951 3282 5006 et
3334 4945 3514 5021 priori
3563 4961 3668 5001 sa-

2000 5048 2274 5106 tisfaciet.

2074 5139 2216 5194 Item
2248 5137 2318 5192 de
2352 5133 2647 5190 mensuris
2677 5133 3084 5204 cujuscunque
3127 5128 3288 5185 modi
3332 5126 3471 5197 sint,
3497 5128 3565 5181 ut
3595 5125 3668 5180 de

2003 5224 2262 5292 conchis,
2298 5223 2368 5278 de
2396 5221 2599 5294 virgis,
2627 5220 2698 5276 de
2719 5219 3032 5286 cubitis,de
3065 5217 3228 5274 canis
3249 5214 3466 5288 quibus
3484 5211 3668 5286 panni

2001 5315 2356 5378 venduntur,
2388 5314 2445 5367 et
2475 5310 2546 5366 de
2575 5308 2743 5365 libris
2772 5312 2830 5364 et
2853 5308 2923 5364 de
2955 5307 3196 5364 rasoriis
3227 5305 3445 5378 quibus
3496 5305 3584 5358 sal
3611 5304 3672 5357 et

2006 5405 2229 5475 segetes
2261 5401 2568 5466 raduntur,
2602 5397 2848 5452 firmiter
2894 5396 3006 5451 fuit
3047 5394 3436 5451 constitutum
3470 5389 3674 5446 omnia

2007 5509 2135 5548 esse
2166 5489 2414 5563 aqualia
2443 5492 2499 5544 et
2522 5488 2707 5559 justa.
2737 5486 2900 5550 Quod
2947 5485 2994 5542 si
3048 5501 3226 5557 penes
3275 5482 3532 5553 aliquem
3571 5477 3676 5534 ali-

2009 5582 2165 5653 quod
2215 5581 2466 5637 istorum
2515 5575 2733 5633 falsum
2789 5575 3094 5632 inventum
3144 5572 3343 5643 fuerit,
3374 5571 3410 5626 6
3449 5567 3673 5626 solidos
