3910 6374
236 354 396 418 1309

1285 353 1733 416 ADALBERTI
1790 354 2137 418 METENS.
2183 354 2625 419 PROLOGUS.

3515 356 3674 421 131³0

232 489 417 565 priori
448 486 651 546 solvet.
684 487 847 552 Quod
872 487 921 544 si
940 485 1156 560 aliquis
1178 487 1582 544 reclamaverit
1602 492 1658 544 et
1685 489 1896 562 proba-
1929 489 1984 556 Α
2012 489 2125 545 sibi
2159 489 2409 562 injurias
2439 489 2716 564 irrogare,
2765 493 2822 547 et
2871 489 3020 547 nolit
3056 488 3229 562 juxta
3273 493 3495 548 statuta
3524 491 3671 548 villae

234 579 383 638 verit
413 595 475 635 se
503 579 564 633 in
595 576 940 649 hujusmodi
986 576 1287 632 mensuris
1342 578 1524 634 fuisse
1568 579 1900 651 deceptum,

240 671 519 741 deceptor
547 667 832 723 damnum
867 667 1136 723 restituet
1191 671 1248 722 et
1298 667 1478 739 priori
1537 685 1640 724 sex
1684 667 1904 725 solidos

242 757 450 815 solvet.

311 846 592 902 Similiter
620 847 692 901 de
721 845 909 900 hortis
937 845 997 900 in
1028 844 1166 901 villa
1197 846 1536 903 constitutis
1568 851 1625 902 et
1653 844 1907 904 circum-

233 936 592 1009 jacentibus,
624 939 682 990 et
711 935 781 990 de
811 935 999 992 vineis
1022 938 1308 989 statutum
1333 940 1422 990 est
1443 939 1496 990 et
1518 937 1906 1007 jurejurando

241 1026 540 1080 ﬁrmatum
574 1025 730 1097 quod
766 1041 937 1079 nemo
961 1024 1173 1078 audeat
1195 1025 1255 1078 in
1288 1024 1522 1079 hortum
1555 1024 1644 1081 vel
1676 1025 1905 1080 vineam

240 1113 486 1171 alterius
516 1114 755 1181 intrare,
788 1130 895 1168 nec
962 1112 1184 1184 aliquid
1245 1130 1468 1185 rapere,
1503 1131 1696 1187 neque
1727 1114 1903 1185 olera,

241 1219 432 1276 neque
462 1206 718 1275 portum,
754 1219 944 1274 neque
976 1202 1204 1258 fructus
1230 1202 1280 1258 si
1312 1203 1531 1258 fuerint
1562 1203 1696 1260 sibi.

313 1291 597 1349 Similiter
620 1293 691 1349 de
721 1291 907 1348 vineis
936 1308 1126 1364 neque
1169 1297 1490 1365 agrestam,
1525 1310 1716 1366 neque
1746 1311 1906 1350 race-

245 1399 396 1451 mos,
424 1399 613 1454 neque
643 1381 924 1454 paxellos,
957 1398 1148 1454 neque
1199 1381 1420 1454 aliquid
1480 1399 1705 1438 earum.
1740 1384 1905 1449 Quod

245 1472 296 1528 si
319 1471 536 1544 aliquis
567 1471 769 1528 fecerit
811 1476 868 1527 et
917 1472 987 1526 de
1046 1471 1197 1526 facto
1255 1472 1672 1542 comprobatus
1705 1472 1900 1541 fuerit,

249 1561 536 1616 damnum
570 1560 857 1625 restituet,
890 1565 949 1616 et
981 1559 1160 1632 priori
1192 1577 1293 1615 sex
1322 1560 1540 1616 solidos
1571 1561 1840 1628 solvet,et
1858 1562 1907 1617 si

251 1648 391 1705 dare
419 1665 537 1704 non
570 1648 778 1721 possit,
811 1647 1134 1704 auriculam
1159 1649 1412 1720 perdet.-

324 1737 469 1792 Item
502 1740 790 1792 statutum
821 1741 909 1791 est
938 1753 1009 1792 ne
1035 1735 1252 1808 aliquis
1278 1735 1404 1791 sine
1422 1751 1671 1790 assensu
1692 1735 1908 1806 prioris

2004 578 2231 648 judicio
2263 579 2510 649 injurias
2524 580 3238 653 persequi,postprimam
3267 584 3324 636 et
3354 581 3670 636 secundam

2015 668 2473 725 admonitionem
2506 670 2720 742 prioris
2749 687 2853 743 per
2884 685 2945 726 se
2975 669 3065 725 vel
3111 687 3214 742 per
3261 687 3400 726 suos
3433 670 3669 737 factam,

2014 756 2110 812 ille
2141 757 2277 814 talis
2307 759 2582 814 omnibus
2615 757 2821 815 diebus
2849 759 2979 814 vitae
3003 775 3122 816 sua:
3151 776 3219 815 ex
3249 763 3390 815 tunc
3422 759 3585 815 exsul
3615 762 3674 815 et

2015 847 2299 921 profugus
2331 865 2447 903 non
2479 865 2820 904 reversurus
2838 849 3092 915 abeat,et
3113 849 3308 904 omnis
3327 849 3471 920 ejus
3492 848 3673 904 haere-

2015 935 2167 992 ditas
2200 936 2376 1009 priori
2408 937 2762 993 incurratur.

2004 1065 2006 1067 ›
2088 1029 2334 1080 Demum
2367 1031 2658 1081 statutum
2688 1031 2778 1082 est
2819 1028 2976 1099 quod
3027 1027 3364 1100 quicunque
3395 1019 3557 1082 intus
3582 1026 3671 1082 vel

2018 1117 2179 1169 extra
2209 1114 2465 1186 aliquem
2495 1115 2584 1170 vel
2625 1115 2884 1188 aliquam
2920 1116 3295 1185 interfecerit,
3337 1117 3464 1172 sine
3495 1115 3672 1172 mise-

2019 1201 2270 1258 ricordia
2302 1203 2639 1258 incurratur
2669 1205 2938 1259 Domino.

2090 1293 2170 1347 De
2200 1291 2464 1348 minimis
2495 1297 2690 1348 autem
2725 1292 3073 1365 querelis,ut
3097 1295 3186 1348 est
3207 1293 3276 1347 de
3299 1291 3676 1364 percussione

2019 1379 2141 1436 sive
2172 1380 2480 1453 sanguinis
2505 1381 2789 1436 effusione
2815 1382 2968 1437 facta
2989 1385 3045 1437 et
3066 1381 3136 1436 de
3165 1379 3347 1437 illatis
3376 1384 3678 1436 contume-

2018 1467 2134 1536 liis,
2164 1469 2236 1525 de
2277 1469 2504 1541 capillis
2555 1470 2745 1542 ruptis
2796 1475 2853 1525 et
2901 1471 2972 1525 de
3029 1468 3160 1525 aliis
3215 1468 3578 1541 hujusmodi,
3613 1472 3679 1524 ut

2019 1562 2367 1615 consuetum
2401 1564 2492 1614 est
2521 1563 2578 1615 et
2608 1563 2894 1615 statutum
2925 1563 3217 1616 teneatur.

2093 1648 2236 1703 Item
2269 1648 2319 1704 si
2361 1649 2496 1720 quis
2532 1648 2820 1724 virginem
2875 1647 3202 1720 corruperit
3225 1646 3319 1702 vi:
3353 1647 3404 1702 si
3463 1646 3679 1703 mulier

2019 1735 2197 1792 fuerit
2220 1735 2389 1792 vilior
2417 1737 2676 1805 eo,dabit
2696 1737 2746 1793 ei
2771 1737 3048 1793 maritum
3072 1735 3318 1792 consilio
3351 1735 3677 1792 amicorum

251 1825 315 1883 in
346 1826 718 1897 expeditione
741 1829 851 1893 eat,
873 1842 977 1881 nec
1009 1841 1196 1897 prece,
1231 1841 1336 1880 nec
1359 1825 1542 1896 pretio
1573 1823 1906 1896 aliquorum
1947 1853 1994 1919 Β
2022 1841 2286 1893 suorum,
2317 1825 2402 1881 vel
2435 1825 2680 1897 accipiet
2704 1843 2833 1882 eam
2867 1825 2928 1880 in
2970 1842 3234 1882 uxorem.
3271 1824 3433 1891 Quod
3466 1823 3516 1880 si
3545 1841 3677 1880 mu-

250 1915 470 1970 duclus
492 1913 801 1971 castellum
832 1915 1191 1986 ingrediatur
1223 1915 1295 1969 ad
1333 1914 1789 1982 defendendum,
1821 1913 1909 1969 vel
1948 1912 1988 1919 “
2019 1912 2128 1969 lier
2157 1914 2331 1970 fuerit
2360 1914 2632 1982 nobilior,
2666 1916 2739 1970 ad
2771 1914 3080 1971 arbitrium
3128 1913 3342 1987 prioris
3373 1917 3431 1969 et
3459 1912 3677 1969 amico-

249 2003 412 2059 foras
438 2003 511 2058 ad
541 2003 1015 2075 expugnandum.
1050 2003 1212 2067 Quod
1244 2003 1294 2058 si
1349 2002 1549 2058 fecerit
1605 2006 1661 2057 et
1690 2001 1908 2058 vnlnus
2021 2019 2153 2057 rum
2203 2001 2488 2068 mulieris,
2552 2003 2784 2060 mulieri
2839 2001 3160 2061 satisfaciet
3214 2006 3272 2058 et
3327 2003 3400 2057 66
3454 2001 3675 2058 solidos

250 2089 541 2159 intulerit,
563 2092 636 2146 66
664 2091 884 2147 solidos
911 2091 1088 2163 priori
1114 2091 1296 2159 dabit,
1329 2096 1388 2147 et
1417 2107 1697 2164 percusso
1744 2092 1910 2147 dam-
2020 2091 2198 2163 priori
2231 2091 2433 2147 solvet.

251 2196 399 2236 num
428 2179 720 2236 restituet.
753 2180 811 2236 Si
860 2181 1136 2237 occiderit
1191 2181 1510 2248 hominem,
1545 2181 1745 2236 omnia
1773 2198 1910 2236 con-
2092 2181 2231 2235 Item
2257 2181 2306 2236 si
2337 2179 2552 2252 aliquis
2585 2179 2910 2250 quamlibet
2937 2180 3113 2236 aliam
3136 2184 3444 2254 stupratus
3476 2179 3671 2248 fuerit,

254 2269 541 2325 ﬁscantur
571 2269 771 2342 priori.
805 2270 865 2325 Si
913 2271 1048 2343 quis
1109 2274 1304 2326 autem
1362 2270 1650 2342 superbiae
1685 2270 1911 2325 facibus
2020 2269 2055 2323 6
2082 2267 2300 2324 solidos
2327 2269 2491 2324 dabit
2514 2268 2693 2340 priori
2724 2274 2782 2324 et
2811 2269 3043 2324 mulieri
3075 2269 3416 2326 satisfaciet.
3448 2269 3508 2325 Si
3541 2268 3679 2341 quis

255 2374 536 2414 accensus
568 2358 931 2431 negligenter
961 2361 1032 2415 de
1088 2359 1228 2414 villa
1281 2358 1488 2414 exierit
1526 2359 1812 2431 profugus
1845 2375 1914 2414 ea
2023 2358 2397 2430 conjugatam
2431 2357 2690 2430 rapuerit
2719 2362 2775 2413 et
2824 2375 2958 2413 cum
3002 2375 3072 2414 ea
3101 2358 3338 2431 fugerit,
3372 2361 3438 2413 ut
3466 2358 3537 2414 de
3568 2357 3672 2414 ho-

247 2445 576 2516 occasione,
609 2448 766 2520 quod
797 2447 938 2504 dicit
966 2449 1290 2521 burgenses
1319 2447 1409 2504 vel
1438 2448 1635 2520 ipsum
1659 2448 1912 2520 priorem
2027 2445 2264 2502 micidio
2295 2445 2762 2502 stabilimentum
2789 2447 2934 2502 villae
2967 2451 3246 2504 servetur.

255 2603 3662 2646 Μ

1571 2738 1723 2778 ANNO
1761 2737 1966 2778 DOMINI
2006 2738 2365 2778 DCCCCLXXIX.

1149 2823 2804 3050 ADALBERTUS

1503 3144 1857 3200 METENSIS
1895 3142 2440 3201 SCHOLASTICUS.

870 3439 1337 3526 NOTITIA
1398 3441 2020 3528 HISTORICA
2081 3441 2195 3525 IN
2254 3437 3058 3525 ADALBERTUM.

1419 3617 1667 3687 (Fabric.
1700 3618 1961 3674 Biblioth.
1993 3633 2130 3673 mer.
2164 3619 2217 3672 et
2246 3614 2355 3690 inf.
2392 3613 2518 3686 lat.)

319 3879 695 3966 Adalbertus,
728 3881 1078 3966 levita,_sive
1109 3884 1434 3966 monachus
1461 3889 1519 3940 et
1547 3885 1842 3966 sacerdos,
1873 3884 2113 3966 scripsit
2156 3884 2338 3966 [flores
2385 3898 2456 3937 ea:
2514 3880 2823 3966 Moratum:
2846 3881 2926 3966 ‘B.
2980 3879 3239 3966 Gregorii;
3268 3894 3434 3966 pupae
3462 3881 3524 3966 in
3550 3881 3676 3966 Job,

246 3967 468 4023 eosque
499 3952 788 4009 dedicavit
816 3955 1174 4011 Herimanno
1206 3957 1563 4028 presbytero.
1598 3956 1907 4038 Proloogum

244 4023 551 4091 Anecdot.,
578 4041 756 4096 quem
786 4029 1038 4083 testatur
1066 4028 1480 4100 depromptum
1510 4044 1578 4082 ex
1613 4029 1811 4083 codice
1842 4045 1907 4083 an

2091 3955 2494 4011 Ierimannum
2545 3953 2728 4009 edidit
2783 3952 3133 4009 Edmundus
3184 3952 3448 4009 Martene
3478 3953 3680 4008 tom.I

2091 4044 2131 4083 n
2162 4027 2396 4082 circiter
2425 4025 2552 4080 600.

599 4341 1125 4467 INCIPIT
1187 4340 1863 4492 PROLOGUS
1923 4339 2704 4466 ADALBERTI
2758 4338 3313 4467 LEVITE

1365 4572 1459 4628 AD
1498 4571 1988 4628 HERIMANNUM
2029 4570 2555 4629 PRESBYTERUM

326 4721 402 4783 In
421 4741 538 4805 quo
561 4724 862 4805 promittit
899 4722 1350 4805 subnectendum
1379 4725 1440 4785 ei
1487 4723 1830 4805 opusculum
1867 4733 2213 4805 excerptum
2249 4747 2281 4779 ‹‹
2335 4723 2512 4804 quasi
2569 4723 2732 4805 lilz'a_
2757 4720 3071 4805 candentia
3118 4739 3156 4782 a
3183 4717 3518 4784 Moralz'bus
3547 4739 3678 4800 qua:

490 4801 624 4884 qua
649 4803 730 4864 Β.
766 4802 1089 4884 Gregorius
1119 4804 1359 4886 Spiritu
1384 4813 1584 4866 sancto
1614 4804 1867 4885 afﬂatus
1899 4801 2361 4866 luculentissima
2383 4822 2647 4864 sermone
2689 4803 2966 4864 disseruit
2990 4801 3103 4883 (1).
3128 4825 3160 4857 ››

1293 4963 1483 5035 (Apud
1513 4963 1783 5032 Martem,
1815 4962 2070 5021 Anecdot.
2100 4966 2246 5020 tom.
2281 4963 2326 5031 Ι,
2357 4978 2490 5036 pag.
2525 4962 2642 5034 84.)

317 5236 717 5294 Dilectissimo
745 5237 807 5294 in
832 5237 1061 5295 Christo
1091 5257 1156 5295 ac
1198 5239 1517 5296 venerabili
1559 5240 1715 5296 Patri
1745 5258 1907 5297 ΒΑΜ·
1935 5246 1978 5313 C
2092 5242 2320 5297 Mecum
2353 5237 2566 5312 saapius
2593 5239 2863 5302 retracto,
2895 5237 3206 5292 reverende
3235 5236 3424 5306 Pater,
3447 5235 3676 5293 creber-

244 5344 408 5384 MANO
437 5327 1167 5400 pPeSby‘teI‘OADALBERTUS
1187 5329 1558 5385 humillimus
1591 5329 1905 5388 levitarum
2017 5331 2168 5386 rima
2210 5327 2366 5385 circa
2413 5345 2507 5383 me
2565 5324 2948 5399 benignitatis
3005 5325 3428 5398 charitatisque
3473 5328 3677 5380 vestrae

243 5416 667 5488 sempiternam
698 5415 758 5471 in
789 5417 1034 5472 Domino
1066 5416 1428 5473 felicitatem.
2016 5417 2605 5492 impensabeneﬁcia,
2642 5431 2873 5471 necnon
2907 5413 3084 5471 etiam
3114 5415 3316 5471 suavia
3336 5419 3510 5485 atque
3533 5413 3677 5469 satis

311 5550 401 5632 (1).
425 5549 630 5635 Exstat
657 5548 1150 5635 h‘oc‘opusculum
1199 5551 1258 5635 in
1301 5567 1421 5635 'ms.
1453 5551 1670 5635 'codice
1697 5568 1899 5635 mona-
2011 5570 2198 5635 annos
2229 5551 2592 5635 circiter_60_0
2614 5549 3213 5635 reprzesentat.‘id'e.m
3227 5544 3592 5635 semper-isse
3613 5544 3674 5635 in

239 5618 405 5679 sterii
438 5620 632 5678 sancti
663 5618 852 5678 Illidii'
884 5619 1339 5694 Claromontani,
1373 5622 1544 5693 cujus
1600 5623 1900 5680 character
2009 5642 2122 5682 ms.
2157 5618 2701 5682 Prasmonstratensi
2730 5625 2979 5680 testatur
3003 5618 3388 5704 ‘Mabillonius
3434 5620 3593 5672 tomo
3652 5620 3675 5676 Ι
