3910 6394
1468 533 1650 582 ΔΝΝο
1695 533 1923 583 ΒΟΜΙΙΙΙ
1970 531 2337 580 DCCCCLXXX

1550 658 2277 858 WIGO

739 949 1220 1022 DECANUS
1318 912 2384 1026 PHYUHTWANGENSIS
2484 946 3130 1020 MON'ASTE-RII

1052 1250 1635 1388 WlG‘ON
1648 1254 1808 1389 IS
1893 1245 2753 1385 EPISTOLJE

1507 1495 1648 1560 (Pez,
1680 1495 1800 1547 cod.
1832 1495 2054 1561 diplom.
2085 1509 2139 1560 p.
2175 1494 2307 1556 110.)

1697 1638 2098 1651 *υ

1007 1710 1031 1769 Ι

529 1850 601 1893 AD
639 1844 1009 1893 λυεωιλωεω
1085 1836 1515 1894 memmium

403 1960 472 2018 Se
496 1971 765 2034 auareque
790 1974 1004 2032 gregem
1030 1961 1291 2019 obnixius
1320 1969 1638 2021 commensi.

255 2084 523 2141 Domina:
560 2081 866 2157 praecelsas
929 2100 1133 2159 regum
1181 2100 1614 2164 regnorumque
1663 2084 1852 2143 altrici

182 2172 597 2239 nobilissimas,
616 2175 675 2229 ’Λ
703 2175 1000 2248 Angustm,
1035 2188 1268 2248 semper
1297 2175 1717 2243 invictissimse,
1744 2172 1855 2232 fra-

182 2267 312 2319 tres
363 2261 944 2335 Phyubtwangensis
1003 2263 1272 2320 Ecclesiae
1332 2264 1567 2321 servitio
1629 2265 1854 2321 noviter

178 2350 549 2424 congregati,
572 2350 815 2407 titulum
848 2352 1094 2408 summm
1112 2350 1499 2410 salutationis
1531 2353 1588 2409 in
1622 2354 1852 2412 Christo

183 2442 513 2498 Saivatore.

240 2531 414 2588 Cum
444 2544 651 2587 omnes
680 2530 943 2587 fidelium
975 2528 1458 2605 congregationes
1488 2538 1693 2590 vestrae
1732 2532 1856 2606 ‘p‘ie-

181 2620 332 2678 tatis
364 2618 668 2676 memoriae
696 2632 817 2675 non
845 2619 1192 2693 ignoramus
1214 2622 1442 2694 iugiter
1456 2632 1588 2678 esse
1608 2634 1858 2695 praesen-

176 2707 540 2779 tes,hn'mile
562 2720 775 2765 nomen
786 2708 1275 2783 Ecdesi‘a‘amagni
1296 2710 1399 2767 Dei
1418 2709 1734 2767 Salvatori's
1754 2724 1856 2770 vos

166 2799 373 2856 etiam
411 2798 941 2871 nosse‘CupieMes,
958 2802 1350 2873 nostrumque
1379 2798 1712 2857 manachile
1733 2816 1860 2875 pro-

172 2888 455 2963 positum
496 2887 780 2945 in-ec'dem
806 2888 939 2945 ioco
970 2888 1308 2962 nuperrime
1332 2890 1547 2962 degere
1568 2888 1860 2963 incipien-

160 2975 569 3046 ’ἥσω-,νοιδίε
600 2986 834 3050 aequum
865 2970 1145 3053 duximus
1172 2976 1596 3047 intimandum,
1626 2982 1698 3034 ut
1736 2993 1862 3035 um'

186 3067 301 3124 bra
322 3060 744 3122 dominationis
763 3071 966 3122 vestrae
985 3065 1262 3140 deinceps
1280 3066 1547 3159 protecti,
1562 3064 1859 3124 tumultus
1888 3093 1938 3159 Β

184 3155 495 3213 salarium
528 3155 958 3228 impulsionum
992 3156 1240 3212 sufferre
1272 3154 1571 3213 valeamus
1606 3155 1818 3213 securi.

254 3243 588 3301 Ecclesium
614 3243 805 3318 igitur
830 3244 1129 3301 credimus
1157 3243 1415 3301 nimium
1440 3240 1567 3302 ‘fore
1597 3242 1856 3313 beatam,

176 3333 238 3390 si
268 3334 408 3407 ejus
438 3336 688 3389 matrem
734 3336 936 3390 nostro
986 3338 1251 3406 tempore
1298 3332 1513 3390 habere
1561 3332 1861 3390 meremur

184 3426 314 3479 tam
347 3420 688 3496 benignam,
720 3421 919 3478 felices
958 3439 1089 3480 esse
1138 3423 1492 3481 arbitrantes
1532 3421 1859 3480 monacho-
1928 3474 1931 3477 ,

176 3522 324 3570 rum
356 3510 566 3584 plebes
593 3512 708 3568 sub
737 3510 843 3567 tali
873 3511 1267 3569 defensatrice
1294 3512 1719 3569 monomachia:
1742 3515 1862 3568 stu-

180 3596 287 3658 ilio
307 3594 729 3669 deservieutes,
746 3600 919 3672 cujus
934 3600 1458 3674 selum-ingenium
1474 3600 1643 3657 tanta
1663 3604 1754 3657 est
1773 3605 1864 3657 sa-

180 3690 418 3763 pientia
447 3694 710 3757 suetum,
737 3688 935 3747 utisibi
956 3692 1152 3746 totum
1165 3690 1521 3763 subjugaret
1536 3689 1859 3763 imperium

181 3776 633 3852 Hujusm‘egnae
654 3778 780 3852 spei
798 3778 1116 3836 securitate
1132 3778 1380 3835 animati
1419 3794 1524 3851 pro
1563 3778 1857 3834 diuturni—

174 3872 304 3926 tate
336 3880 447 3926 seu
478 3866 838 3924 stabilimine
862 3867 1039 3924 vestri
1072 3867 1235 3942 regni
1259 3867 1371 3923 ’diu
1414 3869 1708 3940 noctuque
1741 3880 1858 3924 non

180 3970 501 4015 cessamus
528 3957 649 4013 Dee
672 3956 1035 4031 supplicare.
1058 3957 1254 4013 Beatis
1284 3957 1528 4030 insuper
1552 3955 1860 4030 spiritibus

185 4048 627 4123 Imperetur-um
648 4052 988 4120 nostrorum
1004 4042 1407 4104 {immunitatem
1422 4044 1677 4104 cmlestis
1697 4042 1860 4103 Elisii

178 4132 319 4211 iugi
340 4130 693 4213 precamine
720 4153 754 4192 a
784 4135 1014 4193 Christo
1049 4136 1391 4210 depositum
1436 4134 1698 4194 concedi.
1731 4134 1858 4192 Val.

1012 4260 1062 4320 ΙΙ

378 4405 467 4447 ιιι)
507 4396 920 4447 insonantem:
959 4394 1255 4446 uiuimus;
1288 4405 1357 4445 τη
1382 4392 1574 4446 siera
1608 4401 1686 4445 ea

186 4508 408 4571 Scribit
430 4488 650 4587 qm
676 4513 906 4584 negotiis
936 4521 989 4569 et
1013 4513 1163 4570 curis
1195 4513 1420 4570 obrutus
1465 4515 1541 4569 sit
1567 4515 1629 4569 in
1671 4517 1860 4588 provi-

260 4604 429 4659 sione
455 4603 778 4660 monasterii
804 4604 914 4670 sui,
944 4618 1015 4658 ac
1035 4604 1267 4674 fratrem
1294 4601 1626 4674 Adalgozum
1655 4604 1765 4660 sibi
1802 4606 1864 4659 in

263 4691 580 4765 adjutores»
606 4690 860 4765 deposcit.

261 4817 334 4873 T.
373 4814 703 4873 Ercmiticaa
742 4817 1200 4874 conversationis
1249 4816 1458 4873 cultori
1506 4818 1864 4875 studiosissi-

190 4920 317 4976 mo,
354 4900 455 4963 W.
487 4904 831 4963 monasterii
863 4898 1094 4965 Domini
1127 4905 1446 4963 Salvatori‘s
1478 4908 1743 4979 provisor
1772 4907 1860 4965 in-

189 4994 446 5068 dignus,
474 4993 668 5051 colore
697 4994 927 5053 deterso
958 4992 1372 5067 simulationis,
1401 4995 1616 5054 devotis
1637 4996 1864 5069 subjec-

188 5084 429 5142 tionem
456 5082 833 5143 obeditionis.

266 5171 671 5232 Habitudines
703 5168 1054 5232 cunctorum
1088 5175 1456 5249 negotiorum
1484 5176 1658 5236 nobis
1700 5178 1871 5235 undi-

190 5278 314 5335 que
378 5260 678 5320 laboriose
733 5260 1157 5336 adlabentium,
1225 5269 1429 5323 vestrae
1501 5266 1873 5325 Paternitatis

191 5349 790 5412 commiserationem
821 5352 1010 5410 celare
1041 5346 1378 5428 nequimus,
1426 5355 1567 5429 quia
1612 5355 1874 5415 solamen

193 5444 510 5501 consuetae
549 5441 981 5515 compatientie
1028 5444 1386 5529 petentibus,
1436 5450 1501 5504 ut
1541 5462 1903 5529 speramus,

189 5530 369 5591 nullo
406 5530 584 5591 modo
616 5528 1003 5595 subtrahetis.
1034 5526 1267 5593 Fratres
1305 5526 1647 5595 monasterii
1692 5537 1877 5597 nostri

188 5619 551 5697 nuperrime
580 5620 972 5695 visitavimus,
1007 5620 1248 5687 fratrem
1293 5625 1668 5703 Hel’pericum
1716 5630 1878 5706 adju-

189 5713 399 5774 torem
433 5707 573 5771 inde
596 5722 949 5771 concessum
983 5712 1348 5789 reduximus,
1381 5718 1477 5778 cui
1515 5718 1599 5778 rei
1640 5736 1877 5785 conces-

495 5807 744 5873 Paraon.
785 5808 1093 5873 CXXXVII.

1874 1715 1932 1783 Α
1962 1710 2188 1767 sionem
2212 1708 2537 1767 nobiscum.
2560 1705 2877 1776 recusanti,
2918 1722 3110 1779 ,penes
3156 1706 3430 1765 abbatem
3478 1723 3616 1765 nos-

1959 1798 2117 1855 trum
2150 1796 2580 1871 querim‘Oniam
2611 1794 2940 1854 feceramus
2970 1793 3216 1855 omniun
3245 1792 3487 1853 illarum
3526 1810 3619 1854 re-

1961 1894 2114 1957 rum,
2140 1900 2288 1959 quas
2320 1884 2739 1960 experientiam
2758 1883 3030 1943 laborum
3042 1886 3376 1943 vestrorum
3398 1882 3619 1959 optime

1963 1988 2136 2033 nosse
2167 1988 2283 2032 non
2312 1976 2676 2049 ignoramus.

2032 2060 2516 2121 Muitimodarum
2539 2061 3001 2136 ’gravitudinem,
3021 2061 3244 2137 jugiter
3272 2070 3517 2120 ono‘rose
3535 2062 3620 2121 in-

1961 2149 2391 2219 cumbentium,
2412 2150 2640 2208 nullius
2659 2149 2856 2206 fratris
2886 2149 3094 2207 solatio
3122 2148 3411 2211 habemus
3441 2152 3623 2209 eleva-

1963 2245 2251 2309 mentum,
2297 2254 2431 2296 cum
2494 2238 2646 2295 alius
2707 2238 3125 2307 invaletudine,
3170 2236 3339 2300 alius
3396 2240 3624 2299 diverso

1963 2334 2406 2404 praeoccupatus
2440 2327 2787 2396 ministerio,
2823 2333 2889 2384 ut
2912 2327 3003 2384 vel
3036 2328 3108 2384 ad
3161 2316 3420 2403 spatium
3463 2330 3625 2404 parvi

1956 2418 2249 2493 temporis
2280 2418 2403 2475 solo
2442 2417 2733 2475 laboranti
2784 2416 3140 2474 concedatur
3184 2406 3621 2491 respirandum.

1965 2507 2182 2565 Omnes
2213 2507 2404 2563 claves
2435 2504 2776 2563 monasterii
2804 2504 3079 2562 tinnienti
3101 2504 3334 2578 cingulo
3363 2506 3626 2579 undique

1965 2596 2240 2670 appensis
2269 2597 2395 2670 ipse
2424 2598 2613 2668 porto.
2644 2595 2892 2668 Insuper
2921 2592 3304 2651 sollicitudini
3338 2595 3624 2668 regularis

1954 2685 2188 2743 ordinis
2212 2684 2560 2742 cautissime
2590 2682 2770 2741 debeo
2828 2681 3151 2756 providere,
3202 2696 3370 2740 nunc
3412 2699 3622 2740 curam

1964 2772 2201 2848 penoris
2231 2788 2449 2848 gerere,
2482 2788 2642 2829 nunc
2672 2771 2827 2830 cocis
2856 2786 3126 2846 praeesse,
3146 2764 3450 2829 interdum
3482 2771 3622 2829 refe-

1967 2862 2185 2919 ctorius
2216 2858 2278 2935 (f.
2312 2859 2727 2933 refectorium),
2763 2877 2998 2934 semper
3026 2860 3302 2919 omnibus
3348 2861 3623 2918 domesti-

1962 2951 2052 3009 cis
2082 2952 2331 3008 interius
2361 2949 2886 3018 commorantibus,
2919 2954 2976 3006 et
3004 2950 3258 3009 exterius
3286 2949 3621 3023 hospitibus

1970 3038 2519 3114 supervenientibus
2550 3038 2777 3097 cunctis
2809 3037 3155 3097 serviturus.

2039 3131 2300 3187 Fratrem
2320 3129 2677 3202 Adalgozum
2692 3127 3035 3202 nuperrime
3054 3128 3432 3198 monasterio,
3457 3131 3622 3202 patre

1966 3219 2225 3286 viduata,
2260 3218 2598 3274 restitutum
2629 3218 2888 3291 petimus
2928 3221 3121 3274 vestra
3167 3217 3404 3275 licentia
3452 3217 3624 3275 nobis

1966 3306 2207 3383 concedi
2237 3307 2331 3378 adj
2342 3306 2552 3363 utorio.
2583 3307 2655 3364 Et
2683 3305 2827 3378 quia
2844 3306 2905 3362 in
2925 3305 3203 3364 omnibus
3222 3305 3413 3385 devoti
3434 3304 3627 3379 parui-

1967 3411 2124 3464 mus,
2144 3394 2365 3467 quibus
2381 3394 2453 3449 de
2467 3393 2568 3449 illo
2584 3398 2777 3451 vestra
2791 3397 3083 3468 praecepta
3104 3392 3498 3468 suscepimus,
3516 3409 3625 3450 nec

1969 3482 2195 3555 aliquid
2221 3481 2471 3539 invitum
2501 3482 2690 3538 facere
2712 3481 3037 3555 coegimus,
3058 3480 3392 3538 communis
3420 3480 3625 3554 petitio

1968 3572 2218 3628 fratrum
2248 3574 2584 3627 nostrorum
2613 3574 2905 3642 precatur,
2927 3560 2994 3626 ut
3022 3573 3307 3642 precepts
3336 3568 3502 3627 vobis
3531 3569 3628 3626 de-

1969 3659 2102 3717 bita:
2133 3656 2475 3716 obedientia:
2503 3657 2613 3714 sibi
2634 3648 3011 3729 concedatur,
3033 3656 3409 3717 ordinandus.
3419 3656 3483 3715 in
3503 3656 3627 3714 offl-

1970 3749 2127 3806 cium
2162 3745 2594 3817 monasteriale,
2628 3764 2745 3805 non
2782 3746 2957 3827 quasi
2986 3746 3325 3805 eliminatus
3355 3746 3626 3806 custodia

1966 3841 2178 3906 vestra,
2238 3853 2375 3895 cum
2424 3835 2626 3893 nullus
2675 3841 2945 3896 nostrum
2989 3854 3052 3895 se
3099 3837 3413 3895 subtrahat
3445 3836 3624 3911 jussu

1966 3930 2158 3984 vestro
2194 3942 2207 3981 :
2239 3927 2342 3982 sed
2376 3924 2517 3999 quia
2565 3930 2812 3999 oportet,
2862 3926 2912 3983 si
2965 3926 3252 3984 audemus
3301 3925 3513 3996 dicere,
3560 3929 3628 3982 ut

1969 4004 2559 4089 bonum.rependatis
2608 4014 2967 4073 charitativze
3011 4006 3457 4081 vicissitudinis.
3494 4015 3628 4072 Fra-

1968 4108 2119 4162 trem
2135 4103 2539 4179 Engilpertum
2560 4104 2820 4178 petimus
2842 4108 2906 4162 ut
2924 4104 3160 4178 scriptis
3179 4105 3391 4164 vestris
3411 4104 3628 4178 saepius

1966 4192 2508 4254 commonefaciatis
2537 4193 2608 4251 de
2640 4193 2811 4254 bonis
2844 4195 2925 4253 ad
2949 4194 3211 4255 meliora.
3242 4194 3462 4253 Valete.

2762 4334 2839 4396 ΙΙΙ

2584 4485 2658 4527 ΑΒ
2697 4485 3014 4528 υιετιιιαυκ

1976 4606 2039 4665 Ut
2066 4606 2136 4662 ad
2166 4622 2222 4661 se
2252 4602 2459 4661 librum
2487 4617 2760 4660 canonum
2800 4588 2997 4669 mittat,
3047 4603 3179 4660 usui
3223 4602 3335 4661 sibi
3375 4604 3629 4676 futurum
3670 4586 3683 4605 κ

2020 4697 2083 4752 in
2112 4710 2279 4751 causa
2306 4691 2593 4766 cujusdam
2624 4694 2831 4758 clerici,
2863 4710 2898 4748 (ι
2929 4693 3088 4750 laici:
3111 4694 3348 4766 pessime
3377 4693 3573 4751 habiti.

2042 4827 2269 4885 Domno
2301 4826 2595 4884 Dimntco.
2626 4827 2800 4884 WIGO
2831 4828 3122 4887 confrater
3150 4827 3212 4886 in
3246 4826 3631 4889 Deosummo

1971 4916 2243 4976 salutem.

2042 5005 2209 5063 Sicut
2234 5023 2341 5080 per
2371 5002 2628 5081 pastoris
2659 5006 2993 5083 neglectum
3022 5024 3180 5083 saepe
3199 5008 3635 5068 veniunt-detri-

1976 5098 2179 5152 menta
2194 5095 2391 5152 ovium
2410 5112 2423 5153 :
2450 5096 2533 5153 ita
2548 5097 2620 5153 de
2636 5097 2994 5155 hebetudine
3010 5101 3221 5156 nostra;
3239 5098 3633 5175 improvincim

1978 5186 2080 5256 (ita
2108 5184 2248 5259 cod.)
2280 5189 2618 5243 nostrorum
2660 5186 2987 5245 vicinorum
3035 5187 3253 5246 servuli
3298 5188 3636 5265 congregati

1980 5275 2300 5347 quemdam
2331 5274 2609 5332 clericum
2641 5280 2911 5336 nostrum
2960 5278 3339 5337 membratim
3385 5279 3634 5337 detrive-

1981 5366 2140 5422 runt.
2173 5363 2245 5420 Et
2281 5380 2413 5422 ecce
2462 5365 2910 5440 subsequuntur
2952 5365 3127 5427 vario:
3173 5367 3635 5427 conﬂictationes

1980 5451 2332 5524 multorum,
2365 5454 2482 5514 Has
2515 5455 2589 5513 ad
2621 5455 2955 5529 nullandas,
2986 5460 3045 5515 et
3085 5458 3369 5517 canonica
3410 5457 3637 5515 ratione

1983 5544 2391 5617 destruendas,
2422 5544 2478 5602 si
2508 5543 2668 5603 ullus
2696 5545 2848 5605 liber
2876 5563 3057 5622 penes
3084 5563 3187 5607 vos
3216 5547 3505 5606 factorum
3533 5545 3635 5604 ba-

1982 5632 2175 5708 betur,
2209 5633 2380 5694 nobis
2403 5651 2684 5713 rogamus
2711 5637 2996 5715 prmstari,
3036 5640 3095 5698 et
3134 5653 3245 5715 per
3286 5638 3632 5716 prasente!!!

1988 5725 2266 5805 nuntium
2295 5726 2639 5799 usumitti.
2672 5728 2827 5791 Bone
2852 5726 3114 5793 valeatis.
3204 5796 3211 5801 ,
3400 5808 3407 5817 ρ
