3910 6384
336 381 404 439 u
1388 383 1727 448 macrus
1772 384 2058 447 DECANI
2101 353 2689 448 PHYUHTWANG.

1110 516 1203 572 lV.

520 619 592 659 AD
634 620 967 662 LIUTOLDUM
1006 621 1329 663 EPISCOPUM
1366 624 1782 666 AUGUSTANUM.

332 691 499 764 Rogat
526 699 588 749 ut
613 693 774 750 rebus
812 695 873 749 in
911 710 1010 752 suo
1051 694 1371 838 ttionatuerio
1417 698 1799 768 afﬂictissimis
1830 713 1984 770 opem

1096 781 1191 821 era
1218 809 1231 821 .

1096 781 1231 821 erat.

406 853 469 907 L.
505 852 684 908 Pallio
706 853 925 909 summi
957 855 1269 911 sacerdotii
1290 856 1517 913 caelitus
1541 856 1858 925 indusiato,
1883 857 1979 913 W.

329 940 719 1012 congregandi
771 942 1129 1015 gregaminis
1176 944 1420 1001 inermis
1468 946 1663 1018 opilio,
1699 946 1982 1019 gaudium

331 1043 601 1100 superna:
631 1029 927 1087 felicitatis
957 1032 1017 1086 in
1049 1032 1300 1089 Christo.

401 1115 653 1174 Cursum
670 1118 997 1177 eﬂ‘ectuosaa
1021 1120 1329 1193 legationis
1348 1124 1418 1178 ad
1444 1124 1867 1180 monasterium
1888 1141 1984 1180 no-

330 1211 523 1271 strum
553 1208 674 1264 fore
694 1215 1128 1283 prosperatum,
1146 1228 1275 1269 sum
1286 1229 1379 1268 [110
1402 1214 1517 1268 Deo
1542 1213 1798 1285 primum
1820 1213 1985 1286 hym-

329 1295 739 1370 nizamus,qui
768 1298 1098 1356 directaneo
1128 1300 1621 1373 gressu,vialique
1645 1302 1981 1359 ductamiuc

331 1403 566 1460 semper
595 1386 797 1460 dirigit
825 1405 1028 1446 secum
1074 1390 1268 1448 cordis
1316 1390 1622 1447 conamine
1659 1394 1979 1448 versantes.

333 1476 623 1533 Fraternas
662 1481 859 1536 autem
905 1479 1274 1536 deductionis
1326 1485 1713 1553 augmentum
1774 1481 1982 1537 merito

328 1570 532 1622 vestrae
563 1566 799 1639 pietatis
827 1568 1203 1636 ascribimus,
1237 1569 1377 1642 quia
1407 1569 1736 1643 pelliferum
1784 1574 1986 1626 nostra

327 1653 638 1712 inscientia
666 1655 913 1714 minime
960 1659 1334 1729 edoctum,et
1383 1660 1637 1732 tepentia
1690 1658 1982 1716 schedulie

298 1820 301 1823 _
328 1743 525 1814 verba,
557 1745 748 1801 vivida
778 1750 953 1804 aucta
981 1747 1284 1807 facecitate
1330 1749 1433 1805 vim
1464 1748 1781 1806 direxistis.
1815 1747 1981 1806 Illam

329 1832 873 1894 incommoditatem
921 1836 1257 1911 importune
1287 1836 1673 1909 sustinemus,
1708 1854 1844 1895 cum
1876 1837 1979 1895 Dei

329 1921 657 1981 ministerio
678 1923 949 1983 Ecclesiae
972 1943 1417 2001 congregemur,
1434 1928 1589 2000 quod
1613 1927 1981 2001 conglobata-

328 2027 465 2068 rum
496 2013 691 2070 avium
716 2014 975 2088 garritus
1004 2018 1293 2074 cantando
1325 2034 1603 2090 superare
1643 2017 1980 2090 nequimus,

332 2102 497 2172 .quod
532 2102 793 2175 undique
817 2104 1133 2178 pennigero
1163 2104 1359 2163 volatu
1388 2105 1746 2162 invehuntur
1767 2106 1982 2179 patulis

329 2193 620 2262 fenestris,
636 2197 693 2249 et
713 2195 950 2266 quando
972 2193 1172 2252 nivoso
1194 2194 1623 2268 prosternimur
1650 2196 1982 2268 pavimento

331 2302 401 2342 ex
430 2281 591 2342 omni
623 2286 786 2356 parte
817 2281 946 2341 nive
989 2283 1191 2354 afﬂati,
1225 2284 1441 2341 caenosi
1473 2284 1827 2342 volutamur.
1870 2285 1981 2342 Sed

332 2378 531 2430 tamen
561 2371 953 2429 communiter
980 2373 1256 2446 degentes
1279 2373 1399 2429 haec
1431 2377 1758 2446 opportune
1779 2374 1983 2430 tolera-

334 2479 553 2532 remus,
585 2461 634 2519 si
666 2461 1040 2519 Dominicum
1072 2461 1253 2518 altare
1282 2480 1315 2519 a
1359 2462 1640 2534 ninguine
1675 2464 1984 2519 defendere

333 2568 668 2626 possemue.
689 2553 959 2609 Accensa:
982 2550 1236 2608 candelae
1268 2551 1505 2609 ﬂamine
1535 2556 1841 2610 ventorum
1864 2557 1984 2609 tur-

331 2643 500 2715 batae,
525 2640 781 2698 multum
810 2639 1201 2714 lacrymantes
1228 2640 1702 2713 exstinguuntur.
1723 2643 1808 2698 Ad
1831 2640 1986 2698 clau-

331 2748 533 2789 suram
563 2731 975 2801 fenestrarum,
1010 2731 1060 2786 si
1090 2729 1320 2801 aliquos
1349 2730 1534 2786 lineos
1566 2730 1823 2787 tribuitis
1846 2748 1984 2805 pan-

334 2838 462 2889 nos,
515 2818 758 2894 potestis
806 2818 977 2877 facile
1023 2819 1197 2876 istam
1247 2819 1679 2892 querimoniam
1742 2820 1979 2878 sarcire.

333 2908 777 2975 Quantumlibet
805 2906 1070 2983 chalybis
1101 2907 1453 2966 ferramenta
1495 2908 1819 2976 sarcienda,
1852 2926 1981 2980 quae

332 2997 504 3054 nobis
534 3001 675 3054 sunt
705 2997 1055 3065 necessaria,
1088 2997 1233 3053 ﬂexo
1282 2995 1539 3069 petimus
1580 2996 1746 3064 collo,
1783 3001 1981 3054 nostro

322 3085 583 3159 jubeatis
615 3084 936 3142 transmitti
965 3084 1246 3142 Vulcano.

1122 3210 1189 3264 V.

505 3335 577 3375 AD
617 3333 958 3375 GOZPBRTUM
997 3333 1260 3374 ABBA’I‘EM
1296 3332 1797 3374 TEGERNSEENSEM.

332 3425 573 3501 Exponit
598 3427 651 3483 ei
678 3425 1078 3498 difﬁcultatem,
1099 3426 1229 3481 nevi
1256 3424 1570 3501 Monasterii
1596 3426 1687 3480 sui
1718 3433 1986 3501 construe-

406 3495 552 3556 tione
608 3495 911 3569 armatam,
952 3504 1209 3569 rogatque
1264 3505 1328 3552 ut
1387 3495 1720 3569 Weicherum
1776 3498 1981 3564 solatii,

405 3568 763 3643 Sigihardum
789 3567 1100 3625 studiorum
1115 3567 1313 3640 gratea
1343 3567 1415 3623 ad
1438 3583 1497 3623 se
1518 3570 1715 3623 mittat.

405 3676 616 3734 Abbati
646 3674 714 3733 G.
749 3676 1077 3732 monastica
1107 3673 1470 3731 firmitudine
1504 3673 1832 3748 priscorum
1862 3675 1986 3731 vice

338 3770 688 3824 Sanctorum
713 3764 1074 3839 patrissanti,
1088 3763 1261 3820 Ψιαο
1284 3780 1418 3820 cum
1438 3763 1768 3833 fratesculo,
1785 3781 1984 3820 secum

336 3858 398 3913 in
429 3854 825 3913 ministerium
867 3855 1166 3926 deputato,
1202 3852 1490 3925 quidquid
1522 3852 1721 3910 tenolli
1754 3858 1986 3909 maturo

343 3944 592 4019 parenti.

405 4035 575 4091 Nova:
606 4031 987 4107 plantationis
1016 4033 1282 4107 germina
1310 4032 1565 4089 brumali
1599 4037 1860 4106 tempore
1887 4048 1988 4088 vos

331 4123 477 4182 velle
497 4138 839 4198 propagare,
856 4122 1194 4179 mirandum
1217 4137 1365 4178 nova
1383 4121 1830 4195 conscriptione,
1849 4137 1990 4179 cura

334 4214 537 4272 nivosa
562 4212 768 4286 hyeme
795 4229 910 4269 non
944 4211 1290 4268 viridescere
1324 4211 1383 4267 in
1412 4212 1630 4283 fruges,
1665 4211 1765 4267 sed
1797 4210 1988 4282 magis

334 4305 518 4362 soleat
532 4303 592 4360 in
609 4301 835 4376 lapides
852 4301 1142 4375 rigescere
1160 4301 1500 4357 albicantes.
1517 4302 1737 4356 Tamen
1755 4297 1989 4355 ornatui

334 4390 754 4454 Salomoniacm
777 4392 990 4447 domus
1012 4389 1264 4447 nimium
1294 4389 1521 4446 habiles
1543 4388 1594 4445 si
1615 4388 1887 4444 volumus
1901 4387 1990 4457 ja-

335 4501 463 4542 cere
497 4482 709 4543 similis
732 4483 1041 4539 structuras
1071 4475 1859 4552 profunditates,gloriosum
1890 4476 1988 4532 Sa-

331 4572 627 4631 lomonem
657 4570 850 4629 omnis
877 4570 1047 4644 copia
1074 4568 1360 4627 Davidicaz
1395 4565 1836 4640 praparationis
1869 4581 1986 4621 non

331 4666 563 4721 tantum
595 4642 967 4729 sublevabat,
991 4662 1279 4730 quantum
1306 4655 1490 4713 nostri
1522 4654 1712 4711 cordis
1745 4653 1982 4710 domici-
2019 4642 2066 4708 D

332 4751 479 4808 lium
507 4750 765 4808 lietificat
791 4751 1002 4807 decora
1032 4746 1358 4815 aedificatio,
1392 4762 1521 4817 qua:
1554 4760 1671 4799 non
1721 4742 1988 4813 lapidosa

332 4840 598 4911 materia,
614 4842 671 4896 et
689 4838 1045 4911 quandoque
1066 4852 1297 4903 casura,
1311 4850 1512 4891 verum
1535 4832 1697 4889 cultu
1721 4830 1985 4888 mansuri

332 4928 698 4987 fundaminis
713 4932 917 4984 vestrae
935 4923 1301 4983 celsitudinis
1310 4923 1615 4996 juvamine
1627 4925 1825 4979 nostro
1844 4921 1987 4976 Pon-

331 5018 472 5075 tifici
490 5021 580 5075 est
594 5015 965 5073 stabilienda.
981 5014 1356 5072 Gaudeamus
1377 5029 1484 5068 nos
1506 5011 1758 5068 directos
1778 5027 1985 5067 norma

331 5090 1103 5173 Dominicis-ordinationis,
1135 5118 1253 5175 qua
1296 5102 1600 5157 duodenos
1660 5100 1983 5173 discipulos

332 5194 496 5252 misit
511 5194 583 5251 ad
604 5192 1007 5266 pmdicandos
1029 5191 1305 5266 populos;
1340 5194 1396 5246 et
1414 5190 1648 5246 illorum
1671 5188 1981 5247 ministerii

328 5301 478 5358 opus
507 5300 625 5343 non
649 5299 822 5357 posse
851 5282 1072 5338 imitari
1104 5280 1398 5348 dolemus;
1432 5296 1568 5337 cum
1600 5280 1683 5335 illi
1708 5279 1903 5336 tricies
1924 5284 1981 5337 et

329 5374 520 5433 sexies
549 5373 611 5431 in
644 5370 941 5428 binarium
969 5370 1163 5439 divisi,
1195 5370 1246 5425 si
1277 5387 1394 5427 non
1425 5368 1754 5440 sanctitate,
1786 5369 1875 5425 vel
1914 5373 1981 5426 ut

325 5463 410 5522 ita
438 5462 817 5539 poetizemus,
833 5459 1103 5518 effectum
1135 5458 1246 5517 sibi
1265 5459 1543 5532 injunctaa
1574 5454 1977 5532 praeceptionis

328 5552 751 5613 numerositate
781 5549 1056 5631 supplere
1087 5548 1656 5624 potuissent.Nullos
1678 5549 1976 5622 adjutores

327 5645 637 5703 nobiscum
667 5628 955 5699 habemus
976 5643 1185 5717 praeter
1203 5640 1352 5717 duos
1382 5639 1723 5711 grandawos
1759 5638 1977 5696 silicer-

320 5751 452 5821 pos,
476 5751 625 5828 quos
655 5720 1012 5816 gmnimpdls
1039 5728 1186 5795 nihil
1220 5716 1427 5793 alludit
1454 5728 1666 5808 aperis.
1690 5726 1973 5809 9031100163

3672 390 3764 448 12

2010 530 2062 588 Α
2099 525 2330 578 tantum
2363 520 2624 577 arrident
2653 536 2770 587 eos,
2804 520 3063 575 volentes
3094 536 3159 575 eo
3203 537 3265 576 se
3300 522 3559 593 quotidie
3590 524 3761 596 apud

2092 626 2340 682 superos
2370 609 2617 666 deiicare
2649 609 2747 681 (ita
2770 608 2884 664 cod.
2919 610 2962 680 f.
2996 608 3311 681 deificare).
3342 612 3625 677 Quocirca
3657 628 3765 685 pe-

2092 699 2274 755 timus
2303 699 2376 754 de
2395 701 2597 755 vestrae
2620 698 2987 771 paternitatis
3013 698 3329 755 clementia
3349 717 3457 756 nos
3480 701 3762 772 adjuvari

2094 786 2299 844 solatio
2323 787 2519 843 fratris
2542 787 2726 844 nostri
2755 788 3038 854 Weioheri,
3055 793 3119 842 ut
3148 787 3315 844 radix
3335 787 3586 862 alicujus
3609 791 3763 846 boni

2092 878 2180 932 fru
2190 880 2319 932 ctus
2331 876 2694 950 proﬂuxione
2712 875 3327 951 majorisirrigationis
3344 879 3531 951 possit
3546 879 3760 953 augeri

2090 965 2150 1020 in
2174 965 2299 1021 loco
2321 966 2492 1021 nobis
2513 964 2852 1035 commisso,
2869 971 3163 1038 quatenus
3181 966 3455 1023 cumulus
3478 985 3760 1041 supernae

2092 1054 2380 1109 mercedis
2429 1073 2463 1110 a
2512 1054 2759 1110 Domino
2818 1054 3117 1110 Salvatore
3173 1057 3513 1113 remetiatur
3558 1056 3756 1114 vobis.

2092 1142 2470 1215 Sigihardum
2505 1144 2743 1201 fratrem
2778 1149 3069 1211 nostrum,
3104 1161 3278 1215 quem
3313 1150 3571 1218 tempore
3609 1146 3760 1202 viri-

2091 1232 2383 1289 descentis
2413 1233 2554 1290 anni
2584 1233 2833 1305 dirigere
2864 1234 3204 1290 decrevistis
3235 1251 3417 1291 causa
3455 1235 3755 1306 discendi,

2092 1320 2142 1376 si
2171 1321 2315 1389 vult,
2348 1325 2405 1376 et
2449 1322 2499 1378 si
2548 1321 2896 1395 dignamini,
2933 1307 3087 1378 nunc
3136 1323 3313 1380 etiam
3362 1324 3513 1381 mitti
3545 1343 3757 1398 preca-

2093 1427 2248 1465 mur.
2271 1410 2491 1465 Valete.

2870 1509 2964 1565 Vl.

2287 1624 2359 1663 AD
2403 1624 2733 1665 LIUTOLDUM
2774 1625 3097 1664 EPISCOPUM
3137 1626 3550 1668 AUGUSTANUM.

2097 1705 2159 1761 Ut
2184 1722 2273 1761 eos
2319 1708 2542 1777 fratres,
2572 1724 2701 1777 quos
2744 1710 3063 1763 monasterii
3098 1711 3191 1764 sui
3227 1711 3501 1767 commodo
3542 1729 3576 1767 a
3607 1712 3757 1768 Goz—

2159 1784 2315 1856 perto
2342 1778 2533 1856 abbate
2568 1778 2815 1851 Tegerns.
2859 1781 3186 1856 impetravit,
3220 1781 3448 1856 benigne
3491 1786 3754 1856 accipiat,

2167 1856 2219 1905 et
2244 1848 2315 1904 ad
2344 1866 2401 1906 se
2431 1850 2591 1907 rebus
2620 1848 2951 1908 necessariis
2969 1854 3215 1925 provisos
3242 1848 3439 1910 mittat.

2169 1955 2406 2012 Prresuli
2430 1958 2492 2013 L.
2509 1974 2651 2013 cura
2671 1959 2951 2032 pastorali
2975 1959 3289 2016 custodelae
3311 1959 3506 2016 ovium
3526 1961 3759 2019 Christi

2093 2044 2335 2117 provida
2363 2047 2590 2103 cautela
2619 2048 2967 2121 invigilanti,
2991 2049 3086 2104 W.
3118 2066 3253 2106 cum
3286 2050 3477 2107 adelto
3499 2050 3602 2108 Dei
3626 2052 3764 2109 Sal-

2090 2133 2307 2190 vatoris
2337 2134 2579 2209 indigno
2610 2136 2921 2206 tirunculo,
2956 2156 3220 2212 superne:
3251 2139 3765 2215 salvationisjuge

2091 2238 2403 2294 precamen
2432 2225 2491 2281 in
2523 2225 2772 2283 Christo.

2161 2313 2523 2371 Auctoritate
2585 2318 2913 2377 sanctitatis
2961 2327 3187 2388 vestras,
3229 2338 3465 2383 summe
3523 2330 3758 2400 pastor,

2092 2399 2282 2472 lepide
2314 2403 3019 2478 persuasi,solidariaeque
3052 2411 3510 2468 conversationis
3531 2399 3759 2470 nostra?

2092 2490 2499 2560 singularitate
2517 2495 2804 2568 compulsi
2823 2496 3249 2557 solidissimum
3270 2499 3436 2558 littus
3448 2504 3765 2574 stagnina-

2093 2595 2226 2634 rum
2247 2578 2693 2653 impulsionum,
2710 2586 3148 2662 anchoramque
3164 2590 3478 2649 verissimae
3500 2594 3625 2665 spei
3644 2611 3768 2666 per

2093 2668 2374 2725 nuntium
2400 2672 2771 2743 adnavimus,
2796 2679 3126 2737 tutissimos
3157 2679 3423 2738 videlicet
3451 2682 3621 2738 sinus
3651 2686 3767 2742 ab—

2094 2756 2248 2814 batis
2280 2761 2619 2834 nostri,quo
2652 2765 3065 2826 ﬂuctuationes
3096 2771 3353 2828 fraterna
3382 2772 3618 2829 raritate
3648 2791 3767 2830 no-

2090 2843 2181 2900 bis
2230 2844 2436 2916 illisas,
2470 2849 2667 2923 aliquo
2719 2856 3106 2915 consolatorio
3137 2861 3497 2918 stabilimine
3541 2863 3763 2925 sedare

2091 2931 2188 3024 pia
2218 2940 2694 3024 augmentatione
2727 2944 2980 3002 fratrum
3007 2949 3301 3021 dignetur.
3335 2952 3491 3018 Quos
3518 2951 3568 3008 si
3598 2969 3761 3024 prm-

2092 3021 2502 3083 destinationis
2531 3028 2634 3087 Dei
2663 3030 2756 3088 via
2787 3033 3063 3092 direxerit
3091 3039 3163 3093 ad
3194 3041 3522 3112 Angustam
3552 3021 3763 3098 civita-

2088 3112 2623 3183 tem,adjunctione
2653 3120 2946 3179 sociorum
2976 3124 3224 3195 itineris,
3241 3128 3544 3186 fulcimine
3565 3147 3761 3203 equo-

2090 3214 2243 3290 rum,
2303 3219 2710 3282 equorumque
2767 3212 2987 3285 aurigis
3045 3215 3377 3275 sublevatos
3433 3234 3764 3290 precamur

2019 3267 2062 3335 (ἶ
2093 3285 2350 3377 humane
2382 3295 2605 3369 suscipi
2645 3298 2925 3370 jubeatis,
2962 3309 3266 3377 susceptos
3312 3267 3483 3363 nobis
3514 3308 3760 3367 mittere

2094 3375 2445 3448 dignemini.

2165 3465 2569 3531 Vuillihardus
2600 3475 2847 3536 clericus
2878 3499 2913 3536 a
2939 3483 3105 3538 vobis
3134 3499 3436 3556 regressus
3487 3488 3648 3545 venit
3677 3491 3757 3546 ad

2095 3570 2202 3611 nos
2234 3558 2441 3629 quinta
2467 3563 2612 3621 feria
2639 3572 2774 3625 ante
2806 3570 3269 3644 Theophaniam,
3297 3574 3400 3647 qui
3429 3574 3753 3647 intimavit,

2097 3647 2252 3719 quod
2286 3650 2682 3724 admiremini,
2716 3660 2872 3730 quod
2918 3677 3110 3732 neque
3158 3679 3264 3735 per
3308 3663 3608 3733 nuntium,
3641 3671 3756 3722 aut

2095 3751 2199 3806 per
2225 3737 2533 3810 epistolam
2576 3743 2968 3816 innotuimus,
3000 3750 3144 3821 quid
3175 3752 3524 3821 faceremus,
3557 3755 3757 3826 quali-

2095 3826 2249 3882 terve
2281 3846 2610 3901 possemus.
2625 3834 2909 3893 Valetudo
2942 3841 3271 3898 sanctitatis
3291 3846 3493 3899 vestra:
3515 3848 3753 3899 tantum

2097 3921 2274 3985 queat
2303 3918 2361 3975 in
2394 3920 2671 3980 Domino!
2711 3923 2864 3984 circa
2898 3944 3005 3985 nos
3035 3929 3107 3985 ob
3140 3930 3390 4002 gratiam
3421 3932 3602 3990 vestri
3633 3949 3758 3990 om-

2096 4004 2195 4062 nia
2225 4007 2371 4065 bene
2403 4014 2765 4085 aguntur.Ut
2797 4017 2868 4073 de
2899 4018 3058 4073 omni
3090 4019 3502 4078 incertitudine
3520 4038 3759 4079 conver—

2097 4097 2341 4156 sationis
2373 4106 2585 4158 nostraz
2607 4104 3016 4176 certiﬂcemus,
3032 4109 3233 4165 omnia
3253 4110 3569 4167 ordinatim
3590 4110 3758 4169 inno-

2096 4190 2293 4243 tamus
2322 4189 2559 4262 scripta.
2587 4193 2761 4250 Sexta
2790 4195 2951 4262 feria,
2984 4213 3112 4269 quae
3144 4198 3411 4270 proxima
3453 4188 3581 4256 dies
3631 4184 3756 4257 erat

2098 4280 2231 4345 post
2280 4278 2472 4334 natale
2532 4280 2867 4352 infantium,
2904 4284 3225 4345 direximus
3284 4287 3595 4360 epistolam
3653 4305 3755 4362 per

2098 4364 2394 4436 nuntium,
2429 4374 2494 4425 ut
2522 4371 2707 4429 oculis
2735 4374 2945 4431 vestris
2976 4381 3302 4449 perspecta,
3337 4376 3388 4433 si
3441 4379 3653 4435 essetis
3692 4378 3753 4434 in

2094 4454 2376 4526 Augusta,
2400 4456 2789 4531 impressione
2821 4462 2998 4536 sigilli
3023 4466 3199 4523 vestri
3257 4464 3601 4524 bullaretur.
3636 4467 3752 4525 Hoc

2098 4547 2293 4602 autem
2326 4548 2623 4621 exemplar
2652 4551 2931 4624 epistolae.

2861 4678 2983 4734 VlI.

2417 4782 2610 4834 EPISTO
2617 4784 2700 4822 LE
2739 4783 3048 4824 PII/8010133
3086 4784 3405 4827 IXEMPLUM
3413 4813 3426 4825 .

2098 4852 2446 4929 Commendat
2480 4855 2625 4927 Wigo
2656 4856 2789 4929 duos
2806 4859 3034 4929 juvenes
3080 4859 3369 4914 monachos
3403 4860 3461 4913 F.
3505 4859 3750 4916 scholas-

2162 4928 2287 5068 ἔξω.
2314 4928 2645 5055 Augustam,
2680 4928 2893 5000 sibique
2933 4930 3216 4986 Prisciani
3263 4932 3487 5002 majoris
3538 4934 3747 5003 copiam

2235 5014 2284 5053 ri
2314 5015 2444 5068 roga
2472 5040 2485 5053 .

2235 5014 2284 5053 ri
2314 5014 2485 5070 rogat.

2161 5095 2511 5169 Apostolicis
2532 5097 2867 5170 agminibus
2897 5099 3099 5156 ordine
3129 5099 3496 5157 haereditario
3548 5101 3744 5157 ccelico

2091 5190 2239 5243 nutu
2263 5192 2680 5244 connumerato
2705 5188 2763 5243 F.
2781 5204 3048 5261 superum
3069 5188 3405 5263 sponsionis
3425 5191 3743 5263 perdignos

2082 5275 2479 5347 judicantium
2511 5278 2750 5351 gradus.

2159 5365 2530 5424 Institutione
2555 5366 2684 5424 vita:
2728 5366 3092 5425 Benedictime
3124 5369 3350 5439 nutriti,
3385 5369 3739 5426 monarcbia

2088 5456 2353 5530 cogimur
2383 5456 2699 5515 obeditioni
2731 5461 2923 5515 mente
2953 5459 3219 5529 subesse,
3240 5463 3530 5533 praecepta
3564 5460 3742 5531 majo-

2086 5562 2219 5604 rum
2269 5547 2441 5605 celeri
2490 5547 2707 5618 pedum
2757 5548 3144 5621 suspensione
3194 5547 3433 5620 perfecti
3486 5548 3547 5604 in
3580 5548 3763 5605 omni-

2086 5636 2457 5711 praecipimur
2529 5653 2676 5694 esse.
2754 5635 2821 5695 ϐ.
2882 5638 3200 5709 (Gozpertus
3276 5637 3369 5693 ab.
3435 5637 3738 5710 Tegerns.)

2085 5744 2330 5809 summa:
2360 5726 2729 5807 perfectionis
2762 5730 3006 5810 amator,
3023 5724 3448 5811 Monachorum
3470 5726 3735 5787 fidelium
