3910 6456
215 497 286 556 13
1706 495 2130 558 EPlSTOLxE.

3552 500 3631 557 14

209 625 515 700 piissimus
536 629 1081 700 pastor,quemdam
1101 628 1338 685 fratrem
1359 627 1583 700 vivida'j
1595 635 1867 685 uventute
1897 632 1953 696 Α
1981 629 2310 702 ingerendzc
2343 630 2575 686 differre
2591 627 2780 686 velitis
2805 629 2878 685 ob
2902 646 3144 687 causam
3178 633 3388 686 nostrae
3421 628 3658 685 humil-.

210 718 513 773 florentem
550 715 849 772 commisit
881 716 1025 772 mihi
1058 718 1128 773 ad
1163 719 1514 788 docendum,
1536 719 1788 790 alicujus
1806 720 1875 775 ri-

205 806 323 862 vuli
351 805 650 879 guttulam
673 823 769 862 mc
793 823 1040 878 sperans
1062 807 1270 878 sapida
1290 814 1484 864 mente
1507 810 1870 881 degustasse.

210 896 489 953 Omnium
522 913 782 968 namque
811 898 1117 954 doctorum
1151 899 1309 954 fama
1342 915 1402 954 se
1432 901 1684 954 testatur
1713 915 1871 954 com-

206 986 446 1058 perisse,
482 985 734 1042 maxime
769 988 1071 1043 abundare
1123 987 1418 1043 civitatem
1469 991 1671 1042 vestrae
1717 987 1872 1043 sedis

207 1079 550 1131 cunctarum
568 1075 902 1131 liberalium
921 1077 1137 1131 artium
1151 1075 1526 1132 docibililate.
1543 1075 1728 1147 Cujus
1747 1071 1872 1148 spei

204 1165 513 1220 securitate
554 1165 886 1232 roboratus,
909 1169 1226 1238 vestraque
1265 1164 1446 1220 fultus
1481 1165 1696 1221 suabili
1725 1166 1868 1238 peti-

203 1253 355 1310 tione
384 1253 561 1309 etiam
594 1252 779 1308 alium
814 1271 923 1310 sua
949 1258 1161 1326 sponte
1184 1255 1509 1311 admiserat
1529 1256 1788 1311 fratrem.
1807 1256 1868 1310 In

199 1341 416 1415 quibus
447 1360 566 1398 sua:
592 1360 971 1416 nequaquam
993 1361 1318 1415 possumus
1342 1344 1582 1416 implere
1604 1344 1868 1399 volunta-

199 1432 275 1488 tis
316 1433 672 1504 jussionem,
707 1431 820 1488 nisi
852 1437 1056 1488 vestrae
1091 1432 1422 1489 habeamus
1453 1433 1870 1489 consolationis

197 1521 796 1594 fulcimen.Majorem
829 1522 1048 1577 librum
1073 1522 1357 1578 Prisciani
1391 1523 1649 1594 petimus
1677 1524 1865 1589 nobis,

197 1618 263 1667 ut
289 1611 557 1684 jubeatis
606 1610 1039 1683 aliquantulam
1090 1611 1374 1684 temporis
1426 1611 1711 1683 praestari,
1751 1629 1867 1684 quo

190 1702 280 1758 vel
313 1703 465 1759 duos
490 1700 719 1758 libellos
749 1701 1050 1773 legendos,
1069 1700 1223 1756 sicut
1245 1700 1404 1772 jussi
1437 1700 1870 1768 sumus,facul-

189 1795 376 1849 tatem
405 1791 752 1858 habeamus,
787 1807 858 1845 ne
890 1789 1301 1846 inobedientiae
1353 1793 1597 1862 cutpam
1637 1789 1867 1845 incida-

187 1898 349 1950 mus,
364 1880 414 1938 si
446 1881 713 1953 injuncta
731 1878 901 1951 quasi
927 1878 1320 1950 despicientes
1357 1878 1732 1947 omittamus;
1770 1877 1871 1935 aut

186 1987 260 2027 ne
317 1969 689 2026 inexhaustae
741 1967 1118 2023 abundantia:
1171 1965 1537 2023 bibliotheca:
1591 1967 1858 2024 Ecclesiae

182 2063 398 2116 vestrae
459 2057 694 2130 culpam
754 2056 964 2129 inopia
1027 2061 1496 2129 praesumptuosis
1553 2057 1862 2112 videamur

182 2148 475 2220 irrogare,
494 2146 543 2202 si
567 2146 824 2218 cuipiam
851 2149 1222 2201 externorum
1247 2162 1350 2218 pro
1377 2146 1478 2204 tali
1512 2145 1861 2202 necessitate

185 2237 388 2310 inepte
419 2251 576 2308 genu
610 2236 839 2291 ﬂectere
869 2233 1304 2306 compellimur.
1337 2234 1560 2290 Valete.

952 2332 1105 2388 VIII.

184 2423 461 2464 COMMUNI
520 2421 764 2462 SUORUM
812 2416 1036 2460 ΝΟΜΙΝΒ
1094 2421 1166 2459 ΑΙ)
1225 2421 1554 2461 HEINRICUM
1616 2421 1862 2461 ΒΟΧΑΒῙᾸΞ

922 2491 1139 2531 ΒΟΟΕΜ.

281 2579 466 2634 Pisces
495 2576 606 2632 sibi
631 2592 732 2648 pro
761 2573 1080 2631 celebrando
1104 2575 1355 2646 festivius
1384 2575 1608 2632 Pascate
1638 2576 1780 2631 mitti

946 2653 1119 2717 rogat.

264 2746 334 2802 Η.
370 2745 719 2802 Christianae
773 2744 960 2818 genti:
1016 2745 1242 2800 ductori
1295 2745 1856 2816 praecellentissimo,

190 2837 409 2892 fratres
478 2833 1020 2908 Phyuhtwangensi
1085 2834 1420 2905 congregati
1480 2836 1856 2903 monasterio,

193 2923 579 2980 devotissima
611 2923 813 2978 munia
844 2938 1086 2994 precum
1117 2921 1177 2976 in
1211 2921 1462 2977 Christo.

263 3013 540 3071 Monaehi
574 3012 758 3069 solius
791 3011 1047 3067 nominis
1079 3011 1405 3082 adjectione
1425 3011 1679 3078 vocitati,
1706 3014 1856 3068 servi

190 3102 415 3175 egregii
462 3104 798 3174 potentatus
848 3099 1046 3166 vestri,
1082 3103 1140 3155 et
1186 3099 1485 3155 fraterculi
1518 3101 1860 3156 monasterii

186 3191 388 3246 sancti
445 3189 679 3258 Quirini
738 3192 1024 3262 praecepto
1082 3187 1265 3261 patris
1319 3188 1504 3244 nostri
1571 3189 1857 3261 Gozperti,

192 3279 430 3335 czeteris
459 3277 976 3336 commanentibus
1017 3293 1454 3333 commoramur
1499 3277 1558 3332 in
1598 3279 1861 3335 coenobio

1988 718 2139 775 limae
2172 719 2490 792 petitionis,
2528 735 2715 790 usque
2746 719 2890 777 dum
2937 737 3043 778 nos
3089 719 3410 776 facietenus
3459 716 3634 774 collo-

1985 814 2232 880 quentes
2262 809 2587 865 videamus.
2621 809 2746 864 Non
2798 809 2926 865 ideo
2976 809 3086 864 hoc
3135 813 3332 864 autem
3370 806 3636 880 deposci-

1985 915 2141 966 mus,
2179 903 2242 952 ut
2271 914 2406 953 cum
2437 900 2627 954 vestro
2662 897 2892 953 servitio
2941 914 3310 966 excusemus,
3344 897 3486 952 dum
3532 912 3638 952 nos

1985 1004 2119 1042 cum
2152 987 2430 1042 omnibus
2462 986 2679 1043 nostris
2701 988 2906 1042 devota
2931 986 3598 1059 servitiaimpendamus
3621 1000 3636 1040 :

1985 1077 2083 1130 sed
2119 1075 2305 1130 multa
2337 1077 2513 1131 etiam
2547 1075 2662 1131 alia
2694 1092 2874 1148 penes
2902 1094 3025 1144 vos,
3060 1076 3108 1132 si
3155 1075 3504 1148 dignamini,
3533 1075 3634 1130 ha-

1967 1153 2190 1220 bemus
2224 1166 2546 1220 tractanda.
2580 1165 2795 1221 Valete.

2567 1379 2640 1416 AD
2680 1378 2729 1415 Ε.
2773 1377 3047 1416 COMITEM.

1977 1460 2133 1513 Hunc
2160 1461 2354 1514 suiime
2400 1459 2685 1531 cujusdam
2727 1475 2903 1530 nuper
2947 1459 3058 1514 sibi
3101 1459 3330 1525 donatae,
3365 1461 3632 1531 totiusque

2049 1532 2370 1585 monasterii
2398 1530 2786 1612 S..‘Salva.toris
2814 1531 3342 1602 Phyuhtwangensis
3383 1531 3628 1600 defenso-

2052 1618 2165 1656 rem
2195 1619 2308 1657 esse
2336 1609 2502 1673 cupit.

2051 1698 2114 1752 E.
2152 1699 2470 1754 Functione
2502 1700 2761 1755 comitali
2791 1700 3135 1770 famosaque
3153 1698 3436 1755 virtutum
3468 1699 3629 1756 cultu

1980 1786 2319 1844 alterutrius
2349 1787 2756 1861 generositatis
2786 1787 3108 1860 gloriosum
3138 1792 3391 1844 stemma
3420 1788 3630 1844 nobili-

1978 1875 2126 1931 tanti
2177 1876 2273 1930 W.
2308 1880 2506 1934 custos
2549 1876 2903 1933 constitutus
2948 1877 3008 1932 in
3056 1875 3204 1946 loco,
3239 1877 3631 1934 Phiuhtwanc

1984 1963 2305 2033 nominato,
2341 1983 2476 2022 cum
2509 1967 2742 2040 agmine
2792 1967 3044 2024 fraterno
3083 1967 3356 2024 devotum
3405 1966 3630 2024 saluta-

1975 2069 2110 2110 men
2139 2053 2200 2109 in
2231 2053 2482 2111 Christo.

2044 2144 2382 2199 Fructuosis
2414 2144 2955 2216 dispensationibus
2985 2144 3307 2201 multorum
3358 2145 3624 2202 fidelium

1972 2232 2373 2304 possessiones
2402 2234 2473 2289 ad
2500 2237 2706 2290 sancta
2734 2233 2862 2289 loca
2890 2233 3431 2301 traditas,omnium
3452 2235 3627 2290 bono-

1971 2339 2103 2377 rum
2162 2322 2378 2394 gaudet
2425 2322 2803 2390 conscientia,
2839 2321 2940 2394 qui
3001 2323 3338 2378 haereditate
3393 2326 3626 2380 terrena

1971 2410 2296 2481 comparari
2317 2426 2488 2482 posse
2507 2427 2623 2466 non
2641 2409 2914 2466 dubitant
2931 2426 3207 2482 superna.
3222 2409 3625 2482 Amorehujus

1970 2497 2151 2553 beatas
2173 2497 2391 2570 spei,ut
2414 2497 2746 2554 audivimus
2768 2515 2801 2554 a
2823 2496 3222 2567 narrantibus,
3242 2498 3402 2554 ducti
3422 2515 3626 2570 paren-

1969 2589 2058 2642 tes
2089 2586 2265 2642 vestri
2297 2593 2524 2659 partem
2555 2587 2756 2655 fontis,
2791 2587 2984 2643 vivida
3035 2585 3392 2658 scaturigine
3437 2586 3622 2644 salem

1971 2675 2365 2746 seaturientis,
2381 2676 2748 2732 tradiderunt
2770 2674 3125 2732 monasterio
3156 2674 3472 2730 Salvatoris
3496 2692 3627 2731 nos-

1971 2765 2064 2833 tri,
2101 2766 2254 2836 quod
2289 2765 2508 2838 optime
2536 2783 2638 2822 vos
2683 2782 2854 2822 nosse
2902 2763 3191 2831 novimus,
3225 2763 3364 2834 quid
3416 2765 3623 2819 datum

1971 2856 2066 2923 sit,
2102 2859 2158 2910 et
2187 2872 2304 2926 qua
2344 2854 2467 2928 lege
2517 2855 2888 2910 serviendum
2941 2853 3017 2910 sit
3066 2853 3137 2908 ad
3181 2852 3292 2907 hoc
3329 2852 3622 2908 concessis

1973 2943 2299 3016 mancipiis.
2335 2945 2522 3009 Quare
2552 2947 2744 2998 ratum
2777 2944 2896 2998 fore
2928 2940 3224 2998 consiliati
3247 2957 3454 2996 sumus
3487 2959 3624 2997 con-

1971 3033 2128 3089 cordi
2161 3031 2535 3088 coneessione
2559 3032 2741 3088 nostri
2762 3030 3026 3087 advocati
3049 3029 3190 3086 talia
3211 3031 3625 3087 commendare

1969 3127 2170 3178 vestrae
2201 3121 2546 3190 defensioni,
2572 3121 2772 3194 qualia
2793 3125 2933 3177 sunt
2962 3119 3245 3176 attributa
3266 3120 3622 3176 monasterio

1972 3218 2408 3268 antecessorum
2439 3216 2763 3266 vestrorum
2813 3208 3114 3266 beneficio.
3139 3208 3327 3264 Alieni
3370 3225 3626 3280 namque

1973 3300 2311 3374 superducti
2359 3317 2466 3355 sua
2514 3301 2699 3367 lucra,
2745 3316 2860 3354 non
2901 3300 3130 3370 justam
3188 3296 3622 3355 aemulationem

186 3368 772 3442 Phyuhtwangensi,
788 3366 1199 3424 consuetudini
1217 3367 1572 3423 monachicae
1585 3368 1848 3424 constitu-

2051 3391 2179 3445 ztari
2211 3390 2562 3444 referuntur.
2597 3387 2744 3454 Quia
2763 3387 2822 3441 in
2841 3386 3096 3442 onnibus
3122 3385 3390 3458 negotiis,
3410 3385 3482 3441 ad
3515 3400 3622 3440 nos

185 3458 395 3525 tionis,
412 3461 585 3530 prout
611 3474 951 3530 possumus,
968 3455 1380 3511 deservientes.
1398 3455 1558 3511 Felix
1575 3456 1852 3526 Ecclesia,

186 3563 319 3619 quae
344 3546 630 3620 perdigne
650 3545 982 3620 gratulatur
1004 3543 1103 3599 tali
1132 3542 1398 3617 principe
1419 3543 1593 3599 fulta!
1621 3544 1857 3600 Celebre

186 3653 414 3694 nomen
442 3640 726 3704 vestrum,
752 3634 907 3708 quod
941 3633 1166 3706 jugiter
1194 3632 1505 3688 amorifero
1529 3634 1700 3688 corde
1719 3633 1856 3689 hinc

185 3724 326 3782 inde
349 3723 808 3780 sermocinando
831 3722 1102 3789 volitans,
1122 3721 1338 3794 ubique
1360 3738 1596 3777 summo
1620 3738 1857 3778 rumore

187 3814 570 3882 diffunditur,
599 3812 807 3868 vilitati
841 3815 1052 3867 nostra:
1085 3809 1452 3867 denuntiavit
1483 3810 1854 3882 praesentiam

184 3902 376 3959 vestri
397 3903 518 3958 fore
546 3901 606 3956 in
637 3901 935 3956 vicinitate
965 3898 1136 3955 nobis
1159 3899 1478 3954 admodum
1499 3902 1852 3970 opportuna.

188 3991 423 4048 Idcirco
455 3990 628 4063 quasi
659 3991 730 4045 de
755 3988 1069 4061 asperitate
1093 3987 1398 4054 eremitali,
1416 3986 1515 4042 ubi
1535 3986 1709 4043 tellus
1733 4004 1858 4044 nes-

191 4080 271 4135 cit
302 4086 655 4154 stagnorum
688 4079 926 4152 gignere
949 4076 1135 4144 sinus,
1159 4079 1217 4132 et
1248 4080 1312 4131 ut
1338 4075 1419 4131 ita
1449 4075 1854 4148 dicatur,quid

190 4169 270 4225 sit
301 4168 509 4242 piscis,
542 4168 778 4241 penitus
809 4166 1131 4239 ignoretur,
1165 4163 1455 4220 mittimus
1493 4165 1564 4221 ad
1598 4164 1853 4222 nobilem

193 4257 616 4315 celsitudinem
648 4260 922 4325 vestram,
941 4254 991 4310 si
1014 4254 1207 4311 debita
1228 4253 1394 4327 cepia
1414 4253 1630 4310 vivaria
1648 4254 1784 4323 lata,
1800 4259 1857 4311 et

192 4347 416 4420 saepius
439 4347 648 4403 merito
671 4363 703 4402 a
723 4345 839 4402 Deo
862 4343 1163 4400 dilatanda
1189 4343 1514 4401 scaturiant
1530 4343 1856 4400 abundanti

192 4438 251 4491 et
280 4433 809 4492 consuetudinaria
839 4433 1091 4506 piscium
1124 4433 1330 4500 fetura,
1348 4437 1615 4488 nostrum
1635 4433 1856 4489 Pascha

191 4526 506 4599 piscigena
535 4524 841 4597 largitione
864 4521 1125 4594 jubcatis
1140 4522 1477 4593 jucundari,
1497 4521 1730 4578 solitam
1753 4524 1858 4578 im-

192 4615 507 4686 pertien’do
540 4612 1028 4679 misericordiam,
1049 4628 1229 4684 quam
1259 4610 1424 4666 vobis
1455 4611 1675 4666 fecistis
1699 4613 1854 4684 apud

191 4703 389 4760 Deum
421 4702 578 4776 piam
611 4707 940 4775 patronam,
977 4716 1209 4772 semper
1239 4699 1663 4757 commiserans
1709 4699 1855 4756 indi-

193 4793 500 4863 gentibus.
527 4790 744 4847 Valete.
993 4862 1062 4919 Ix

637 4969 708 5007 AD
750 4968 783 5006 G
793 4994 804 5006 .
847 4967 1442 5008 ARCIIIPRESBYTERUM

205 5033 272 5090 Ut
302 5031 675 5104 inﬂigendam
705 5031 971 5158 Ortwinod
988 5032 1306 5177 $6231er
1350 5048 1567 5104 paenam
1613 5032 1874 5103 tantisper

976 5123 993 5159 ι
1040 5121 1101 5159 er

976 5121 1101 5159 mer

270 5191 343 5247 G.
358 5191 710 5250 Venerando
732 5193 892 5250 archi
899 5193 1235 5266 presbytero
1251 5191 1346 5248 W.
1365 5191 1877 5266 Phyuhtwangen-

203 5280 291 5337 sis
325 5281 605 5337 Ecclesim
647 5282 918 5355 provisor
941 5281 1223 5353 indignus
1255 5279 1504 5336 salutem
1536 5280 1597 5335 in
1628 5280 1878 5336 Christo.

276 5369 626 5426 Ortwinum
645 5371 1052 5445 presbyterum
1071 5375 1262 5426 vestro
1281 5367 1660 5441 discipulatui
1683 5369 1874 5439 subje-

197 5464 370 5518 ctum
406 5459 743 5518 audivimus
774 5460 834 5516 in
857 5477 959 5517 vos
976 5477 1105 5517 esse
1125 5458 1500 5532 culpabilem.
1517 5459 1587 5514 Et
1608 5474 1724 5512 non
1747 5473 1872 5513 mo-

197 5548 414 5605 dicum
446 5550 769 5620 doluimus,
805 5549 946 5623 quia
971 5548 1243 5606 videlicet
1271 5564 1377 5604 nec
1409 5563 1515 5603 nos
1544 5544 1722 5602 habet
1742 5543 1874 5617 pla-

199 5645 436 5709 catum,
471 5639 520 5696 si
553 5656 654 5696 vos
694 5640 872 5697 hibet
901 5640 1212 5696 offensum.
1257 5637 1371 5694 Sed
1417 5635 1559 5708 quia
1609 5632 1874 5706 synodali

196 5745 464 5788 censura
483 5729 786 5786 convictus
813 5733 904 5786 est
926 5746 1062 5788 reus
1084 5723 1661 5804 exstitissc,petimus
1691 5725 1874 5803 pieta-

192 5823 319 5880 tem
375 5823 657 5890 vestram,
691 5822 756 5878 ut
805 5820 1047 5880 modum
1094 5815 1470 5896 poenitentia},
1505 5814 1618 5878 sibi
1665 5816 1873 5879 merito

1967 3477 2414 3551 pertinentibus,
2449 3481 2709 3532 vestrum
2758 3475 3127 3548 suffragium,
3162 3475 3211 3530 si
3262 3473 3618 3546 dignemini,

1967 3567 2182 3622 habere
2213 3566 2639 3633 desideramus,
2656 3565 2814 3620 hunc
2837 3565 3076 3620 fratrem
3099 3561 3392 3618 mittimus
3417 3561 3619 3634 pietati

1964 3660 2187 3723 vestrae,
2221 3671 2396 3727 quem
2427 3655 2661 3710 easdem
2695 3669 2786 3708 res
2820 3653 3146 3709 feceramus
3186 3666 3518 3722 procurare,
3552 3654 3620 3705 ut

1967 3761 2198 3817 semper
2229 3743 2702 3801 reclamationem
2733 3759 2837 3816 per
2860 3758 2995 3797 eum
3027 3741 3374 3808 habeamus,
3409 3756 3617 3796 secun-

1967 3835 2109 3890 dum
2141 3833 2295 3906 quod
2327 3833 2491 3888 scitis
2520 3833 2786 3904 ejusdem
2819 3829 3052 3886 familiae
3081 3829 3269 3903 legem
3309 3833 3615 3902 statutam,

1967 3941 2039 3979 ne
2069 3940 2166 3979 eos
2199 3921 2412 3993 aliquis
2444 3921 2663 3992 injuste
2721 3923 2950 3992 premat
2998 3919 3253 3987 servitio,
3285 3918 3374 3974 vel
3423 3919 3494 3974 ab
3534 3917 3620 3974 eis

1969 4012 2302 4085 negligatur
2333 4009 2525 4082 colligi
2557 4014 2614 4065 et
2645 4009 2806 4065 reddi
2830 4007 3280 4078 census,domui
3303 4007 3405 4063 Dei
3432 4007 3625 4078 inqui-

1966 4103 2183 4158 rendus
2217 4105 2273 4156 et
2302 4099 3024 4170 reddendus.Quanquam
3055 4097 3213 4154 enim
3236 4095 3477 4169 quidam
3500 4094 3626 4167 qui-

1966 4193 2077 4248 bus
2108 4191 2379 4246 humanae
2413 4189 2763 4259 caducaeque
2787 4203 2877 4243 res
2902 4186 3155 4242 nimium
3187 4183 3628 4253 adhaerent,hu-

1955 4278 2221 4376 jusmodi
2243 4279 2380 4334 data
2401 4275 2772 4376 patrimonia,
2790 4275 2903 4376 sibi
2921 4274 3166 4376 penitus
3190 4271 3423 4376 sublata
3448 4271 3629 4376 pumi-

1964 4359 2142 4438 ieant,
2175 4373 2371 4424 tamen
2404 4383 2519 4423 non
2550 4365 2662 4422 erit
2691 4363 2976 4421 exstincta
3006 4363 3119 4435 piis
3168 4359 3418 4434 posteris
3458 4360 3619 4418 clara

1965 4468 2022 4520 et
2049 4456 2300 4532 insignis
2330 4453 2720 4512 remuneratio
2750 4453 3017 4526 ejusdem
3047 4450 3429 4519 haereditatis,
3449 4449 3499 4506 si
3525 4466 3625 4508 eos

1965 4551 2167 4608 eadem
2197 4545 2460 4620 priorum
2482 4543 2794 4600 comitatur
2813 4541 3038 4598 devotio
3068 4540 3128 4596 in
3157 4538 3468 4596 excolendo
3494 4538 3622 4595 Dei-

1966 4658 2080 4714 que
2112 4635 2344 4694 servitio
2375 4635 2576 4690 devote
2607 4630 3018 4704 mancipando,
3053 4633 3119 4685 ut
3148 4629 3278 4699 hoc,
3308 4629 3464 4700 quod
3511 4644 3619 4684 na-

1899 4749 1949 4816 D
1979 4735 2112 4786 tura
2141 4723 2343 4783 debuit
2367 4723 2563 4790 homo,
2599 4721 2797 4778 anima
2829 4718 3124 4794 possideat
3155 4719 3212 4774 in
3244 4718 3439 4774 futuro
3482 4734 3629 4791 prae-

1981 4819 2098 4875 mio
2131 4811 2518 4872 haereditario.
2552 4811 2824 4947 Valetein

2176 4993 2248 5033 AD
2289 4989 2619 5032 LUITOLDUM
2656 4986 2984 5029 EPISCOPUM
3021 4984 3437 5027 AUGUSTANUM.

2118 5078 2192 5132 De
2241 5075 2467 5148 injuriis
2509 5072 2620 5127 sibi
2661 5088 2696 5126 α
2742 5067 3011 5127 Rihhardi
3055 5070 3173 5140 ﬁlio
3224 5069 3498 5140 irrogatia.

2059 5176 2122 5232 L.
2155 5171 2505 5230 Praesulatus
2537 5170 2729 5226 officio
2752 5168 2953 5225 cmlica
2973 5166 3324 5240 praesulante
3343 5167 3534 5240 gratia
3554 5165 3641 5223 in-

1991 5265 2228 5339 signito,
2265 5264 2444 5318 frater
2489 5260 2584 5315 W.
2621 5259 3048 5331 praeordinatus
3095 5255 3639 5330 Phyuhtwangensi

1981 5351 2356 5419 monasterio,
2387 5348 2676 5423 quidquid
2710 5364 2913 5404 servus
2944 5345 3309 5403 devotissimi
3350 5343 3637 5402 oraminis

1981 5444 2068 5501 vel
2145 5439 2547 5500 famulaminis
2603 5438 2851 5495 Domino
2921 5436 3336 5510 perpetualiter
3390 5433 3637 5492 haeredi-

1981 5542 2151 5599 tario.

2054 5632 2292 5688 Detersa
2321 5630 2501 5687 totius
2535 5625 3028 5686 murmurationis
3053 5625 3355 5684 occasione
3375 5623 3635 5680 cordate-

1985 5742 2098 5782 nus
2127 5723 2464 5798 frequenter
2493 5718 2841 5777 revolvimus
2873 5716 3092 5775 ﬂebilia
3120 5716 3394 5782 lamenta,
3417 5709 3635 5783 quibus
3689 5735 3700 5745 ο

1985 5815 2236 5900 Hebraeae
2262 5816 2502 5878 catervae
2533 5809 2787 5874 nimium
2822 5807 3078 5880 doluere,
3098 5803 3332 5879 Moysen
3352 5804 3409 5860 et
3441 5797 3637 5884 Aargg
