3910 6444
323 499 401 560 15
1426 493 1838 557 HELPERICI
1884 490 1979 553 MC

2132 493 2237 555 3H1
2280 495 2344 554 S.
2393 494 2640 555 GALLI.
3372 560 3377 567 ,
3656 484 3751 554 416

327 646 388 685 se
418 630 597 686 fetere
619 629 824 686 fecisse
855 645 1051 685 coram
1085 628 1381 685 Pharaone
1413 633 1469 684 et
1497 626 1798 701 Egyptiis,
1834 627 1975 682 dum
1998 612 2062 695 λ
2090 626 2290 700 inopia
2320 627 2601 684 frumenti
2632 643 2820 701 nuper
2865 626 3027 681 vobis
3077 624 3380 681 incassum
3416 622 3748 682 demanda-

330 719 591 792 quotidie
616 721 672 774 et
700 718 811 792 ipsi
844 717 1185 773 durioribus
1220 717 1590 773 diversarum
1614 717 1980 772 sarcinarum

331 806 624 878 premitur
653 804 1000 879 opprobriis.
1039 805 1308 861 Cruentis
1357 803 1697 879 vulneribus
1738 802 1982 860 sauciati

330 895 762 969 querimoniam
794 895 1119 951 feceramus
1151 896 1222 950 de
1265 893 1633 950 multimodis
1684 892 1919 965 injuriis
1951 910 1985 947 a

330 984 448 1040 filio
483 983 765 1039 Rihhardi
799 983 969 1040 nobis
1000 1000 1152 1055 smpe
1175 982 1388 1055 smpius
1413 981 1985 1053 arroganterirroga—

332 1072 428 1139 tis,
447 1090 553 1127 nec
573 1072 754 1127 ullam
780 1072 1251 1128 emendationem
1284 1072 1519 1143 penitus
1554 1070 1981 1140 sentiebamus;

326 1162 427 1216 sed
460 1166 697 1233 propter
719 1161 849 1227 hoc,
868 1161 1023 1232 quod
1048 1160 1212 1215 vobis
1236 1158 1459 1214 causati
1491 1175 1721 1226 sumus,
1738 1156 1983 1215 odibiles

325 1248 639 1305 existimas
672 1249 950 1305 omnibus
1000 1247 1208 1304 incolis
1257 1247 1417 1303 illius
1465 1248 1743 1319 regionis.
1775 1246 1984 1302 Nullus

324 1339 483 1394 enim
535 1343 714 1407 amat,
750 1336 953 1394 nullus
1001 1340 1341 1403 veneratur;
1374 1337 1514 1408 quia
1564 1335 1759 1390 nullus
1817 1336 1986 1390 timet

325 1431 739 1501 supratonsus,
772 1443 878 1483 nec
909 1426 1362 1492 circumtonsus,
1395 1442 1500 1480 nec
1531 1424 1715 1481 Deum
1748 1442 1851 1479 nec
1880 1424 1982 1480 ho-

324 1518 567 1572 minem.
603 1516 810 1573 Cuncti
843 1533 949 1572 nos
1000 1514 1436 1571 inimicabiliter
1483 1513 1898 1584 insequuntur,
1929 1516 1987 1567 ct

323 1606 580 1662 maxime
615 1604 712 1659 ille
743 1604 1079 1678 praadictus,
1113 1602 1235 1675 qui,
1270 1605 1583 1677 postquam
1617 1618 1651 1657 a
1678 1600 1841 1658 vobis
1881 1601 1982 1656 do—

321 1712 488 1752 mum
546 1692 767 1751 reversi
820 1710 1051 1762 sumus,
1080 1694 1302 1764 majore
1348 1691 1675 1747 temeritate
1717 1690 1980 1758 inflatus,

323 1785 465 1859 quia
493 1785 745 1842 civicum
790 1781 1149 1857 adjutorium
1184 1800 1299 1838 non
1330 1781 1983 1853 invenerat,eongrega-

314 1879 482 1932 verat
511 1872 889 1946 Suevigenas,
908 1888 1056 1945 quos
1092 1874 1413 1944 poterat,et
1434 1874 1601 1944 prata
1630 1875 1831 1926 nostra
1848 1885 1984 1925 cum

321 1980 527 2021 eorum
557 1962 725 2035 equis
757 1980 826 2019 ex
860 1961 1119 2018 maxime
1150 1964 1313 2033 parte
1343 1962 1624 2033 depastus
1665 1964 1781 2033 est;
1815 1957 1977 2014 illam

324 2069 562 2125 aquam,
579 2056 788 2125 praater
817 2067 997 2124 quam
1019 2049 1244 2107 nullam
1268 2050 1555 2106 habemus
1588 2049 1781 2117 aliam,
1799 2038 1990 2119 quam'

324 2142 376 2197 ci
410 2158 562 2213 saepe
593 2138 1025 2207 interdiximus,
1060 2137 1377 2213 exspiscari
1409 2138 1618 2194 furtive
1650 2142 1704 2192 et
1753 2136 1987 2210 publice

324 2246 442 2286 non
465 2227 774 2285 cessat.De
792 2227 887 2283 his
917 2228 1193 2283 omnibus
1223 2227 1453 2282 nullum
1480 2228 1774 2283 hubemus
1796 2226 1991 2282 defen-

325 2318 547 2375 sorem!
584 2316 722 2389 quia
742 2314 907 2372 vobis
938 2315 1233 2371 variarum
1270 2330 1466 2372 rerum
1502 2316 1735 2389 negotia
1765 2316 1987 2388 jugiter

325 2405 685 2472 allabuntur,
720 2408 1033 2475 nosterque
1066 2403 1381 2459 advocatus
1432 2403 1693 2475 undique
1742 2403 1814 2458 ab
1848 2402 1983 2458 hos-

323 2497 478 2551 tium
511 2493 743 2550 insidiis
776 2494 1046 2549 detentus
1067 2491 1447 2559 dilaceratur;
1483 2498 1538 2547 et
1560 2492 1687 2547 ideo
1712 2509 1746 2546 a
1779 2495 1982 2547 neutro

324 2583 549 2641 defensi
598 2583 738 2639 hinc
785 2581 920 2637 inde
969 2579 1383 2636 miserabiliter
1413 2597 1447 2636 a
1484 2581 1589 2636 tali
1630 2597 1982 2652 quassamus

332 2671 594 2730 homullo
644 2673 744 2745 (ita
774 2671 914 2745 cod.)
946 2676 1143 2726 tamen
1196 2686 1228 2725 a
1275 2669 1473 2741 Capite
1523 2669 1700 2742 Regio
1749 2668 1981 2725 defendi

326 2763 549 2834 absque
572 2759 939 2817 dubitatione
970 2775 1298 2832 speramus.
1333 2757 1552 2815 Valete.

957 2973 1030 3011 AD
1070 2972 1337 3012 EUMDEM.

430 3057 747 3113 Extremam
776 3071 1009 3111 annona:
1032 3056 1327 3125 penuriam
1355 3054 1471 3123 ejus
1502 3053 1873 3121 beneﬁciorum

845 3124 1235 3179 sublevandam
1264 3131 1464 3194 sperat.

394 3223 653 3279 Antistiti
715 3223 776 3278 L.
842 3221 977 3293 (cod.
1025 3221 1100 3289 1.,
1132 3219 1243 3285 sed,
1278 3228 1340 3274 ut
1392 3219 1630 3284 videtur,
1680 3217 1977 3288 mendose,)

322 3312 501 3368 tutori
528 3312 631 3368 Dei
681 3309 952 3366 Ecclesia:
1003 3306 1288 3364 catholico
1330 3306 1569 3380 pastori,
1602 3306 1696 3362 W.
1732 3305 1976 3361 humilis

321 3399 648 3470 homullus,
681 3400 887 3456 devota
917 3397 1122 3454 munia
1166 3395 1507 3453 sedulorum
1558 3394 1978 3469 przecaminum
2006 3372 2052 3440 (ἶ

323 3489 385 3545 in
413 3488 666 3545 Christo.

393 3576 575 3634 Solita
596 3577 906 3634 sedulitate
926 3575 1300 3649 loquacitatis
1322 3576 1530 3649 ineptm
1549 3573 1742 3631 nimia:
1766 3573 1982 3630 insisti-

322 3682 455 3720 mus
510 3666 719 3738 grandi
763 3665 1049 3739 petitioni,
1082 3665 1367 3738 valdeque
1418 3664 1664 3737 grandia
1702 3662 1976 3735 petimus,

322 3754 461 3828 quia
489 3772 590 3812 vos
623 3754 1095 3833 grandiaﬂlargiri
1128 3772 1315 3827 usque
1350 3755 1524 3811 modo
1556 3753 1975 3809 sentiebamus.

308 3844 537 3900 'Serieis
568 3845 803 3914 tunicis,
838 3862 985 3918 quas
1019 3860 1204 3915 usque
1234 3860 1391 3899 nunc
1437 3844 1509 3898 ob
1549 3843 1979 3912 eleemosynam

321 3934 498 3989 vestri
530 3933 890 3992 sufﬁcienter
915 3933 1301 4001 habebamus,
1324 3933 1495 3989 modo
1528 3949 1642 3988 non
1666 3930 1975 3999 habemus,

320 4023 435 4078 nisi
473 4022 689 4097 singuli
719 4023 929 4079 fratres
958 4022 1502 4096 singulas,ipsaque
1524 4023 1809 4076 vetustate
1833 4036 1980 4090 pene

323 4116 724 4185 consumptas.
757 4111 929 4168 Nullo
962 4111 1116 4168 enim
1168 4111 1384 4167 femina
1410 4116 1600 4167 vestro
1625 4112 1760 4183 jure
1810 4108 1978 4163 nobis

320 4217 602 4258 concessa
642 4200 964 4258 lanificium
998 4205 1300 4275 operatur;
1337 4200 1475 4272 quia
1497 4197 1776 4255 utineola:
1801 4196 1981 4269 regio-

322 4289 415 4350 nis
447 4292 765 4361 decertant,
783 4290 943 4348 nullo
975 4290 1148 4347 modo
1180 4288 1282 4345 tali
1307 4288 1431 4361 lege
1457 4283 1979 4359 infringuntur.De

2006 2002 2055 2069 B

2089 732 2382 785 veramus,
2415 715 2555 789 quia
2584 714 2767 788 priori
2798 732 2952 771 anno
2984 717 3149 769 terrm
3200 711 3554 782 infertilitas,
3592 714 3746 771 aeris

2090 805 2478 877 inaequalitas,
2495 810 2559 861 ut
2588 805 2761 860 etiam
2783 804 2970 860 horno
2992 802 3259 859 videmus
3280 802 3529 871 evenire,
3546 803 3748 876 fruges

2090 894 2370 950 ditiorum
2418 895 2703 963 locorum,
2746 911 2874 968 quae
2926 892 2984 949 in
3038 892 3377 948 alimoniam
3430 892 3747 962 habemus,

2091 983 2302 1040 hiemis
2333 984 2638 1058 asperitas,
2672 983 3013 1056 pruinasque
3063 981 3418 1037 mordacitas
3466 981 3749 1054 utrinque

2090 1073 2225 1147 plus
2255 1091 2431 1147 quam
2464 1091 2533 1129 ιχ
2556 1075 2769 1147 jugera
2796 1071 3205 1137 deeoxit.0uid
3232 1070 3317 1125 illi
3348 1070 3647 1127 familiolaz
3672 1072 3751 1128 fa-

2091 1162 2364 1219 ciendum
2395 1163 2489 1231 sit,
2525 1162 2843 1228 nescimus,
2877 1179 3005 1234 quae
3036 1161 3174 1216 hinc
3224 1160 3359 1213 inde
3396 1158 3612 1232 vagula
3646 1178 3751 1233 per

2088 1252 2249 1307 varia
2269 1252 2592 1324 dissipatur
2619 1252 2766 1319 loca,
2798 1268 2915 1307 non
2945 1249 3170 1305 habens
3192 1247 3370 1304 debiti
3399 1247 3593 1303 victus
3626 1250 3747 1304 suf-

2090 1341 2406 1397 ﬁcientiam
2444 1339 2792 1396 necessaria.

2164 1430 2296 1486 Istis
2326 1429 2663 1502 caeterisque
2693 1426 3103 1501 praetermissis
3135 1427 3206 1482 de
3225 1425 3563 1482 domesticis
3594 1445 3753 1483 com-

2091 1520 2364 1592 patiendo
2395 1518 2854 1590 tractamus,qui
2888 1534 2992 1573 nos
3024 1516 3285 1588 quotidie
3308 1515 3747 1593 conclamantes

2091 1609 2424 1680 pertubant,
2458 1609 2675 1664 victum
2705 1608 3102 1677 vestitumque
3130 1603 3507 1678 hyperbolice
3536 1620 3747 1679 expos-

2092 1703 2307 1767 centes,
2333 1701 2586 1756 sartores
2640 1696 2907 1754 videlicet
2951 1694 3222 1751 Ecclesia":
3278 1698 3750 1769 cmterorumque

2093 1786 2469 1843 aedificiorum
2528 1786 2974 1842 instauratores.
3010 1785 3135 1841 Duo
3183 1783 3359 1840 etiam
3410 1772 3555 1855 coci,
3591 1792 3747 1843 'unu's

2090 1872 2271 1948 ligna,
2306 1874 2453 1933 alter
2481 1873 2759 1949 colligens
2791 1873 2977 1940 olera;
3012 1873 3131 1928 duo
3156 1871 3428 1945 pistores,
3444 1862 3747 1930 bubulcus

2096 1967 2270 2037 atque
2291 1964 2595 2032 subulcus,
2611 1963 2932 2036 eaprarius,
2948 1966 3147 2017 custos
3169 1970 3476 2033 equorum,
3493 1952 3745 2029 sutores,

2094 2052 2369 2120 leuiores,
2396 2055 2727 2109 brazatores
2747 2049 3263 2123 (braxatores),qui
3297 2062 3456 2106 nunc
3485 2050 3749 2121 quotidie

2093 2147 2320 2197 vacant.
2337 2141 2574 2198 Nullum
2598 2141 2755 2197 enim
2782 2139 3079 2219 hospitem
3111 2128 3428 2211 possumus
3448 2137 3749 2212 suscipere

2095 2236 2196 2285 aut
2226 2236 2364 2303 potu
2400 2232 2665 2287 reticere:
2692 2230 2835 2301 quia
2855 2245 2970 2284 non
2993 2229 3276 2284 dederunt
3295 2226 3466 2283 nobis
3486 2228 3745 2295 brazam,

2095 2320 2338 2391 quibusj
2349 2316 3019 2391 usseratis.Pauperibus
3037 2332 3293 2388 namque
3306 2333 3408 2373 vos
3429 2316 3489 2372 in
3506 2315 3754 2374 eleemo-

2095 2424 2300 2480 synam
2332 2408 2798 2481 suscepimus,et
2828 2406 2938 2473 his,
2963 2405 3063 2479 qui
3093 2404 3231 2461 hinc
3262 2404 3397 2461 inde
3418 2404 3749 2476 conﬂuunt,

2095 2515 2209 2553 non
2256 2498 2542 2554 audemus
2602 2498 2890 2573 denegare
2947 2494 3175 2565 solatia.
3235 2493 3534 2550 Fratribus
3585 2494 3755 2550 omni

2095 2587 2348 2643 Sabbato
2380 2603 2483 2660 pro
2516 2585 2797 2641 charitate
2828 2584 3197 2640 miscendum
3219 2585 3353 2655 post
3377 2580 3749 2652 Mandatum,

2094 2676 2343 2749 aliisque
2372 2675 2623 2731 summis
2645 2675 2809 2731 festis
2839 2673 3279 2741 utendum,non
3307 2670 3606 2733 modicum
3626 2672 3754 2728 vini

2092 2764 2347 2838 empturi
2396 2783 2604 2820 sumus
2658 2781 2793 2820 cum
2840 2762 2939 2819 illa
2987 2761 3237 2835 pecunia
3290 2774 3469 2834 quam
3511 2759 3753 2833 utrique

2093 2854 2276 2911 nostri
2308 2854 2683 2912 dominorum
2714 2844 2911 2925 largiti
2942 2855 3102 2906 sunt.
3126 2851 3345 2909 Cretera
3373 2848 3755 2924 plurimaque

2091 2945 2147 2999 id
2182 2962 2389 3018 genus,
2424 2961 2553 3015 quae
2581 2943 2815 3009 desuut,
2841 2956 3148 3013 speramus
3194 2937 3493 2997 emendari
3516 2954 3549 2993 a
3581 2942 3751 3011 patre

2088 3031 2450 3102 monasterii,
2486 3047 2662 3103 quem
2691 3047 2792 3087 vos
2823 3044 2952 3085 esse
2983 3028 3348 3101 profitemur.
3381 3026 3602 3083 Valete.

2441 3253 2604 3304 IDEM,
2639 3252 2713 3291 UT
2742 3249 3010 3300 VIDETUR,
3042 3248 3116 3287 AD
3147 3248 3202 3288 G.
3236 3247 3304 3287 ET
3331 3248 3384 3286 Ε.

2268 3346 2411 3400 Petit
2436 3343 2833 3415 frequentiores
2866 3342 3075 3396 litteras
3100 3339 3274 3396 εἶξαί
3300 3352 3569 3394 amorem.

2161 3469 2552 3529 Dilectissimo
2583 3466 2734 3542 patri
2780 3466 2846 3524 G.
2880 3465 3190 3538 dignasque
3231 3461 3404 3518 matri
3453 3462 3519 3519 E.
3554 3464 3757 3522 senior

2088 3563 2183 3617 κν.
2215 3563 2506 3632 fraterque
2528 3556 2731 3629 junior
2764 3571 2900 3624 aevo,
2936 3554 3186 3615 salutem
3218 3552 3277 3606 in
3309 3546 3579 3608 Domino.
3684 3626 3690 3631 _

2163 3651 2323 3718 Quod
2357 3649 2530 3721 longe
2560 3649 2821 3720 tempore
2852 3641 3061 3717 privati
3093 3656 3304 3697 sumus
3332 3644 3527 3696 vestro
3570 3639 3754 3699 cello-

2092 3742 2248 3815 quio,
2287 3738 2498 3812 saepius
2546 3736 2851 3791 tristamur
2894 3748 3139 3788 moerere
3190 3747 3306 3786 non
3363 3729 3612 3786 modico.
3647 3728 3754 3786 Ni-

2092 3814 2276 3886 mium
2310 3834 2507 3883 tamen
2541 3825 2745 3882 conﬁsi
2774 3826 2976 3878 vestrm
3010 3818 3209 3894 pietati
3242 3814 3386 3873 nihil
3410 3816 3567 3873 aliud
3591 3823 3757 3892 peta-

2091 3938 2225 3976 mus
2260 3918 2371 3974 nisi
2404 3913 2828 3989 plenitudinem
2862 3910 3165 3966 charitatis
3198 3912 3253 3963 et
3293 3906 3746 3979 compatientim,

2092 4027 2269 4084 quam
2304 4023 2534 4080 semper
2565 4006 2624 4060 in
2657 4002 2820 4061 vobis
2852 4000 3239 4057 habebamus.
3265 3994 3420 4053 Nihil
3442 3996 3602 4052 aliud
3626 4012 3750 4053 ser-

2089 4100 2211 4157 vitii
2245 4098 2533 4155 habemus
2565 4112 2682 4167 prae
2714 4093 3012 4148 manibus.
3030 4088 3148 4147 Hoc
3171 4088 3376 4149 scitote
3395 4085 3523 4141 sine
3543 4085 3747 4152 dubio,

2092 4189 2247 4263 quod
2273 4185 2496 4259 jugiter
2526 4182 2931 4257 supplicamus
2962 4193 3158 4235 coram
3192 4182 3426 4233 summo
3478 4172 3596 4233 Deo
3641 4191 3749 4247 pro

2090 4282 2282 4336 vestra
2308 4273 2669 4332 beatitudine
2699 4271 2795 4329 hic
2821 4275 2877 4327 et
2909 4270 2970 4327 in
3004 4266 3167 4326 ccelo.
3202 4263 3420 4323 Valete.

3304 4430 3305 4437 γ
3460 4430 3465 4435 ,

1643 4642 1796 4682 ANNO
1833 4638 2041 4681 DOMINI
2081 4634 2421 4678 DCCCCLXXX.

1112 4774 2968 5025 HELPEBICUS

1594 5106 2022 5174 MONACHUS
2070 5106 2134 5168 S.
2185 5104 2438 5167 GALLI.

962 5340 1431 5432 NOTlTlA
1486 5332 2094 5426 HISTOBICA
2149 5332 2265 5418 IN
2322 5330 3100 5419 HELPERICUM.

1350 5488 1558 5561 (Apud.
1595 5486 1820 5545 Fabric.
1855 5483 2131 5544 Biblioth.
2165 5483 2317 5541 med.
2352 5485 2409 5540 et
2440 5482 2541 5538 inf.
2578 5481 2727 5556 Lat.)

393 5726 699 5799 Helpricus,
754 5725 1026 5800 Elpricus,
1071 5724 1385 5798 Ilulprz'cus,
1454 5718 1787 5793 IIprcricus,
1846 5721 1969 5778 Hel-
2002 5722 2051 5789 D
2083 5718 2308 5795 nachus
2339 5716 2397 5774 S.
2434 5714 2603 5799 Galli,
2637 5715 2858 5772 ordinis
2886 5716 2947 5771 ‘S.
2983 5708 3303 5779 Benedicti,
3335 5708 3493 5765 circa
3520 5721 3751 5765 annum

274 5812 595 5897 “phericus,
650 5818 1010 5896 Chilpericus,
1060 5814 1427 5915 Hilghcricus,
1475 5811 1802 5887 Hilpcrims,
1848 5829 1978 5875 mo-

2088 5810 2195 5867 980
2221 5794 2456 5879 scripsit
2485 5794 2701 5862 librum
2748 5806 2822 5865 De
2863 5812 3110 5878 computo
3153 5800 3532 5867 ecclesiastico,
3570 5812 3750 5869 quem
