3910 6434
183 506 267 577 η
1426 510 1662 574 LIBER
1705 512 1807 575 DE
1851 511 2244 577 COMPUTO.
2591 576 2600 585 ,
3513 508 3595 574 18

179 640 356 700 edidit
375 641 708 700 Bernardus
730 641 836 700 Pez
860 646 1019 700 tomo
1046 644 1093 700 II
1113 644 1545 702 Anecdotoruin
1577 651 1739 718 parte
1764 662 1825 715 ιι,
1858 648 1908 711 Α
1935 648 2220 716 signorum
2250 644 2331 718 (in
2364 642 2621 715 zodiaco)
2666 643 2980 717 Helprz'cum
3024 641 3155 717 lege.
3182 642 3255 699 At
3295 642 3451 700 enim
3496 645 3586 701 El-

177 747 306 808 pag.
340 733 605 797 182-222.
637 732 797 789 Idem
846 732 995 790 liber
1022 739 1113 791 est
1140 733 1242 808 qui
1272 734 1332 790 in
1365 734 1495 790 aliis
1528 734 1828 792 codicibus

177 806 247 885 De
298 829 415 880 arte
474 823 831 880 calculatoria
884 806 1246 881 inscribitur.
1301 824 1705 881 Praefationem
1753 826 1826 881 ad

173 912 425 984 Asprum,
456 912 728 968 abbatem
760 911 879 969 sive
911 913 1199 969 deeanum
1233 913 1572 969 monasterii
1596 914 1653 969 S.
1681 913 1825 970 Ger-

174 999 329 1058 mani
360 1001 516 1075 apud
536 1001 1029 1070 Antissiodorum,
1050 1003 1313 1059 ediderat
1347 1002 1724 1059 Mabillonius
1747 1010 1827 1060 to-

173 1107 265 1165 mo
295 1091 316 1147 Ι
346 1089 604 1157 Analect,
630 1107 762 1165 pag.
800 1092 901 1146 113
923 1091 1215 1164 (editionis
1247 1109 1405 1147 novae
1438 1108 1571 1166 pag.
1597 1092 1725 1165 431)
1757 1110 1825 1148 ex

172 1180 365 1235 codice
408 1178 773 1236 bibliotheca:
823 1180 882 1236 S.
914 1179 1187 1237 Germani
1235 1181 1306 1236 de
1355 1181 1564 1250 Pratis,
1599 1180 1657 1236 in
1708 1198 1823 1253 quo

171 1268 507 1342 Helpericus
536 1268 645 1325 iste
674 1268 883 1326 abbatis
903 1269 1060 1326 venit
1079 1269 1270 1325 titulo.
1296 1272 1342 1325 A
1371 1270 1667 1343 Sigeberto
1692 1288 1819 1344 cap.

173 1359 272 1414 145
300 1359 369 1414 de
400 1360 461 1415 S.
488 1359 551 1415 E.
578 1362 714 1414 etin
745 1358 1030 1416 Chronico
1055 1360 1301 1415 refertur
1323 1361 1393 1415 ad
1417 1377 1639 1415 annum
1664 1362 1820 1416 1005.

168 1446 383 1509 Verum
414 1447 663 1521 exempli
693 1449 887 1516 verba,
918 1466 1045 1521 quae
1096 1448 1355 1517 adducit,
1388 1449 1445 1503 in
1476 1466 1610 1517 ms.,
1648 1466 1821 1521 quem

168 1536 423 1611 inspexit
444 1536 839 1606 Mabillonius,
864 1537 1294 1606 desiderantur,
1318 1538 1707 1611 videnturque
1728 1541 1825 1595 ad-

167 1626 287 1703 dita
317 1643 353 1682 a
383 1626 666 1701 scriptore
710 1626 948 1695 codicis,
982 1644 1098 1700 quo
1146 1644 1290 1705 usus
1326 1631 1415 1683 est
1462 1628 1819 1699 Sigebertus.

163 1714 309 1779 Nam
342 1732 449 1771 nec
478 1715 548 1772 in
571 1715 721 1772 Pezii
765 1715 1019 1771 editione
1067 1716 1168 1772 illa
1208 1715 1459 1771 invenio.
1495 1716 1823 1773 Guilelmus

162 1804 231 1861 de
260 1804 516 1862 Conchis
559 1803 708 1861 libro
743 1805 913 1860 tertio
945 1804 1303 1861 secundariae
1345 1806 1464 1861 sive
1499 1804 1720 1876 Dialogi
1751 1806 1822 1861 de

157 1893 542 1969 substantiis,
564 1893 733 1967 p.89.
755 1893 816 1949 Si
839 1911 1030 1949 causas
1058 1895 1345 1950 nominum
1370 1894 1599 1951 illorum
1623 1897 1823 1968 quaeris

1931 737 2079 807 pricz'
2123 734 2377 793 monachi
2424 735 2669 808 cpistola,
2714 751 2814 789 cur
2859 735 3115 791 natalitz'a
3158 732 3482 791 Sanctorum
3528 737 3590 793 in

1937 826 2147 891 laetitia,
2185 827 2484 881 Parasccvc
2514 841 2639 881 vero
2692 826 2751 879 in
2795 825 3024 880 tristitia
3070 822 3419 889 celebremus,
3457 840 3588 896 quae

1936 914 2108 987 capiti
2144 916 2210 970 18
2238 915 2470 971 Alcuiui
2500 916 2571 970 de
2603 913 2823 970 Divinis
2854 912 3074 970 Otfieiis
3107 913 3424 987 subjuncta
3451 912 3590 986 legi-

1936 1007 2049 1071 tur,
2072 1002 2161 1059 vel
2194 1008 2329 1076 post
2356 1003 2585 1059 Alcuini
2618 1008 2883 1076 tempora
2913 1002 3177 1070 accessit,
3201 1001 3287 1057 vel
3314 1002 3363 1059 si
3395 1002 3469 1058 ad
3498 1001 3590 1058 Al-

1935 1093 2175 1147 cuiuum
2211 1094 2430 1163 scripta
2460 1097 2567 1161 est,
2603 1091 2788 1148 alium
2837 1097 3011 1163 atque
3046 1090 3401 1163 antiquircm
3453 1090 3587 1147 Hel-

1935 1180 2199 1252 pericum
2231 1181 2409 1236 habet
2440 1186 2759 1237 auctorem.
2788 1180 3145 1237 Erithemius
3168 1179 3316 1236 libro
3339 1182 3410 1236 de
3433 1180 3589 1238 Viris

1933 1267 2265 1325 illustribus
2307 1268 2630 1325 Germaniae
2663 1287 2789 1341 cap.
2823 1287 2937 1325 XLII
2983 1269 3351 1342 Helperieum
3392 1287 3589 1327 mona-

1936 1360 2112 1415 chum
2166 1360 2223 1415 S.
2260 1359 2429 1426 Galli,
2464 1376 2638 1432 quem
2692 1358 3132 1431 philosophum,
3183 1364 3588 1415 astronomum

1934 1454 1990 1504 et
2031 1453 2263 1521 poetam
2315 1448 2760 1505 celeberrimum
2810 1448 3082 1521 appellat,
3117 1451 3366 1504 testatur
3412 1448 3587 1505 etiam

1935 1539 2170 1595 liberum
2198 1539 2263 1595 de
2293 1539 2515 1604 Μηδίου,
2549 1542 2605 1594 et
2635 1539 2902 1609 quaedam
2935 1537 3195 1593 Carmina
3233 1537 3539 1611 scripsisse
3572 1556 3585 1595 :

1936 1632 2163 1683 aetatem
2196 1628 2324 1699 ejus
2358 1627 2435 1682 ibi
2471 1627 2643 1683 refert
2672 1627 2743 1681 ad
2775 1642 2997 1682 annum
3031 1627 3170 1681 1040
3202 1643 3214 1682 :
3249 1627 3348 1682 sed
3381 1626 3479 1684 lib.
3516 1628 3588 1685 de

1936 1715 2330 1787 Scriptoribus
2358 1714 2782 1771 Ecclesiasticis
2805 1731 2931 1788 cap.
2955 1716 3062 1771 325
3084 1715 3155 1772 ad
3179 1732 3400 1773 annum
3428 1717 3584 1774 1096.

1936 1804 2020 1859 Ita
2049 1810 2105 1859 et
2136 1805 2204 1872 II,
2237 1807 2328 1871 76,
2364 1802 2576 1860 illustr.
2607 1804 2964 1860 Benedictin.

153 2076 3587 2107 Μ

1334 2253 2431 2384 HELPEBICI

1471 2501 1760 2549 MONACHI
1810 2500 2274 2549 SANGALLENSIS

1026 2668 1514 2799 LIBER
1608 2667 1820 2796 DE
1915 2664 2725 2804 COMPUTO

1206 2893 1386 2958 (Apud
1414 2895 1532 2953 Pez,
1564 2893 1723 2944 Thes.
1756 2892 1899 2943 Anec
1934 2895 1975 2942 1.
2010 2894 2209 2945 novies.
2240 2894 2304 2957 ll,
2336 2910 2390 2957 ιι,
2424 2897 2537 2959 182)

1271 3151 1786 3223 ΡΒλΕιτΑτιο
1850 3152 2374 3226 HELPERICI
2415 3152 2495 3249 (ι)

1417 3327 1594 3392 (Apud
1623 3326 1804 3379 Mehil.
1836 3327 2081 3382 Analoct.
2108 3342 2161 3393 p.
2194 3330 2327 3393 431.)

217 3580 476 3638 1)οωὶηο
515 3581 670 3638 Patri
702 3580 1097 3648 sanctissimo,
1122 3578 1358 3635 nomine
1385 3580 1600 3647 Assae,
1628 3579 1810 3635 mori-
1840 3581 1889 3647 B
1920 3596 2055 3635 cum
2089 3596 2242 3636 anno
2273 3580 2563 3653 praeterito
2608 3580 2895 3653 legatione
2943 3582 3192 3637 fratrum
3241 3585 3580 3636 nostrorum

150 3669 262 3730 bus
295 3674 501 3728 autem
543 3670 966 3744 placidissimo,
999 3670 1364 3725 HELPERICUS
1411 3668 1658 3725 humilis
1688 3687 1817 3724 vcr-

152 3761 313 3829 nula,
348 3765 585 3816 mternae
616 3758 1019 3833 prosperitatis
1051 3757 1430 3815 adminicula.

218 3850 373 3906 Dum
402 3848 775 3923 paternitatis
790 3852 991 3904 vestra!
1007 3846 1380 3919 jussionibus
1402 3846 1591 3902 libens
1616 3865 1811 3920 parco,

146 3939 478 4013 multorum
501 3939 571 3994 de
590 3937 850 3995 ridiculis
867 3955 960 3994 me
977 3936 1355 3993 lacerandum
1378 3953 1635 4008 expono:
1661 3938 1817 3993 unde

144 4032 408 4088 vestram
461 4026 797 4086 submissus
837 4043 1007 4084 exoro
1040 4025 1472 4099 paternitatem,
1508 4029 1572 4081 ut
1621 4043 1815 4082 meam

145 4134 326 4193 super
360 4119 476 4185 hoc
525 4114 816 4175 excusetis
846 4114 1254 4191 temeritatem.
1288 4114 1531 4187 Exigitis
1563 4114 1720 4170 enim
1754 4118 1819 4168 ut

146 4202 532 4281 opusculum,
564 4206 719 4280 quod
752 4222 939 4277 nuper
961 4206 1167 4278 rogatu
1198 4202 1447 4258 fratrum
1481 4207 1817 4259 nostrorum

138 4294 454 4367 juniorum
503 4292 575 4355 de
619 4299 742 4353 arte
771 4292 1038 4365 Compoti
1070 4291 1367 4349 rusticano
1401 4309 1669 4349 sermone
1696 4291 1816 4348 edi-

145 4384 371 4454 dorem,
408 4383 691 4457 quodque
719 4382 803 4439 eis
849 4380 990 4438 solis
1039 4381 1354 4454 legendum
1387 4381 1682 4449 dederam,
1716 4380 1817 4437 uni

145 4460 447 4551 praecipue
479 4489 681 4531 eorum
705 4470 804 4545 qui
837 4488 930 4527 me
952 4470 1237 4543 pertinaci
1270 4469 1713 4543 importunitate
1747 4471 1816 4526 ad

145 4560 254 4619 hoc
278 4561 769 4636 praesumendum
795 4559 1129 4634 impulerat,
1146 4564 1202 4617 et
1225 4558 1321 4615 cui
1338 4557 1482 4614 illud
1499 4560 1625 4630 jam
1644 4559 1820 4615 Gran-

146 4646 397 4710 di-Valle
414 4648 608 4726 posito
622 4650 978 4720 direxeram;
1003 4649 1134 4719 hoc,
1154 4649 1420 4722 inquam,
1437 4647 1816 4721 praecepistis,

217 4830 292 4902 (1)
317 4829 718 4902 Helpericum,
740 4828 1116 4902 moxrlaudati
1136 4826 1274 4902 libri
1297 4828 1678 4902 conditorem,
1699 4845 1819 4884 mo-

145 4898 408 4957 naehum
434 4898 619 4958 fuisse
641 4901 888 4958 emnobii
912 4899 1097 4956 sancti
1121 4899 1290 4968 Galli,
1316 4898 1495 4954 tradit
1516 4900 1814 4955 Johannes

144 4971 491 5029 'l‘rihemius
509 4973 571 5029 in
592 4972 695 5029 lib.
719 4990 782 5029 II.
807 4974 880 5029 de
898 4972 1054 5027 Viris
1074 4971 1407 5027 illustribus
1428 4970 1663 5027 Ordinis
1687 4988 1817 5027 san-

144 5042 221 5098 cti
242 5045 551 5117 Benedicti
575 5061 703 5117 cap.
726 5046 820 5117 76.
844 5044 1011 5117 Hunc
1043 5042 1262 5117 librum
1284 5042 1575 5117 habemus
1595 5043 1655 5117 in
1676 5060 1814 5117 apo-

144 5115 374 5188 grapho
428 5113 1517 5188 nostro—Bibliotheca:Germanensis,
1552 5114 1653 5188 sed
1705 5113 1814 5188 sub

148 5184 389 5244 nomine
422 5187 635 5255 Ilerici,
660 5191 717 5243 et
743 5188 966 5259 absque
998 5186 1173 5259 priori
1208 5184 1544 5259 praefatione
1578 5185 1671 5259 hic
1692 5186 1813 5259 edi-

145 5261 223 5325 ta,
249 5276 439 5330 quam
465 5275 533 5315 ex
553 5256 932 5314 membraneo
957 5256 1154 5330 codice
1181 5256 1428 5330 elenobii
1450 5256 1815 5330 Vieonicinsis

145 5327 326 5410 prope
359 5330 745 5410 Valentianas
775 5329 1217 5410 descripsimus:
1249 5330 1329 5383 Eo
1358 5328 1648 5410 incediee
1679 5327 1816 5409 Hel:

146 5398 387 5471 pariens
408 5401 644 5458 abbatis
670 5401 907 5457 nomine
928 5398 1183 5457 donatur
1204 5398 1265 5454 in
1286 5399 1478 5470 operis
1500 5398 1689 5464 titulo,
1714 5398 1816 5471 qui

146 5470 226 5528 sic
257 5474 491 5556 habet}
526 5473 796 5556 Helperici
823 5474 1043 5556 ίίὺίξιξιίε
1073 5472 1138 5527 de
1184 5472 1452 5556 ςίοηψριο.
1485 5472 1686 5556 ἔκειρεν,
1722 5470 1815 5524 cui

146 5543 413 5617 praefatio
448 5541 860 5617 inscriptaest,
884 5545 1067 5600 abbas
1091 5546 1244 5617 erat,
1262 5541 1363 5597 aut
1382 5544 1536 5617 certe
1552 5541 1816 5617 deeanus

144 5611 254 5671 sub
306 5615 527 5674 abbate
577 5611 865 5685 saiculari,
908 5612 1247 5671 monasterii
1297 5612 1505 5685 sanctig
1542 5611 1815 5685 Germani

144 5687 300 5759 apud
328 5682 1071 5759 Antissiodorum.vlsthue
1110 5685 1329 5742 missus
1369 5688 1465 5759 est
1488 5682 1815 5759 Hilpericus

144 5755 550 5831 quorumdam
583 5758 953 5831 negotiorum
984 5775 1161 5831 causa
1187 5774 1257 5813 ex
1286 5755 1546 5831 cmnobio
1575 5755 1816 5831 Grandi:

140 5826 415 5899 vallensi,
453 5833 583 5889 tum
624 5826 848 5886 ordinis
879 5830 1064 5887 sancti
1116 5827 1435 5899 Benedicti,
1469 5826 1529 5882 in
1582 5826 1815 5899 dioecesi

143 5897 496 5977 Basileensi,
516 5902 675 5974 quod
688 5902 816 5974 jam
836 5902 1062 5960 dudum
1084 5902 1156 5958 ad
1177 5897 1484 5957 saeculares
1507 5898 1815 5956 canonicos

1929 3668 2335 3724 Grandi-Valle
2354 3669 2691 3741 degentium
2712 3670 2782 3724 ad
2795 3687 2896 3725 vos
2911 3666 3262 3725 Autisioderi
3284 3667 3578 3741 fungerer,

1928 3762 1993 3813 ut
2012 3758 2437 3829 transcriptum
2453 3763 2657 3813 vestrae
2676 3757 3007 3829 paternitati
3025 3756 3482 3813 examinandum
3502 3757 3585 3813 di-

1929 3846 2115 3919 rigam
2143 3865 2156 3916 ;
2184 3851 2263 3915 ut,
2289 3847 2399 3901 hoc
2422 3847 2591 3916 facto,
2617 3863 2683 3902 ac
2708 3845 2755 3901 si
2780 3864 2967 3914 sorex,
3003 3858 3130 3900 meo
3165 3844 3344 3900 miser
3365 3843 3578 3901 indicio

1928 3953 2186 4008 parcam.
2221 3936 2337 4008 Ego
2371 3934 2528 3991 enim
2575 3935 2942 3991 decreveram
2990 3952 3281 4009 nugarum
3316 3952 3582 3991 mearum

1927 4024 2179 4098 ineptias
2228 4025 2422 4098 dignis
2461 4023 2724 4080 occulere
2764 4023 3311 4092 latebris:ne,'cum
3351 4023 3584 4098 prodire

1929 4114 2228 4188 cmperint,
2253 4113 2576 4169 multorum
2620 4112 2677 4167 in
2730 4130 2822 4168 me
2874 4111 2947 4168 fel
2998 4118 3420 4183 commoveant,
3446 4115 3583 4187 jure

1929 4203 2300 4260 causantium
2332 4201 2667 4259 vanissimis
2711 4202 2915 4259 naeniis
2946 4219 3038 4261 me
3079 4219 3365 4276 occupare
3397 4219 3581 4260 mem-

1927 4293 2161 4363 branas.

2001 4383 2112 4439 Sed
2143 4382 2277 4454 quis
2296 4381 2503 4437 vestris
2535 4398 2650 4438 non
2674 4381 3031 4454 obtemperet
3052 4368 3263 4452 jussis,
3288 4379 3423 4436 licet
3443 4396 3580 4436 cum

1930 4469 2279 4528 detrimento
2313 4469 2442 4526 sui?
2474 4470 2592 4543 Ego
2624 4469 2915 4544 praecipue
2946 4469 3046 4542 qui
3077 4484 3170 4525 me
3190 4467 3399 4524 vestris
3421 4469 3584 4526 obse-

1931 4558 2086 4631 quiis
2104 4559 2188 4615 ita
2209 4558 2690 4633 mancipaverim,
2708 4562 2773 4614 ut
2794 4558 2948 4630 quod
2971 4558 3135 4614 vobis
3159 4561 3353 4614 ratum
3377 4572 3584 4631 cogno-

1856 4633 1899 4702 C
1926 4649 2131 4719 verim,
2166 4646 2601 4721 quantumlibet
2640 4648 2913 4715 arduum,
2946 4645 3404 4720 aggrediendum
3435 4644 3581 4702 mihi

1929 4827 2197 4884 mutavit.
2226 4825 2665 4883 Trithemiusin
2698 4825 2822 4882 loco
2847 4828 2974 4898 jam
3011 4827 3184 4898 citato
3216 4825 3420 4898 scribit
3449 4824 3579 4882 Hel-

1925 4900 2187 4972 pericum
2213 4898 2478 4972 ﬂoruisse
2499 4915 2651 4972 anno
2677 4899 2833 4953 1020.
2853 4896 2929 4953 'At
2959 4897 3295 4972 Helper‘icus
3320 4896 3445 4969 ipse
3468 4898 3579 4972 sub

1925 4968 2102 5026 iinem
2136 4969 2267 5026 libri
2290 4971 2380 5025 sui
2405 4970 2723 5042 designans
2743 4974 2977 5042 tempus
2999 4968 3114 5041 quo
3136 4969 3284 5025 libro
3307 4968 3414 5042 suo
3436 4968 3580 5042 scri-

1922 5043 2114 5099 bendo
2147 5042 2396 5098 navabat
2415 5039 2674 5112 operam,
2700 5039 3105 5097 notat—annum
3127 5042 3254 5107 880,
3278 5045 3344 5096 ut
3362 5039 3581 5112 legitur

1924 5115 1986 5170 in
2018 5114 2355 5186 apographo
2379 5111 2597 5186 nostro,
2622 5113 2782 5186 quod
2802 5112 3133 5186 principatu
3158 5111 3395 5186 Henr’oi
3408 5111 3582 5186 Fran-

1925 5183 2312 5257 corum'regis
2344 5202 2410 5239 eo
2441 5183 2676 5257 nomine
2696 5183 2870 5257 primi
2893 5183 3194 5257 exaratum
3217 5188 3324 5257 est.
3352 5183 3580 5257 Hoeid-

1925 5257 2078 5328 circo
2110 5254 2372 5328 observo,
2408 5257 2561 5327 quod
2596 5254 2935 5328 Sigcbertus
2965 5254 3026 5310 in
3057 5255 3342 5311 Chronico
3374 5256 3582 5327 probet

1925 5327 2142 5383 librum
2174 5327 2332 5382 hunc
2363 5328 2434 5383 ab
2464 5327 2700 5382 auctore
2730 5328 3031 5383 conditum
3063 5343 3192 5382 esse
3222 5343 3375 5382 anno
3414 5327 3577 5382 4005.

1924 5399 2141 5455 Verum
2172 5398 2420 5471 exempli
2449 5400 2626 5454 verba
2650 5416 2781 5471 quae
2824 5398 3061 5455 adducit
3092 5416 3209 5471 non
3240 5402 3583 5471 comparent

1928 5472 1985 5526 in
2009 5469 2586 5553 apographo'nostro,
2612 5469 2995 5543 videnturque
3022 5470 3221 5526 addita
3245 5488 3277 5525 a
3298 5469 3580 5542 scriptore

1926 5543 2144 5599 codicis
2175 5559 2290 5613 quo
2322 5560 2466 5596 usus
2498 5547 2586 5597 est
2607 5543 2963 5614 Sigcbertus.
2990 5542 3187 5598 Istum
3212 5542 3270 5595 in
3293 5540 3577 5614 Chronico

1926 5616 1996 5670 ad
2022 5611 2241 5669 annum
2272 5615 2656 5685 praecitatum,
2674 5611 2807 5668 tum
2833 5614 2893 5669 in
2926 5614 3073 5668 libro
3094 5614 3165 5668 de
3185 5611 3579 5684 Scriptoribus

1926 5684 2336 5758 ecclesiasticis
2359 5702 2487 5757 cap.
2514 5687 2635 5758 145,
2655 5684 3047 5758 Chilpericum
3068 5691 3235 5758 vocat
3255 5687 3574 5758 auctorem,

1927 5758 2136 5835 dequo
2164 5749 2531 5835 hicagimus.
2554 5749 2912 5835 qrediderim
2938 5756 3440 5835 eumipsumesse

1968 5818 2153 5885 rieum
2188 5818 2360 5900 cujus
2389 5827 2635 5900 epistola
2665 5829 2912 5885 refertur
2940 5828 3001 5886 in
3025 5818 3135 5885 lib.-
3153 5825 3224 5882 de
3253 5819 3463 5881 divinis
3483 5818 3573 5874 Of-

1968 5847 2153 5885 rieum
2188 5847 2360 5900 quus
2389 5847 2635 5900 eplswia
2665 5847 2885 5885 reiertu;

1924 5847 2074 5959 liciis
2108 5900 2262 5973 apud
2291 5899 2603 5956 Alcuinum
2635 5916 2763 5972 cap.
2799 5902 2885 5954 18.
