3910 6456
317 538 393 602 19

1331 540 1744 607 HELPERIGI
1786 542 2140 605 MONACHI
2184 544 2247 604 S.
2297 542 2547 605 GALLI.

3650 539 3735 604 20

315 689 445 731 esse
476 690 592 731 non
625 674 942 749 ambigam.
965 675 1159 732 Unum
1188 646 1323 750 ergo
1353 694 1388 733 a
1407 681 1599 733 vestra
1617 676 1962 750 paternitate
1984 676 2038 744 Α
2067 675 2168 732 lito
2191 676 2446 751 ﬂagrans
2465 674 2788 750 paternitas
2806 692 3006 732 secum
3030 674 3277 731 retinere
3301 672 3614 732 voluisset:
3633 676 3732 732 ad-

313 763 587 837 deposco,
613 768 678 820 ut
697 765 853 837 quod
874 769 1067 821 vestra
1086 764 1356 837 jussione
1376 770 1613 822 coactus
1636 765 1962 840 aggredior,

313 857 507 909 vestro
537 853 866 910 munimine
886 853 1072 910 fretus
1090 853 1386 912 indemnis
1407 856 1679 923 evadam;
1703 854 1858 927 quod
1885 853 1967 911 ita

313 940 440 997 fleri
485 940 717 1014 poterit,
750 941 800 999 si
849 942 1169 1000 fastidiosis
1200 944 1554 1016 quibusque,
1587 948 1644 999 et
1671 943 1774 1016 qui
1820 942 1965 999 alios

312 1032 544 1086 tantum
576 1031 1001 1104 reprehendere
1028 1033 1241 1101 valent,
1267 1032 1448 1105 hujus
1467 1031 1636 1089 lectio
1660 1032 1966 1089 subtraha-

312 1121 411 1174 tur
443 1134 456 1174 :
490 1121 547 1176 et
587 1121 752 1177 vobis
783 1122 1078 1196 vestrique
1123 1120 1440 1191 similibus,
1474 1122 1575 1195 qui
1606 1122 1732 1179 sine
1763 1122 1961 1191 livore,

313 1207 481 1265 oculo
525 1208 885 1281 columbino,
920 1216 987 1268 ut
1031 1211 1115 1268 ita
1142 1211 1357 1281 dciam,
1393 1214 1603 1267 cuncta
1651 1210 1961 1284 respicitis,

311 1297 771 1356 examinandum
805 1300 1153 1373 praebeatur.

383 1386 603 1444 Verum
626 1387 749 1445 haec
779 1388 1088 1447 haereticus
1107 1390 1358 1463 quisque
1390 1391 1683 1463 quomodo
1704 1391 1854 1446 volet
1876 1407 1964 1447 ac-

313 1474 519 1547 cipiat:
545 1476 693 1534 mihi
723 1482 982 1535 vestrum
1006 1478 1300 1551 judicium
1324 1479 1466 1535 satis
1494 1479 1768 1534 idoneum
1792 1496 1963 1535 cons-

312 1567 418 1633 tat,
434 1565 528 1621 cui
550 1582 786 1624 summa
809 1568 1073 1636 [Veritas]
1095 1568 1205 1624 hoc
1225 1584 1378 1624 anno
1400 1567 1705 1641 perspicue
1724 1568 1966 1641 dignata

314 1657 404 1709 est
423 1654 1008 1728 manifestare,quam
1030 1657 1327 1713 sitinutile
1347 1656 1740 1713 sanctissimis
1761 1662 1963 1713 vestrm

312 1742 683 1813 paternitatis
712 1744 977 1817 imperiis
1006 1762 1355 1819 repugnare.
1387 1745 1628 1802 Evenire
1648 1750 1845 1802 autem
1872 1748 1965 1818 ju-

313 1829 575 1888 stissima
602 1833 768 1902 solet,
805 1839 869 1890 ut
896 1835 998 1907 qui
1028 1835 1211 1908 patris
1242 1834 1503 1893 salubria
1532 1835 1814 1908 spreverit
1834 1854 1966 1892 con-

312 1914 467 1987 silia,
493 1922 689 1979 debita
717 1923 1049 1996 pertinaciae
1073 1942 1192 1981 suae
1212 1926 1567 1998 quandoque
1593 1925 1719 1981 luat
1747 1925 1966 1999 suppli-

2071 781 2258 834 versa,
2295 770 2360 822 ut
2407 770 2586 839 patet,
2619 765 2954 839 impellente
2984 765 3237 834 fortuna,
3269 781 3389 822 non
3439 765 3727 839 acquievi,

2073 855 2175 912 sed
2205 854 2457 928 pristina
2492 872 2639 912 usus
2686 853 2917 912 levitate
2948 853 3112 924 redii,
3147 870 3262 926 quo
3292 870 3387 911 me
3434 857 3494 910 et
3541 855 3731 912 multa

2074 961 2316 1017 passum
2338 944 2685 1013 recolebam,
2705 948 2764 1002 et
2782 943 3069 1000 deteriora
3088 958 3407 1016 passurum
3429 959 3546 999 non
3570 941 3734 1018 igno-

2074 1033 2298 1090 rabam.
2315 1036 2437 1100 Quo
2459 1035 2610 1091 facto
2631 1036 2688 1089 et
2708 1032 2851 1089 illud
2877 1030 3053 1088 didici
3086 1029 3341 1087 multum
3364 1032 3517 1105 apud
3542 1032 3730 1089 Deum

2071 1122 2263 1178 valere
2292 1140 2514 1196 preces,
2537 1139 2687 1196 quas
2715 1120 2805 1176 illi
2828 1139 2898 1178 ex
2919 1120 3115 1177 animo
3139 1119 3427 1189 funditus,
3453 1137 3587 1177 cum
3611 1139 3731 1179 una

2073 1210 2395 1284 eademque
2411 1210 2612 1268 leviter
2626 1211 2761 1268 fusa
2776 1210 3037 1267 oratione
3057 1212 3287 1266 tantum
3303 1210 3614 1267 adversum
3636 1227 3731 1267 me

2073 1298 2465 1356 obtinueritis.
2489 1298 2856 1356 Reminiscor
2879 1298 3037 1355 enim
3056 1315 3180 1368 vos,
3196 1314 3335 1355 cum
3356 1314 3450 1355 me
3481 1298 3731 1357 retinere

2075 1387 2415 1460 nequiretis,
2432 1388 2511 1443 im
2517 1392 2821 1461 precatum
2838 1387 3004 1456 mihi,
3022 1391 3085 1443 ut
3104 1387 3425 1444 invenirem
3448 1385 3728 1461 aliquem,

2075 1476 2176 1549 qui
2206 1495 2298 1533 me
2328 1478 2609 1534 acerrime
2641 1478 2973 1533 verberaret
3012 1476 3075 1532 in
3104 1475 3252 1545 loco,
3285 1477 3356 1533 ad
3390 1492 3565 1548 quem
3594 1480 3730 1535 tan-

2072 1570 2269 1641 t0pere
2300 1567 2682 1635 festinabam;
2726 1583 2906 1639 quam
2946 1566 3269 1623 orationem
3310 1566 3551 1623 effectus
3581 1572 3671 1624 est
3701 1584 3731 1623 e

2072 1657 2314 1730 vestigio
2346 1661 2716 1713 consecutus.
2750 1659 2978 1723 Quanta
3029 1656 3187 1713 enim
3238 1654 3729 1713 contumeliarum

2072 1747 2267 1814 verba,
2301 1751 2444 1819 quot
2485 1747 2805 1820 proborum
2837 1745 3113 1813 ludibria,
3143 1762 3272 1817 quae
3303 1748 3361 1801 et
3401 1744 3602 1817 qualia
3630 1747 3730 1802 de-

2074 1835 2362 1893 risionum
2388 1840 2680 1894 tormenta
2704 1835 2977 1909 deinceps
3002 1835 3193 1908 patiar
3217 1834 3290 1890 ab
3321 1833 3414 1889 his
3437 1835 3731 1908 praecipue

2074 1926 2175 1996 qui
2207 1930 2375 1982 erant
2403 1927 2702 1999 quondam
2732 1924 2960 1998 paciﬁci
2993 1924 3128 1993 mei,
3152 1940 3420 1997 quosque
3438 1941 3547 1997 ego
3574 1927 3731 1998 apud

314 2005 424 2077 cia,
461 2012 615 2082 quod
660 2029 727 2069 eo
759 2012 951 2070 verius
1000 2031 1245 2087 possum
1277 2014 1464 2084 fa;eri,
1497 2031 1613 2087 quo
1665 2014 1879 2088 saepius
1910 2019 1967 2071 et
1997 2052 2045 2118 B
2075 2031 2177 2070 vos
2208 2016 2459 2071 summis
2490 2014 2765 2071 laudibus
2784 2013 2985 2082 extuli,
3008 2013 3214 2088 lingua
3233 2031 3351 2069 non
3372 2012 3525 2069 valet
3544 2015 3729 2071 ell'ari.

314 2095 420 2118 ζμ-
464 2116 520 2118 ,κγ
657 2117 662 2118 ,
738 2102 752 2118 I
812 2101 824 2114 ο
973 2106 984 2118 ι
1291 2103 1346 2118 ει·
1484 2105 1494 2115 ι
1666 2107 1677 2118 .
1730 2104 1742 2116 ο
1829 2104 1864 2118 ,ο
2080 2104 2117 2118 Α
2219 2105 2234 2118 1
2348 2104 2359 2115 ι
2456 2105 2469 2118 ι
2557 2104 2625 2118 ιο
2791 2104 2807 2118 1
2945 2101 2957 2116 ι
3168 2101 3182 2118 1
3261 2101 3297 2118 οι
3348 2106 3358 2118 ι
3489 2103 3501 2114 ι
3671 2105 3687 2118 1

312 2095 425 2154 hoc
456 2116 609 2157 anno
640 2101 903 2159 crebrius
933 2106 1109 2176 atque
1157 2103 1445 2174 acerbius,
1480 2105 1598 2161 imo
1629 2107 1687 2160 et
1718 2104 1963 2175 justius,

312 2202 434 2243 non
463 2188 666 2247 desino
696 2191 965 2263 experiri.

386 2275 503 2332 Nec
532 2277 828 2337 immerito
861 2296 877 2335 :
912 2296 1048 2336 cum
1079 2282 1237 2338 enim
1277 2298 1373 2339 me
1401 2280 1599 2339 divina
1626 2281 1813 2356 pietas
1839 2282 1965 2339 loco

313 2362 416 2420 illo
437 2366 810 2437 restituisset,
835 2385 951 2442 quo
973 2386 1067 2427 me
1087 2371 1159 2426 ad
1186 2370 1300 2427 sibi
1321 2371 1695 2428 serviendum
1717 2372 1845 2443 jam
1867 2373 1970 2427 du-

315 2452 461 2510 dum
493 2454 805 2529 delegerat,
840 2462 897 2514 et
926 2460 1082 2515 unde
1114 2475 1219 2532 ego
1242 2458 1442 2516 infelix
1461 2459 1861 2517 instabilitatis
1882 2478 1970 2517 so-

317 2541 623 2601 lummodo
654 2562 832 2602 causa
861 2547 1137 2616 exieram,
1172 2565 1308 2605 cum
1340 2547 1557 2605 ibidem
1579 2549 1854 2605 omnibus
1873 2550 1968 2605 bo-

316 2630 412 2687 nis
441 2632 827 2703 abundarem,
861 2636 1137 2708 quodque
1182 2652 1287 2710 ego
1340 2654 1518 2710 super
1565 2637 1763 2695 omnia
1792 2638 1964 2705 duco,

320 2720 695 2779 sanctissima
723 2728 1060 2780 sanctorum
1105 2725 1343 2781 Patrum
1373 2726 1682 2782 dilectione
1712 2727 1965 2796 foverer;

316 2808 846 2881 oum,inquam,me
866 2830 1125 2886 superna
1141 2813 1453 2872 clementia
1468 2818 1602 2888 post
1624 2816 1967 2872 diuturnam

314 2899 717 2972 evagationem
740 2900 880 2957 illuc
900 2906 1247 2971 revocasset,
1267 2909 1578 2976 vestraque
1605 2920 1745 2977 erga
1768 2920 1864 2960 me
1881 2921 1969 2960 so-

2075 2104 2237 2170 Quod
2262 2104 2401 2176 quia
2420 2105 2491 2161 ob
2515 2104 2912 2161 ulciscendam
2943 2101 3024 2159 im
3045 2118 3141 2160 me
3168 2101 3461 2159 levitatem
3475 2103 3615 2176 jure
3634 2105 3735 2173 ob:

2073 2192 2279 2266 tigisse
2309 2210 2617 2267 cognosco,
2645 2192 2903 2250 divinam
2937 2209 3113 2266 super
3160 2191 3252 2248 his
3284 2190 3518 2248 laudem
3551 2191 3732 2265 acqui-

2074 2286 2255 2339 tatem
2282 2298 2294 2338 :
2319 2286 2376 2338 et
2405 2286 2471 2337 ut
2500 2282 2572 2338 ab
2603 2281 2697 2338 his
2719 2282 2959 2338 tandem
2979 2280 3125 2355 eripi
3150 2297 3382 2354 queam,
3403 2284 3732 2339 vestrarum

2076 2368 2285 2428 obnixe
2316 2369 2546 2442 postulo
2580 2369 2859 2444 suffragia
2880 2387 3121 2444 precum
3150 2388 3163 2425 :
3190 2374 3255 2426 ut
3275 2386 3451 2443 quem
3482 2369 3619 2428 licet
3636 2389 3737 2429 no-

2074 2460 2202 2517 lens
2233 2464 2395 2516 tauto
2429 2459 2723 2533 malignus
2774 2460 2931 2515 fasce
2969 2459 3295 2533 gravitatis,
3320 2460 3538 2518 orando
3568 2465 3733 2519 tanto

2076 2548 2308 2605 releveti
2362 2549 2435 2605 ob
2456 2565 2631 2605 onere
2653 2549 2997 2605 dexterioris
3028 2565 3275 2605 manum
3296 2548 3577 2606 orationis
3600 2567 3733 2624 por-

2077 2638 2339 2710 rigendo.
2372 2637 2588 2694 Verum
2620 2637 2741 2693 haec
2772 2636 3027 2711 plenius,
3062 2637 3111 2693 si
3146 2637 3432 2696 Dominus
3465 2638 3737 2712 cupitum

2077 2726 2392 2800 praebuerit
2430 2726 2812 2799 colloquium,
2846 2727 2974 2783 vivo
3016 2743 3285 2784 sermone
3332 2729 3737 2801 expediantur.

2078 2816 2241 2883 Quod
2274 2820 2339 2871 ut
2367 2815 2539 2872 citius
2571 2815 2697 2872 fleri
2739 2815 2946 2884 valeat,
2979 2820 3171 2891 vestra
3211 2816 3521 2875 exorabilis
3548 2817 3739 2877 oratio

2076 2903 2350 2977 precibus
2381 2904 2602 2962 crebris
2632 2903 2914 2966 obtineat.

1742 3296 2293 3388 PROLOGUS.

380 3714 523 3767 Cum
548 3711 829 3768 fratribus
850 3711 1408 3769 adolescentioribus
1435 3712 1650 3769 nostris
1681 3713 1952 3785 quaedam
1985 3694 2029 3763 C
2064 3710 2233 3784 plura
2287 3712 2679 3768 excusationis
2727 3711 3034 3766 obtentum
3084 3713 3181 3777 [sic
3218 3710 3332 3767 eod.
3376 3713 3420 3782 f.
3454 3712 3727 3782 obtentu]

308 3799 696 3857 calculatoriaa
754 3802 894 3859 artis
952 3802 1286 3858 rudimenta
1332 3802 1633 3858 communi
1690 3819 1960 3858 sermone

307 3889 593 3963 explicare
625 3890 952 3964 cmpissem,
986 3908 1101 3964 quo
1147 3890 1233 3948 eis
1279 3891 1528 3963 hujusce
1557 3908 1794 3964 quoque
1838 3909 1955 3948 non

307 3981 768 4047 contemnenda),
786 3984 852 4037 ut
870 3979 1041 4036 multi
1062 3980 1440 4049 arbitrantur,
1455 3980 1709 4037 scientiae
1732 3980 1955 4053 aliquid

303 4066 656 4139 impertirer,
690 4084 837 4140 quos
868 4068 927 4125 in
968 4073 1092 4126 arte
1121 4069 1524 4143 grammatica,
1560 4074 1734 4142 prout
1761 4069 1959 4126 divina

305 4153 583 4212 auxiliata
610 4161 700 4213 est
728 4157 1152 4225 munificentia,
1184 4157 1556 4231 aliquatenus
1586 4157 1951 4228 induxeram,

305 4244 503 4301 nescio
522 4261 639 4319 quo
661 4246 890 4303 accensi
908 4246 1195 4304 desiderio
1214 4246 1434 4304 instare
1452 4247 1828 4304 vehementer
1847 4265 1952 4304 cm-

302 4339 536 4405 perunt,
560 4339 854 4408 quatenus
884 4353 972 4405 ea,
996 4353 1123 4409 quae
1144 4336 1274 4393 viva
1291 4353 1429 4393 voce
1449 4337 1949 4409 deprompseram,

302 4422 625 4482 multorum
657 4424 894 4483 utilitati
942 4427 1249 4498 profutura
1279 4425 1698 4498 qualicumque
1736 4425 1952 4498 scripto

300 4512 554 4583 ederem,
587 4519 671 4584 ut,
706 4514 755 4571 si
784 4516 1020 4588 quando
1046 4514 1189 4584 haec,
1223 4520 1289 4571 ut
1317 4514 1466 4571 solet
1495 4530 1662 4570 mens
1691 4513 1953 4569 humana

300 4598 547 4658 diversis
566 4604 765 4661 dedita
783 4604 940 4661 curis
970 4604 1158 4660 multa
1177 4601 1461 4671 oblivisci,
1490 4602 1785 4660 memorias
1807 4603 1953 4658 exci-

298 4689 520 4758 derent,
544 4690 870 4749 litterarum
898 4691 1193 4766 suffragiis
1224 4708 1291 4748 ea
1321 4708 1556 4765 quoquo
1586 4691 1761 4747 modo
1792 4707 1951 4762 repa-

298 4793 429 4833 rare
476 4779 751 4839 valerent.
785 4782 1008 4848 Quibus
1057 4797 1193 4837 cum
1243 4780 1529 4837 obnoxius
1564 4782 1623 4851 [f.
1656 4778 1945 4846 obnixius]

297 4866 576 4938 renitens,
611 4870 669 4926 id
702 4871 858 4943 quod
889 4875 1014 4926 erat
1060 4869 1457 4936 obtenderem,
1491 4884 1799 4940 superesse
1830 4867 1947 4923 sei-

296 4952 433 5011 licet
463 4957 644 5016 libros
676 4959 748 5016 de
777 4959 888 5015 hac
919 4958 1122 5014 eadem
1153 4974 1215 5013 re
1243 4961 1369 5012 tum
1401 4953 1677 5025 dilucide,
1700 4959 1827 5011 tum
1854 4973 1947 5012 ve-

2069 3802 2419 3874 objicerem;
2451 3805 2580 3856 tum
2628 3816 2762 3855 vero
2793 3798 3151 3872 pertinacius
3198 3799 3483 3879 institere,
3516 3805 3577 3856 et
3610 3819 3733 3859 non

2067 3888 2220 3959 novi,
2244 3888 2542 3962 inquiunt,
2568 3887 2789 3960 aliquid
2821 3892 2876 3944 te
2907 3889 3119 3945 cudere
3148 3889 3425 3962 petimus,
3451 3889 3554 3961 qui
3578 3889 3727 3947 nihil

2057 3979 2185 4050 jam
2209 3978 2447 4052 reperiri
2469 3993 2641 4050 posse
2663 3992 2880 4044 remur,
2898 3977 3053 4049 quod
3076 3977 3148 4034 ab
3170 3976 3299 4033 aliis
3321 3994 3437 4034 non
3461 3977 3727 4036 invenia-

2065 4072 2163 4124 tur
2193 4066 2446 4135 dictum;
2476 4067 2576 4122 sed
2600 4083 2669 4123 ex
2691 4065 2804 4135 his,
2829 4081 2957 4138 quae
2980 4066 3052 4122 ab
3074 4065 3207 4123 aliis
3229 4067 3443 4123 asseris
3464 4067 3726 4140 sparsim

2065 4157 2415 4229 copioseque
2442 4160 2710 4222 tractata,
2728 4156 3029 4227 poscimus
3064 4154 3303 4213 utiliora
3332 4171 3586 4228 quaeque
3632 4174 3736 4214 no-

2064 4246 2274 4317 bisque
2318 4243 2668 4312 necessaria,
2703 4245 2897 4300 studio
2948 4245 3047 4300 fuo
3101 4245 3395 4317 decerpta,
3427 4242 3487 4301 in
3537 4261 3731 4303 unum

2064 4332 2279 4406 colligi,
2295 4337 2351 4389 et
2366 4332 2543 4390 veluti
2566 4337 2788 4389 sertum
2807 4333 3105 4406 quoddam
3126 4349 3196 4389 ex
3216 4332 3460 4389 diversis
3477 4331 3729 4393 ﬂoribus

2063 4422 2379 4495 compingi.
2396 4423 2458 4479 In
2483 4438 2599 4494 quo
2623 4439 2796 4494 opere
2827 4439 2943 4478 non
2976 4420 3388 4495 pompacitatis
3409 4420 3729 4481 verborum

2061 4509 2403 4580 faleras,aut
2422 4510 2772 4567 urbanitatis
2795 4510 3087 4584 exigimus
3101 4527 3363 4578 veneres,
3389 4526 3538 4582 quas
3558 4516 3730 4571 utras

2064 4600 2273 4671 [supple
2302 4599 2379 4668 in]
2413 4599 2792 4673 antiquorum
2823 4604 2913 4656 est
2950 4598 3212 4656 invenire
3255 4599 3724 4657 commentariis.

2059 4687 2366 4745 Enimvero
2398 4705 2527 4761 qua:
2558 4690 2629 4745 ab
2662 4687 2792 4744 aliis
2825 4688 3135 4745 obscurius
3158 4692 3298 4744 sunt
3318 4686 3568 4759 prolata,
3593 4693 3724 4760 tuo,

2059 4793 2422 4848 quzesumus,
2457 4776 2858 4840 manifestiora
2887 4779 3033 4834 ﬁant
3082 4776 3292 4833 relatu.
3328 4776 3446 4833 Hac
3494 4776 3725 4834 evictus

2058 4866 2519 4937 importunitate,
2544 4870 2601 4923 et
2621 4868 2692 4922 de
2714 4864 2911 4923 divina
2935 4882 3299 4939 prazsumens
3329 4864 3605 4937 largiflua
3626 4867 3729 4923 bo-

2056 4955 2266 5023 nitate,
2320 4956 2587 5013 studiosa
2635 4955 3022 5013 nihilominus
3068 4958 3417 5027 provocatus
3464 4954 3722 5012 fratrum

293 5052 469 5127 nuste
489 5049 782 5120 majorum
800 5051 1136 5103 nostrorum
1157 5049 1420 5118 tempore
1435 5044 1948 5117 editos,praacipue
1975 5065 2024 5130 Β
2055 5043 2356 5113 charitate,
2381 5060 2510 5117 quae
2541 5044 2845 5101 humiliter
2872 5062 2971 5101 eos
3002 5044 3304 5117 postulare
3332 5042 3513 5112 sensi,
3540 5060 3609 5100 eo
3640 5049 3722 5101 te-

290 5136 641 5195 venerabilis
667 5136 777 5191 viri
809 5133 1042 5191 Domini
1081 5134 1246 5190 Beda
1295 5132 1638 5207 presbyteri,
1672 5133 1775 5205 qui
1807 5151 1942 5190 cum

290 5230 352 5284 in
385 5227 535 5295 aliis,
568 5228 695 5279 tum
727 5222 902 5279 etiam
933 5222 991 5276 in
1024 5222 1132 5277 hoc
1164 5230 1373 5278 sanclze
1406 5221 1673 5278 Ecclesia:
1708 5222 1942 5279 utilitati

290 5316 615 5389 plurimum
653 5309 946 5377 esudavit;
982 5310 1217 5366 illorum
1266 5310 1572 5366 lectionem
1624 5311 1937 5380 instarent;

288 5404 422 5459 illos
444 5399 673 5456 diutina
697 5398 1073 5455 meditatione
1094 5399 1421 5471 perdiscere
1446 5400 1767 5469 studerent,
1792 5417 1825 5455 a
1846 5418 1939 5456 me

286 5486 672 5545 intentionem
727 5489 1070 5555 averterent,
1106 5503 1211 5543 nec
1241 5504 1336 5544 me
1383 5488 1619 5561 aggredi
1668 5494 1939 5561 cogerent

286 5594 435 5650 opus
466 5574 732 5631 omnium
753 5575 944 5647 sputis
976 5576 1314 5645 obnoxium,
1340 5582 1706 5647 cunctorum,
1731 5578 1939 5633 deridi-

288 5665 435 5722 culis
465 5664 732 5737 dignum,
767 5664 1088 5738 praesertim
1128 5682 1263 5723 cum
1305 5666 1417 5721 sim
1468 5666 1701 5739 ingenio
1747 5666 1932 5736 rudis,

287 5769 556 5811 sermone
606 5752 944 5828 impeditus,
978 5758 1035 5811 et
1076 5772 1147 5810 ne
1185 5754 1481 5811 rusticano
1532 5754 1770 5827 quidem
1817 5754 1934 5811 elo—

284 5844 421 5917 quio
452 5842 741 5903 balbutire
773 5843 1084 5912 sufficiam,
1111 5844 1328 5900 nedum
1351 5843 1607 5899 veritatis
1630 5843 1931 5916 quippiam

285 5932 655 5994 comminisci
714 5948 1090 6008 praesumam.
1145 5933 1292 5990 Cum
1341 5932 1482 6001 haec,
1519 5932 1931 6004 hujuscemodi

2055 5149 2194 5188 nore
2231 5137 2455 5189 tentare
2506 5133 2877 5206 praesumpsi,
2921 5138 2987 5188 ut
3042 5134 3164 5189 haec
3222 5131 3370 5188 nulli
3418 5148 3712 5205 unquam,

2051 5225 2259 5294 praeter
2301 5240 2383 5288 se,
2429 5216 2675 5295 legenda
2722 5223 2996 5294 praebere,
3028 5221 3115 5277 vel
3167 5226 3463 5277 auctorem
3515 5222 3715 5294 operis

2050 5309 2349 5382 publicare
2383 5310 2816 5382 pollicerentur.

2120 5400 2232 5456 Sed
2261 5404 2318 5456 et
2349 5399 2395 5453 si
2427 5401 2597 5471 cujus
2629 5399 2948 5472 peritorum
2982 5400 3105 5455 hinc
3134 5416 3305 5456 aures
3332 5398 3708 5467 offenderint,

1992 5480 1999 5491 ’
2049 5504 2121 5543 ne
2142 5504 2235 5544 me
2252 5487 2596 5544 temeritatis
2619 5492 2778 5544 notet
2796 5488 3005 5560 elogio,
3031 5489 3131 5543 sed
3154 5486 3380 5544 noverit
3402 5504 3495 5544 me
3519 5488 3712 5546 chari-

2045 5576 2180 5631 tatis
2211 5577 2477 5649 paruisse
2508 5577 2771 5649 imperio,
2806 5594 2873 5632 ac
2919 5578 3185 5633 fraternae
3236 5576 3473 5632 utilitati
3505 5578 3705 5634 deser-

2043 5664 2215 5734 visse,
2250 5670 2423 5738 prout
2452 5666 2565 5720 fuit
2596 5666 2791 5722 studio
2814 5665 3112 5738 possibile.
3138 5665 3491 5735 Quotidiana
3523 5667 3708 5740 igitur

2044 5770 2357 5825 annuaque
2379 5754 2641 5826 Compoti
2665 5759 3011 5825 argumenta
3032 5754 3374 5828 vulgatiora,
3399 5758 3457 5810 et
3475 5772 3605 5826 qua:
3629 5771 3703 5811 ne

2042 5843 2226 5899 laicus
2249 5842 2508 5913 quidem,
2544 5860 2614 5898 ne
2636 5843 2779 5898 dum
2811 5842 3057 5900 clericus
3078 5843 3320 5915 impune
3341 5841 3703 5914 ignoraverit

2043 5933 2456 6003 undecumque
2477 5930 2797 6003 collecta,et
2821 5931 3289 6006 planiore,quam
3308 5931 3425 5990 sint
3442 5932 3515 5990 ab
3539 5932 3697 6003 aliis,
