3910 6388
286 410 383 493 ’ξ

1389 417 1801 485 HELPERIGI
1846 416 2200 481 MONAGBI
2241 416 2305 479 St.
2353 416 2605 483 GALLI.

3627 417 3731 487 Si

296 550 465 623 quod
484 550 541 608 vi
573 552 695 609 Kal.
721 550 962 609 Martias
983 551 1412 624 pronuntietur,
1436 555 1711 625 totusque
1733 551 1829 608 ille
1851 568 1948 607 an-
1976 552 2031 621 Α
2059 550 2275 606 lustrat
2298 549 2767 624 hemispherium
2792 567 2806 620 ;
2840 549 2993 607 sicut
3021 550 3173 613 illud
3198 550 3419 611 animal
3448 556 3570 615 toto
3599 554 3715 615 hoc

295 656 412 697 nus
441 639 759 699 hissextilis
781 640 1129 714 appellatur,
1153 644 1429 703 constans
1457 658 1691 703 ccccxvr
1709 642 1941 700 diebus.

296 728 408 796 Qui
437 729 564 786 dies
594 729 644 785 si
674 728 1025 804 negligatur,
1057 730 1281 786 eveniet
1327 734 1460 803 post
1507 729 1731 802 aliquot
1758 747 1959 789 annos.

296 820 365 872 ut
394 816 588 875 hieme
620 818 821 887 aestivi,
853 821 911 875 et
940 822 1143 875 contra
1189 822 1387 875 aestate
1433 818 1663 874 hiberni
1714 836 1945 875 menses

296 912 625 964 occurrant.
639 907 787 965 Nam
808 926 913 981 per
936 924 1172 965 cccnxrv
1182 924 1367 965 annos
1388 912 1619 964 tantum
1641 908 1946 965 calculatio

296 997 652 1071 regradabit,
672 1000 739 1053 ut
765 996 826 1053 in
857 997 1131 1054 Kalendis
1162 998 1643 1070 mquinoctiorum
1675 999 1943 1065 solstitia,

296 1091 355 1143 et
382 1103 413 1141 e
443 1091 646 1143 contra
675 1086 733 1142 in
766 1086 1153 1145 solstitiorum
1184 1087 1455 1144 eveniant
1492 1087 1858 1160 aequinoctia,
1886 1088 1942 1144 id

297 1181 407 1245 est,
441 1193 577 1233 eum
605 1194 686 1233 χιι
727 1176 852 1233 Kal.
901 1177 1084 1251 April,
1118 1177 1608 1250 pronuntiaveris,
1639 1182 1699 1233 et
1743 1178 1955 1233 debeat

295 1282 427 1321 esse
456 1265 869 1340 aequinoctium
898 1266 1151 1335 vernale,
1171 1271 1447 1341 appareat
1477 1266 1791 1325 solstitium
1816 1268 1949 1325 bru-

297 1354 472 1424 male,
506 1355 661 1427 quod
692 1360 782 1411 est
808 1372 887 1411 xu
919 1355 1043 1411 Kal.
1074 1355 1360 1417 Januarii.
1393 1356 1656 1428 Cumque
1687 1373 1945 1429 pronun-

297 1440 536 1502 tiaveris
563 1461 643 1501 xu
672 1443 795 1502 Kal.
828 1444 1162 1517 Julii,quod
1191 1450 1284 1501 est
1310 1442 1628 1501 solstitium
1657 1447 1944 1515 aestivum,

301 1537 571 1611 occurrat
599 1532 1016 1605 mquinoctium
1046 1533 1299 1603 vernale,
1324 1534 1478 1608 quod
1512 1551 1639 1591 esse
1669 1536 1841 1591 debet
1867 1553 1949 1592 xu

297 1622 426 1679 Kal.
455 1621 637 1696 April.
670 1621 884 1694 Sicque
914 1622 974 1678 in
1004 1624 1228 1679 steteris
1257 1623 1482 1680 eveniet
1528 1624 1666 1683 anni
1714 1624 1943 1682 diebus.

296 1712 384 1767 Ad
416 1711 576 1769 hunc
596 1710 933 1773 evitandum
962 1728 1220 1771 errorem
1241 1711 1559 1773 bissextilis
1586 1713 1709 1773 dies
1739 1718 1947 1788 quarto

297 1818 531 1874 semper
558 1818 712 1859 anno
739 1800 1139 1865 intercaletur.
1173 1800 1292 1861 Hoc
1319 1800 1497 1859 veluti
1525 1803 1784 1875 quodam
1814 1804 1947 1871 fun-

298 1892 575 1949 damento
616 1890 1101 1947 inveniendorum
1149 1890 1523 1964 sequentium
1571 1898 1945 1966 argumente-

298 1997 432 2037 rum
463 1979 792 2054 prmlocato,
826 1980 898 2037 ad
928 1980 1058 2054 ipsa
1079 1981 1207 2053 jam
1238 1980 1599 2054 explicanda,
1633 1999 1761 2055 quae
1809 1982 1947 2043 hinc

299 2070 712 2139 coniiciuntur,
736 2071 1088 2129 accedamus
1117 2074 1487 2149 argumenta.

956 2148 1188 2209 CAPUT
1208 2148 1211 2149 ν
1228 2151 1300 2208 II.

299 2225 545 2300 Physica
571 2224 857 2297 signorum
886 2224 1046 2292 ratio,
1066 2230 1118 2279 et
1144 2222 1209 2281 de
1236 2223 1486 2281 solstitiis
1514 2231 1569 2283 et
1592 2225 1953 2299 wquinoctiis.

378 2324 493 2381 Sed
525 2321 665 2395 quia
712 2319 981 2389 rudibus,
1014 2320 1083 2377 id»
1123 2324 1219 2377 est
1259 2320 1561 2378 similibus
1606 2322 1812 2392 nostri,
1844 2323 1959 2379 hoc

305 2412 660 2499 Opusculum
692 2411 902 2468 cudere
937 2409 1324 2480 instituimus,
1357 2428 1474 2469 non
1521 2412 1953 2469 infructuosum

300 2503 533 2565 videtur
551 2503 621 2559 de
642 2500 866 2559 ratione
882 2500 1208 2574 signorum,
1227 2505 1514 2574 quantum
1538 2501 1814 2577 ingenioli
1827 2520 1958 2561 nos-

302 2594 382 2652 tri
425 2592 719 2667 capacitas
767 2606 837 2648 ex
883 2591 1177 2663 maiorum
1218 2580 1399 2649 dictis
1448 2591 1698 2650 retinere
1743 2593 1953 2665 potuit,

304 2700 500 2759 pauca
530 2681 943 2756 perstringere.
973 2681 1054 2736 Ac
1082 2679 1276 2753 primo
1324 2679 1627 2740 sciendum
1657 2680 1760 2738 illa
1787 2680 1959 2757 signa

304 2770 455 2832 nihil
485 2770 646 2829 aliud
668 2787 796 2829 esse
826 2786 1007 2844 quam
1027 2768 1157 2825 coeli
1177 2771 1335 2826 certa
1355 2770 1548 2845 spatia
1564 2787 1633 2827 ex
1653 2768 1959 2831 stellarum

305 2860 597 2943 positione
625 2864 682 2918 et
720 2857 943 2928 ordine,
990 2857 1413 2917 calculatorum
1461 2861 1783 2941 sagacitate
1825 2861 1957 2934 qui-

304 2938 559 3011 busdam
591 2949 761 3023 quosi
791 2947 1080 3006 limitibus
1110 2948 1516 3015 determinata.
1542 2938 1767 3009 Primus
1798 2967 1959 3013 nam.

307 3057 423 3116 que
451 3039 770 3114 Egyptios,
803 3054 955 3112 quos
984 3054 1103 3111 pris
1131 3036 1353 3093 caeteris
1390 3036 1728 3094 nationibus
1775 3039 1956 3110 hujus

307 3130 451 3190 artis
510 3128 720 3203 peritia
776 3126 1072 3194 calluisse,
1131 3124 1338 3181 divinas
1395 3125 1531 3198 (cod.
1592 3131 1658 3185 ut
1724 3125 1952 3194 divinis,

303 3220 400 3279 sed
430 3227 557 3275 tunc
595 3219 821 3276 verbum
864 3216 1223 3285 desideratur)
1277 3217 1335 3270 et
1380 3213 1652 3272 humanae
1699 3215 1963 3289 produnt

2052 643 2315 713 tempore
2345 640 2546 701 dextro
2566 639 2747 717 lateri.
2764 640 2951 701 fertur
2973 640 3258 703 incubare
3272 654 3461 710 iam
3481 642 3729 717 reliqua.

2054 728 2205 791 anni.
2226 729 2541 793 medietate
2564 733 2629 789 et
2651 728 2741 792 sol
2762 729 3079 791 sinistrum
3115 730 3407 792 ambitum
3457 734 3714 808 peragit,

2053 822 2110 874 et
2139 817 2289 875 aries
2320 836 2499 892 super
2527 818 2844 875 sinistrum
2875 817 3032 876 latus
3061 818 3371 875 incumbit.

2125 910 2391 964 Taurum
2419 910 2493 964 ob
2525 908 2593 964 id
2617 925 2749 965 reor
2773 908 2905 965 illos
2942 910 3201 965 secundo
3247 909 3375 966 loco
3414 912 3711 984 posuisse,

2055 998 2210 1069 quod
2233 997 2353 1053 sole
2384 997 2516 1054 illas
2539 1002 2735 1072 partes
2769 998 3019 1054 adeunte
3039 998 3217 1055 boum
3248 997 3499 1068 labores,
3516 1002 3573 1057 id
3598 1008 3710 1072 est,

2054 1090 2281 1158 segetes
2307 1087 2377 1142 ad
2413 1086 2810 1143 maturitatem
2838 1086 3104 1155 tendunt,
3139 1090 3198 1143 et
3244 1087 3304 1143 in
3343 1089 3712 1160 quibusdam

2056 1176 2502 1232 ferventioribus
2528 1176 2701 1233 terris
2730 1176 2909 1232 etiam
2941 1178 3265 1233 metuntur.

2128 1266 2314 1338 Super
2344 1264 2721 1325 Geminorum
2753 1263 3065 1337 allegorica
3094 1263 3527 1338 significatione
3558 1270 3712 1326 nihil

2057 1352 2248 1408 adhuc
2278 1351 2529 1425 reperire
2560 1353 2743 1425 potui,
2777 1351 2891 1409 nisi
2925 1368 3155 1427 parum,
3199 1355 3355 1426 quod
3401 1360 3606 1417 tamen
3654 1366 3718 1416 et

2053 1440 2252 1514 ipsum
2294 1441 2453 1499 haud
2487 1441 2743 1499 multum
2793 1459 2828 1499 a
2862 1440 3129 1501 fabuloso
3163 1442 3383 1500 recedit
3402 1445 3712 1523 ﬁgmento.

2058 1530 2263 1586 Fertur
2292 1529 2353 1587 in
2383 1529 2482 1587 illo
2504 1547 2759 1603 namque
2789 1530 3150 1609 mittholoico
3168 1530 3288 1603 (sic)
3302 1532 3622 1593 simulacro
3643 1556 3720 1596 ex

2056 1617 2151 1675 his
2170 1619 2453 1690 Geminis,
2468 1636 2618 1694 quos
2641 1619 2941 1679 Castorem
2962 1623 3178 1678 vocant
3205 1624 3381 1695 atque
3392 1622 3715 1697 Pollucem,

2055 1707 2303 1769 alterum
2334 1709 2749 1779 immortalem,
2766 1708 3029 1769 alterum.
3060 1710 3243 1781 fuisse
3274 1714 3479 1789 natum
3501 1720 3719 1777 morta-

2054 1797 2193 1854 lem.
2228 1798 2340 1855 Sed
2368 1798 2421 1857 is
2451 1798 2553 1873 qui
2580 1798 2847 1857 mortalis
2876 1799 3197 1869 exstiterat,
3230 1817 3352 1867 saaa
3381 1804 3593 1863 mor-tis
3617 1806 3724 1864 ob-

2053 1887 2219 1960 jecta
2249 1888 2414 1945 fratri
2446 1888 2947 1946 immortalitatem
2978 1882 3324 1961 acquisisss,
3356 1890 3418 1946 id
3464 1895 3637 1965 quod,
3651 1894 3720 1952 in

2060 1974 2208 2049 ipsis
2257 1976 2504 2050 probare
2552 1976 2821 2037 nituntur
2868 1975 3073 2047 stellis,
3119 1978 3275 2057 quod
3324 1966 3443 2036 uno
3489 1982 3720 2051 oriente

2064 2063 2211 2121 alter
2249 2065 2481 2123 occidit.
2517 2065 2635 2125 Hoc
2687 2082 2921 2141 quoque
2952 2065 3061 2127 soli
3091 2065 3176 2127 sic
3225 2071 3522 2143 coaptant,
3550 2075 3717 2151 quad

2065 2170 2222 2210 unus
2252 2154 2529 2227 idemque
2558 2155 2741 2213 modo.
2756 2153 2817 2212 in
2848 2172 2968 2219 una
2997 2155 3216 2215 mundi
3236 2156 3573 2231 descendat,
3594 2179 3724 2229 mo-

2063 2242 2139 2297 do
2168 2242 2229 2297 in
2261 2259 2556 2300 summam
2581 2247 2852 2316 resurgat
2880 2243 3274 2303 altitudinem.

2135 2331 2343 2387 Caneri
2374 2332 2724 2406 signiﬁcatio
2743 2333 2805 2389 in
2834 2334 3145 2408 propatulo
3174 2339 3283 2405 est,
3298 2340 3465 2410 quod
3483 2338 3636 2399 sicut
3652 2342 3720 2407 id

2065 2436 2252 2499 genus
2284 2421 3041 2501 animalisversisvestigiis
3074 2425 3717 2505 retro_incedit,itasel,

2064 2526 2201 2568 cum
2223 2510 2295 2566 ad
2327 2510 2437 2569 hoc
2458 2511 2696 2585 signum
2726 2512 2968 2583 venerit,
2994 2511 3150 2581 ultra
3169 2517 3457 2585 scandere
3480 2536 3596 2585 nan
3614 2538 3720 2580 va.-

2065 2598 2193 2657 lens
2223 2600 2501 2659 inferiora
2519 2602 2748 2676 repetit,
2771 2600 3061 2660 celebrato
3081 2603 3143 2660 in
3164 2609 3381 2683 quarta
3402 2607 3531 2683 ejus
3549 2616 3723 2684 parte

2065 2688 2337 2759 solstitio,
2370 2689 2428 2746 id
2477 2694 2568 2748 est
2622 2708 2702 2748 xu
2749 2691 2881 2751 Kal.
2911 2691 3076 2762 Julii,
3115 2695 3273 2765 unde
3322 2694 3477 2765 idern
3525 2702 3717 2765 ortus.

2065 2778 2213 2836 Nam
2245 2784 2364 2836 tres
2394 2784 2536 2845 sunt
2566 2779 2923 2855 principales
2951 2786 3116 2857 ortus
3156 2799 3519 2863 occasusque
3547 2788 3720 2860 solis,

2066 2866 2293 2939 scilicet
2319 2867 2627 2939 brumalis,
2652 2866 3097 2941 aequinoctialis,
3127 2874 3187 2933 et
3214 2871 3486 2933 ὕοι-ϐαιὴ.
3512 2875 3629 2944 Iste
3644 2881 3723 2937 de

2066 2973 2183 3028 quo
2230 2955 2549 3028 loquimur,
2596 2956 2669 3024 is,
2718 2955 2986 3027 inquam,
3020 2962 3191 3016 ortus
3232 2962 3540 3034 Therinos,
3575 2966 3727 3039 Teo-

2066 3044 2229 3116 pieos
2266 3044 2461 3100 Grmce
2509 3048 2752 3101 vocatur
2780 3042 2933 3107 θκροςν
2965 3046 3021 3101 id
3082 3051 3175 3104 est
3229 3053 3422 3119 aestas,
3478 3069 3723 3128 οοωρο-

2064 3130 2176 3274 sitlo
2226 3131 2463 3188 nomine
2515 3148 2549 3189 a
2600 3131 2879 3203 qualitate
2919 3135 3209 3209 temporis.
3246 3140 3303 3201 et
3341 3144 3724 3217 conversione

2066 3235 2231 3274 8018.

2066 3235 2231 3281 80118.

305 3307 658 3378 litteraadter
688 3306 834 3367 illud
866 3305 1027 3374 solis,
1041 3303 1345 3393 perpcujus
1373 3302 1707 3393 discursum
1729 3319 1951 3360 annum
1984 3312 2028 3379 α
2141 3308 2405 3379 Sequens
2436 3309 2675 3381 signum
2708 3310 2917 3368 Leonis
2949 3312 3164 3369 dicitur
3186 3314 3259 3370 ob
3289 3313 3451 3373 illius
3469 3323 3722 3393 mensis,

305 3397 499 3474 explet
543 3398 857 3464 circulum,
904 3393 967 3452 in
1015 3391 1325 3449 duodecim
1371 3392 1640 3464 partibus
1685 3409 1957 3450 emensos

302 3491 555 3547 testatur
570 3483 923 3546 Macrobius.
938 3482 1123 3550 Quod,
1137 3495 1256 3552 qua
1273 3478 1566 3539 industria
1584 3480 1953 3555 fecerint,qui

305 3576 539 3654 plenius
561 3593 736 3633 nosse
756 3570 1066 3637 desiderat,
1082 3568 1347 3641 ejusdem
1372 3570 1648 3626 Macrobii
1666 3588 1958 3629 commen-

300 3671 430 3726 tum
462 3666 532 3721 de
560 3665 780 3721 Somno
809 3657 1068 3733 Cipionis
1098 3657 1232 3733 (sic)
1262 3656 1454 3733 legere
1496 3661 1748 3721 studeat.
1791 3662 1955 3734 Ipsae

303 3760 500 3815 autem
526 3757 721 3827 partes
750 3750 1067 3807 subsecuta
1082 3749 1389 3819 posteritas
1400 3749 1590 3823 primo
1612 3751 1959 3824 generaliter

303 3847 473 3920 signo
504 3838 837 3915 appellavit.
861 3837 1026 3893 Unde
1055 3836 1246 3894 eidem
1276 3839 1516 3912 sphaerae
1546 3838 1740 3896 Graece
1767 3840 1961 3898 zodia-

303 3952 423 4001 cos,
456 3929 661 3988 Latine
689 3930 886 3985 autem
917 3925 1183 3999 signiferi
1214 3944 1427 3983 nomen
1467 3926 1811 4001 impositum
1843 3935 1950 3986 est.

302 4020 525 4080 Deinde
554 4015 805 4092 singulis
836 4004 1021 4089 signis
1051 4019 1209 4073 certe
1239 4014 1453 4074 indidit
1488 4017 1791 4085 voeabula,
1824 4036 1954 4091 qua;

302 4113 483 4184 poetae
513 4107 755 4180 quidem
783 4103 1028 4161 ridicule
1058 4104 1380 4174 finxerunt;
1411 4106 1513 4162 sed
1544 4107 1646 4179 qui
1676 4107 1957 4165 dicuntur

300 4196 661 4273 philosophi,
693 4193 1051 4267 quibusdam
1089 4194 1351 4268 physicis
1401 4196 1952 4257 adumbrationibus

302 4286 561 4346 colorare
606 4281 721 4340 nisi
766 4285 924 4337 sunt.
958 4281 1071 4339 Sed
1122 4300 1227 4341 nos
1260 4283 1359 4355 (ita
1398 4283 1558 4355 cod),
1592 4285 1856 4356 poeticis,
1892 4285 1951 4341 in

301 4362 521 4451 quibus
541 4371 705 4445 nulla
724 4371 877 4428 inest
892 4370 1010 4428 veri
1036 4369 1323 4440 soliditas,
1344 4371 1693 4447 posthabitis
1711 4374 1951 4446 ﬁgmen-

301 4465 400 4537 tis,
434 4460 796 4521 naturalium
827 4477 1023 4517 rerum
1054 4477 1243 4533 pauca
1273 4476 1400 4534 quas
1439 4461 1511 4516 de
1557 4464 1817 4518 veterum
1849 4479 1957 4534 po-.

299 4553 525 4610 tuimus
556 4568 756 4609 eruere
786 4548 1247 4617 commentariis,
1263 4550 1517 4607 inserere
1549 4567 1663 4606 non
1685 4548 1954 4607 videatur

2064 3397 2314 3469 Augusti
2345 3397 2587 3467 scilicet,
2621 3399 3119 3457 ferventissimum
3149 3405 3405 3483 tempus,
3439 3408 3583 3480 quia
3629 3411 3720 3471 leo

2066 3486 2289 3577 caeteris
2320 3485 2676 3577 animalibus
2706 3487 2896 3547 calore
2926 3493 3203 3564 praestare
3233 3493 3510 3566 creditur,
3528 3502 3719 3577 quod-

2066 3592 2183 3649 que
2212 3575 2324 3632 Leo
2357 3575 2551 3648 priore
2572 3579 2738 3650 parte
2766 3576 3353 3654 validus,posteriors
3373 3575 3719 3660 degenerat;

2065 3662 2219 3719 sicut
2274 3663 2361 3722 sol
2413 3681 2444 3721 e
2490 3664 2684 3722 medio
2734 3665 2833 3724 illo
2883 3660 3063 3740 signo
3093 3670 3223 3741 jam
3252 3670 3408 3729 circa
3451 3658 3722 3734 mensem

2066 3753 2469 3825 Septembrem
2517 3757 2695 3810 aestus
2744 3755 2839 3812 sui
2888 3757 3158 3815 ardorem
3202 3759 3374 3818 nobis
3433 3762 3722 3824 duntaxat

2064 3841 2335 3915 mitigare
2355 3841 2581 3916 incipit.

2133 3930 2166 3987 J
2173 3947 2267 3986 am
2292 3946 2426 3987 vero
2457 3930 2567 4004 ipsi
2591 3933 2919 4006 Septembri
2938 3934 3239 4008 Virginem
3261 3938 3719 4013 deputaverunt;

2064 4019 2220 4091 quod
2251 4037 2318 4076 eo
2351 4036 2552 4078 mense
2582 4021 2787 4080 etl‘ecta
2807 4023 2936 4095 jam
2964 4026 3122 4081 terra
3152 4024 3298 4082 nihil
3310 4027 3568 4086 fructum
3598 4032 3723 4106 gig-

2065 4111 2186 4165 nat.

2137 4194 2393 4264 Libram,
2410 4213 2590 4268 quam
2620 4198 2681 4259 in
2711 4200 2945 4259 trutinae
2966 4202 3221 4281 effigiem
3247 4204 3524 4276 formant,
3540 4210 3723 4280 aqui-

2062 4283 2372 4340 noctialem
2405 4284 2517 4345 diei
2550 4287 2855 4365 noctisque
2885 4290 3259 4363 parilitatem,
3286 4308 3473 4367 quam
3492 4294 3552 4351 in
3581 4298 3719 4369 ejus

2061 4374 2271 4444 quarta
2314 4376 2478 4445 parte
2527 4374 2614 4432 sol
2664 4375 3012 4451 exsequitur.
3046 4384 3352 4450 autumno,
3385 4382 3444 4438 id
3494 4388 3585 4440 est
3632 4402 3718 4444 xu

2062 4459 2186 4517 Kal.
2239 4461 2496 4532 Octobr.,
2547 4463 2874 4534 insinuant,
2926 4465 3081 4524 sicut
3133 4467 3193 4525 in
3246 4469 3456 4528 Arietis
3500 4479 3719 4547 quarta

2058 4552 2223 4623 parte
2254 4566 2451 4621 verno,
2484 4551 2541 4609 id
2571 4555 2659 4610 est
2686 4572 2764 4611 χιι
2798 4554 2921 4611 Kal.
2954 4555 3137 4627 April.
3171 4557 3240 4613 Et
3282 4557 3345 4625 hi
3375 4564 3516 4617 sunt
3547 4566 3721 4621 ortus

299 4657 637 4700 onerosum.
673 4640 857 4716 Igitur
886 4637 1123 4697 zodiaco
1171 4637 1284 4711 ipsi
1332 4654 1398 4695 eo
1454 4637 1579 4695 loco
1627 4638 1951 4697 tribuentes
1977 4685 2026 4753 Β
2056 4636 2145 4694 vel
2198 4655 2462 4711 occasus,
2515 4658 2769 4715 quorum
2821 4647 3067 4718 uterque
3100 4645 3480 4725 .isemerinos,
3514 4648 3574 4707 id
3625 4657 3721 4710 est

299 4730 527 4753 !_212___.
593 4747 698 4753 ---Α
736 4727 911 4753 --1--.
949 4744 1080 4753 ...Α-
1113 4727 1327 4753 Ρηιιιιςη
1366 4731 1589 4753 ,ιι-...ηιλι
1634 4743 1758 4753 Αηηη
1789 4726 1909 4753 In..-
2061 4726 2479 4753 ......2_-_L!-12_
2515 4731 2837 4753 .....Α11ᾼι...Δ

296 4730 555 4804 initium,
587 4747 703 4805 quo
734 4727 917 4788 solem
949 4744 1083 4785 mox
1113 4727 1332 4785 factum
1364 4731 1594 4785 constat
1632 4743 1759 4783 esse
1788 4726 1947 4785 loca-

298 4820 521 4887 tum,id
552 4824 659 4891 est,
679 4818 750 4877 ab
781 4836 849 4876 eo
879 4817 1069 4890 signo,
1089 4816 1244 4889 quod
1273 4832 1345 4871 xv
1375 4815 1498 4872 Kal.
1528 4814 1709 4889 April.
1732 4815 1953 4873 intrare

297 4908 535 4979 dicitur,
561 4926 737 4982 quem
770 4906 1024 4981 primum
1051 4905 1233 4960 fuisse
1264 4904 1415 4960 diem
1448 4903 1712 4961 smculiet
1741 4909 1949 4978 quarto

297 4996 513 5052 abhinc
570 5014 631 5052 se
687 4999 949 5052 creatura
1007 4992 1397 5067 aequinoctiali
1454 4994 1545 5051 die
1594 4994 1815 5051 ratione
1862 4994 1949 5050 sol

295 5085 417 5142 iose
449 5088 719 5151 testatur,
738 5083 893 5139 idem
926 5079 1247 5155 principale
1278 5081 1514 5155 signum
1546 5081 1716 5155 quasi
1735 5082 1947 5139 Arietis

296 5172 535 5230 nomine
565 5174 938 5239 vocaverunt,
972 5188 1043 5227 ex
1070 5174 1279 5227 natura
1308 5172 1496 5243 ipsius
1527 5172 1799 5227 animalis
1830 5179 1945 5227 tra-

294 5263 469 5318 hente
498 5259 848 5316 vocabulum
881 5258 1289 5314 similitudinis
1319 5261 1390 5316 ad
1440 5262 1813 5317 efficientiam
1847 5280 1938 5317 so-

292 5349 387 5418 lis,
422 5349 539 5405 sive
571 5350 725 5422 quod
758 5347 815 5403 id
850 5346 1066 5405 animal
1107 5348 1396 5423 praecipue
1443 5350 1718 5405 cornibus
1766 5351 1935 5419 valet,

291 5440 445 5494 sicut
476 5437 559 5494 sol
593 5439 664 5493 ab
705 5454 771 5495 eo
823 5441 1081 5509 tempore
1130 5438 1201 5493 ad
1252 5439 1651 5495 resolvendum
1699 5442 1934 5507 terram,

290 5531 530 5584 eatenus
568 5526 825 5584 brumali
874 5525 1042 5599 rigali
1090 5533 1441 5597 concretam,
1474 5528 1772 5585 radiorum
1819 5529 1936 5584 vim

287 5633 552 5674 exercere
580 5614 805 5689 incipit,
839 5615 959 5671 sive
988 5616 1145 5688 quod
1192 5618 1265 5673 ab
1315 5634 1381 5672 co
1431 5615 1777 5689 mquinoctio
1832 5632 1934 5689 per

285 5709 469 5761 totam
484 5709 742 5762 aestatem
766 5721 952 5778 usque
969 5706 1040 5762 ad
1055 5705 1212 5763 aliud
1230 5704 1645 5778 aequinoctium
1667 5706 1936 5761 dextrum

2057 4726 2481 4801 aequinoctialis
2511 4731 2859 4806 appellatur.
3308 4782 3313 4787 .

2128 4820 2201 4874 At
2228 4835 2362 4876 vero
2394 4820 2672 4894 Scorpius
2704 4822 3004 4881 aculeatus
3033 4828 3091 4881 et
3120 4824 3470 4899 Sagittarius
3501 4828 3576 4889 ad
3608 4845 3716 4887 ex-

2059 4906 2397 4980 primendos
2425 4910 2781 4982 grandinum
2813 4911 2965 4969 ictus
2995 4918 3052 4969 et
3089 4917 3498 4989 tempestatem
3546 4916 3713 4978 illius

2059 4998 2337 5069 temporis
2368 5003 2507 5053 sunt
2535 4998 2955 5057 locati.Praater
2984 5001 3142 5058 hunc
3174 5002 3544 5077 Sagittarius,
3581 5025 3715 5081 pos-

2056 5088 2244 5140 trema
2273 5089 2436 5158 parte
2466 5085 2524 5142 in
2559 5087 2744 5145 ferina
2776 5092 3039 5147 membra
3071 5092 3453 5165 degenerans,
3486 5095 3712 5169 signiﬁ-

2056 5179 2148 5228 cat
2178 5173 2361 5229 solcm
2394 5179 2535 5231 tunc
2568 5177 2848 5249 temporis
2872 5197 2909 5236 a
2935 5181 3164 5253 superis
3187 5181 3246 5237 in
3279 5182 3482 5239 infima
3511 5184 3712 5242 detru-

2048 5280 2204 5317 sum.

2120 5351 2454 5424 Capricorni
2487 5353 2940 5427 signiﬁcantium
2961 5358 3146 5416 oculis
3173 5359 3349 5417 etiam
3382 5361 3707 5433 deprehen-

2049 5440 2182 5496 dere
2213 5441 2486 5512 pcrfacile
2506 5447 2611 5499 est.
2629 5444 2875 5517 Capram
2899 5446 3055 5502 enim
3079 5446 3138 5503 in
3160 5450 3455 5522 pascendo
3467 5450 3542 5507 ab
3566 5449 3703 5511 imis

2049 5527 2166 5584 alta
2195 5533 2389 5601 petere
2419 5548 2651 5605 semper
2683 5550 2851 5593 nemo
2883 5538 2971 5593 est
2999 5536 3100 5609 qui
3136 5537 3376 5594 nesciat.
3402 5537 3566 5597 Sicut
3592 5539 3702 5614 sig-

2048 5633 2190 5672 num
2221 5617 2329 5675 hoc
2362 5618 2543 5675 solem
2578 5621 2746 5703 nobis
2779 5624 2851 5679 ab
2882 5623 3087 5682 inferis
3118 5626 3388 5697 partibus
3420 5627 3494 5685 ad
3524 5644 3697 5703 supe-

2047 5704 2200 5763 riora
2230 5707 2491 5780 remittit,
2528 5713 2820 5768 transacto
2867 5711 2927 5769 in
2979 5716 3188 5785 quarta
3235 5718 3402 5788 parte
3442 5717 3560 5789 sui,
3595 5719 3698 5792 qui
