3910 6456
220 514 307 580 Μ

1508 509 1740 573 LIBER
1794 507 1901 574 DE
1938 505 2336 576 GOMPU'I‘O.

3551 502 3639 567 26‘

225 653 311 709 est
336 666 418 707 xu
449 645 574 707 Kal.
598 644 888 717 Januarii,
910 644 1137 706 solsitio
1168 644 1615 716 brumali,sicut
1642 646 1703 702 in
1728 645 1869 703 Can-
1893 648 1954 720 Α
1987 642 2314 705 meditullio
2344 641 2552 712 locata,
2570 645 2626 699 et
2653 644 2890 701 econtra
2921 641 3272 701 altrinsecus
3304 642 3514 715 posita,
3537 659 3634 699 ve-

227 758 320 798 cro
351 737 614 797 aestiva“.
649 737 815 795 Unde
842 737 1021 795 etiam
1049 738 1160 795 hoc
1190 736 1450 810 signum,
1475 735 1629 794 sicut
1646 740 1705 793 et
1721 736 1879 795 illud:

227 832 509 904 tropiccn,
543 828 603 883 id
653 832 744 884 est
790 827 1184 896 convertibile,
1236 825 1586 900 appellatur.
1618 827 1689 881 Et
1738 826 1876 881 inde

229 920 348 976 haec
377 919 548 991 signa
590 916 927 990 philosophi
975 920 1175 988 portas
1220 915 1365 975 solis
1409 915 1870 988 appellaverunt,

230 1010 383 1082 quod
430 1008 490 1065 in
545 1012 797 1081 utroque
839 1022 1066 1074 eorum,
1101 1006 1371 1064 obviante
1414 1004 1687 1073 solstitio,
1719 1004 1875 1060 ultra

229 1100 355 1171 ejus
375 1095 753 1170 prohibeatur
762 1112 1065 1153 ascensus.
1081 1094 1415 1152 Solstitium-
1430 1099 1627 1152 autem
1647 1092 1874 1149 dictum

231 1202 343 1245 non
376 1202 493 1258 quo
523 1184 705 1248 solem
756 1182 1074 1257 aliquando
1122 1188 1278 1242 stare
1320 1184 1399 1243 sit
1444 1182 1737 1252 credibile,
1774 1184 1885 1240 sed-

229 1273 576 1337 brevissima
603 1273 707 1330 illa
735 1272 945 1346 spatia,
979 1273 1198 1345 quibus
1229 1289 1526 1333 summam
1575 1272 1661 1329 vel
1695 1272 1875 1329 imam

229 1364 447 1423 sodiaci
473 1367 701 1437 partem
730 1361 983 1435 attingit,
1009 1362 1120 1419 hoc
1162 1362 1399 1421 nomine
1435 1366 1707 1419 censetur
1738 1361 1872 1434 (cod.

230 1452 540 1524 censetur),
560 1452 717 1525 quod
749 1456 943 1508 atomo
970 1452 1094 1508 ﬁeri
1111 1452 1257 1508 nulli
1284 1452 1533 1509 dubium
1565 1451 1885 1509 est.Scien-

231 1543 374 1603 dum
388 1558 622 1615 quoque
638 1540 748 1597 hoc
771 1539 1019 1597 solstitio
1033 1540 1189 1597 diem
1202 1540 1879 1609 brevissimum,ncctem

228 1649 362 1691 vero
384 1631 794 1705 longissimam
814 1630 961 1698 ﬁeri,
978 1630 1132 1687 sicut
1152 1635 1390 1687 econtra
1410 1630 1661 1689 solstitio
1682 1631 1879 1688 mstivc

229 1724 461 1783 noctem
482 1718 1782 1793 brevissimamdiemquelongissimam,quod
1794 1736 1884 1777 ra-

226 1809 388 1873 tione
417 1808 772 1871 circulorum
803 1811 1086 1879 terraeque
1115 1806 1464 1880 globositate
1502 1807 1628 1867 fieri
1656 1808 1880 1880 liquido

226 1902 409 1972 patet.
443 1895 749 1969 Siquidem
781 1896 1011 1970 sphaera
1038 1895 1140 1955 illa
1166 1895 1442 1964 caelestis,
1464 1914 1568 1970 per
1596 1913 1774 1970 quam
1795 1913 1885 1955 zo-

224 1987 463 2050 diactea
482 1985 643 2045 linea
667 1985 924 2055 ducitur,
956 1987 1029 2043 ad
1078 1984 1415 2059 aquilonem
1458 2002 1636 2059 super
1663 1991 1881 2049 terram

222 2075 523 2145 altissime
551 2078 836 2149 porrecta,
861 2074 1184 2133 breviorem
1214 2076 1309 2133 sui
1338 2080 1575 2149 partem,
1596 2078 1707 2137 sub
1729 2082 1891 2141 terra.

224 2165 404 2225 nobis
436 2164 709 2225 occultat.
743 2164 993 2227 Eccntra
1024 2165 1096 2225 ad
1128 2168 1397 2226 austrum
1437 2183 1623 2239 super
1664 2171 1889 2227 terram

227 2270 445 2330 parum
472 2253 645 2323 elata,
658 2253 722 2311 in
752 2254 1112 2313 immensum
1133 2255 1245 2312 sub
1272 2259 1427 2319 terra
1447 2255 1891 2330 porrigituer

228 2345 439 2407 discus
468 2359 623 2412 vero,
639 2343 918 2416 quoniam
945 2361 1064 2401 non
1093 2343 1154 2401 in
1185 2344 1472 2405 directum
1501 2345 1704 2405 circuli
1726 2362 1893 2409 more.

230 2433 491 2501 ducitur,
506 2433 609 2489 sed
642 2432 703 2488 in
728 2450 885 2491 zonae
915 2435 1161 2491 modum
1189 2452 1225 2493 a
1252 2435 1694 2509 septentrionali
1715 2436 1893 2511 plaga

229 2523 294 2580 in
327 2521 796 2592 meridionalem,
831 2523 890 2579 id
939 2529 1050 2594 est,
1091 2525 1163 2593 ab
1215 2528 1447 2583 arcturo
1495 2526 1567 2582 ad
1618 2531 1886 2584 austrum

232 2612 601 2686 obliquatur,
638 2611 888 2679 alterum
934 2630 966 2671 e
1014 2614 1277 2686 tropicis,
1307 2614 1367 2672 id
1414 2619 1524 2685 est,
1573 2614 1884 2686 Cancrum,

231 2700 459 2759 boreali
483 2718 496 2757 :
532 2700 783 2767 alterum
812 2719 968 2772 vero,
983 2703 1055 2761 id-
1073 2703 1888 2777 est,Capricornum,australi

231 2790 373 2865 polo
392 2790 962 2865 proximum-gestat.
975 2791 1217 2859 Undeﬁt
1236 2796 1303 2859 ut
1316 2795 1642 2863 secundum
1665 2793 1897 2868 spherae-

233 2878 493 2949 caelestis
504 2920 509 2927 ς
522 2880 897 2954 positionem.
910 2881 981 2951 in,
1003 2898 1123 2954 qua
1140 2881 1313 2956 signa
1333 2888 1473 2941 sunt
1489 2883 1625 2954 fixa,
1640 2899 1897 2960 superne

233 2970 462 3037 Cancer
488 2970 717 3035 caeteris
744 2970 930 3045 signis
950 2988 985 3037 a
1013 2976 1173 3035 terra
1188 2973 1485 3043 remotior,
1502 2973 1897 3047 Capricornus

231 3058 510 3128 vicinior,
542 3063 602 3116 et
629 3065 868 3127 econtra
895 3060 1141 3123 inferius
1171 3061 1391 3119 Cancer
1418 3066 1587 3120 terra:
1625 3063 1895 3131 vicinior,

232 3147 635 3221 Capricornus
663 3149 751 3206 sit
772 3150 1067 3213 remotior.
1102 3150 1199 3209 Sol
1228 3167 1382 3221 vero,
1414 3150 1552 3213 licet
1579 3169 1695 3219 non
1728 3153 1807 3209 sit
1833 3153 1899 3213 in.

233 3236 391 3301 casio
422 3237 595 3306 fixus,
627 3242 827 3306 tamen
853 3239 1298 3313 quiasignifero
1328 3240 1625 3312 sul‘t'ertur,
1658 3259 1899 3309 necesse

234 3330 336 3391 est,
357 3327 789 3393 ut'secundum
818 3328 949 3401 ejus
974 3328 1398 3397 convexitatem
1426 3330 1515 3389 vel
1554 3332 1783 3407 prepiet
1807 3332 1899 3388 vel

1979 733 2088 791 luti
2108 735 2367 807 quodam
2388 733 2997 791 diametrczcdiacum
3018 734 3329 807 aequaliter.
3341 737 3632 808 dividunt,

1981 822 2377 896 utrolibetque
2397 840 2601 880 eorum
2631 823 2854 881 oriente
2884 823 3145 882 alterum.
3165 825 3469 896 occidit,et
3498 846 3633 885 cum

1982 929 2169 969 unum
2201 912 2496 985 superius,
2523 912 2774 970 alterum
2812 913 3059 971 inferius
3108 914 3333 972 obtinet
3363 922 3633 975 centrum

1981 1003 2473 1074 tantumdemque
2502 1003 2575 1058 de
2598 1003 2838 1059 zodiaca
2867 1004 2940 1059 ab
2971 1008 3221 1076 utraque
3252 1010 3418 1078 parte
3436 1008 3632 1064 habet.

1976 1093 2281 1157 Quantum
2292 1090 2451 1148 enim
2464 1091 2825 1148 ascensionis
2838 1096 2927 1147 est
2941 1093 3567 1165 aCapricorno,omniu
3578 1117 3633 1153 m

1985 1179 2291 1253 signorum
2323 1181 2547 1248 inﬁmo,
2593 1197 2781 1252 usque
2812 1182 2883 1237 ad
2913 1181 3188 1249 Arietem,
3232 1184 3635 1256 aequinoctiule

1986 1268 2246 1341 signum,
2280 1270 2649 1325 tantumdem
2681 1270 2751 1325 ab
2785 1268 2912 1342 ipso
2943 1272 3133 1328 Ariete
3160 1290 3349 1346 usque
3381 1277 3453 1332 ad
3486 1276 3635 1332 Can-

1987 1374 2173 1426 crum,
2197 1359 2464 1415 omnium
2496 1375 2799 1415 summum
2830 1359 3314 1433 signorum.ltem
3338 1374 3637 1436 quantum

1987 1452 2077 1504 est
2105 1444 2507 1505 descensionis
2518 1450 2591 1505 ab
2604 1449 2810 1505 eodem
2822 1449 3040 1506 Canem
3068 1467 3259 1524 usque
3284 1453 3357 1508 ad
3380 1453 3635 1523 Libram,

1989 1536 2147 1593 aliud
2167 1538 2574 1611 mquinoctiale
2603 1538 2862 1611 signum,
2880 1541 3250 1598 tantumdem
3268 1543 3341 1598 ab
3363 1559 3433 1600 ea
3451 1561 3640 1617 usque

1989 1627 2062 1693 ad
2092 1625 2233 1682 item
2263 1626 2706 1700 Capricornum.
2740 1628 2889 1685 Cum
2918 1644 3056 1701 ergo
3095 1628 3318 1687 Cancer
3363 1633 3641 1691 omnibus

1990 1714 2320 1783 sublimior,
2345 1720 2401 1771 et
2416 1717 2806 1789 Capricornus
2836 1717 2913 1773 sit
2929 1718 3458 1793 humilior,liquido
3479 1739 3644 1779 cons-

1989 1806 2078 1858 tat
2107 1802 2207 1860 illo
2236 1804 2298 1859 in
2330 1804 2522 1861 medio
2553 1804 2743 1878 posita
2790 1806 3056 1876 ejusdem
3105 1822 3237 1864 esse
3280 1809 3633 1868 altitudinis.

1992 1891 2141 1948 Hinc
2170 1893 2238 1948 fit
2262 1898 2328 1949 ut
2358 1910 2492 1951 cum
2523 1893 2610 1951 sol
2642 1895 2715 1952 ad
2745 1899 2945 1963 utrum
2978 1895 3189 1954 horum
3221 1897 3526 1972 signorum
3547 1918 3642 1957 ac-

1993 1983 2255 2049 cesserit,
2270 1982 2413 2056 quia
2440 1999 2545 2058 per
2573 1984 2831 2041 mediam
2848 1985 3384 2063 sphaeramagitur,
3398 1987 3554 2046 diem
3577 2007 3643 2046 ac

1995 2074 2227 2127 noctem
2257 2071 2442 2145 aequis
2472 2073 2679 2146 spatiis
2709 2074 2871 2132 omni
2902 2076 3127 2132 mundo
3159 2075 3280 2132 sive
3311 2094 3509 2151 supra,
3526 2078 3646 2136 sive

1992 2158 2155 2220 infra,
2175 2161 2537 2220 dimetiatur.
2552 2165 2737 2229 Quem
2754 2163 2931 2231 diem,
2963 2180 3099 2225 cum
3131 2165 3280 2225 ratio
3299 2166 3377 2222 ab
3394 2170 3645 2240 utraque

1994 2254 2160 2324 parte
2188 2250 2489 2325 eﬂdiurna
2509 2250 2779 2313 videlicet
2822 2255 2881 2309 et
2916 2256 3226 2321 nocturna,
3259 2254 3646 2315 nihilominus

1995 2340 2069 2398 ab
2096 2340 2227 2413 ipsa
2255 2339 2587 2415 aequalitate
2604 2340 2797 2399 vocari
2826 2341 3135 2416 coegisset,
3166 2360 3295 2413 nec,
3317 2348 3384 2402 ut
3414 2361 3562 2416 reor,
3586 2346 3647 2405 in

1996 2433 2207 2501 neutra
2231 2430 2342 2487 hac
2371 2429 2715 2505 linguarum
2744 2430 2947 2491 Grmca
2972 2450 3043 2491 ac
3095 2432 3307 2505 Latina
3345 2450 3416 2493 ex
3456 2434 3649 2492 tribus

1997 2518 2312 2593 generibus
2334 2520 2430 2576 his
2458 2520 2736 2579 omnibus
2770 2537 2783 2576 :
2816 2521 3238 2594 mquitate,die,
3256 2527 3647 2593 nocte,’unum

1994 2609 2349 2681 vocabulum
2376 2609 2677 2679 eufonicos
2704 2610 3072 2671 comminisci
3101 2611 3409 2685 potuisset,
3426 2613 3649 2673 factum

1998 2702 2107 2767 est,
2119 2704 2188 2756 ut
2218 2701 2277 2757 in
2309 2697 2492 2757 altera
2512 2717 2547 2757 a
2573 2699 2814 2758 meliore
2834 2704 3021 2774 parte,
3048 2701 3107 2759 id
3127 2705 3217 2760 est
3237 2701 3351 2771 die,
3382 2702 3443 2761 in
3464 2702 3653 2763 altera

1998 2804 2036 2844 a
2061 2788 2367 2856 deteriore,
2402 2789 2461 2847 id
2492 2792 2602 2858 est,
2636 2794 2806 2847 nocte
2848 2788 3245 2863 appellaretur
3288 2790 3351 2851 in
3402 2795 3652 2865 utraque

1999 2875 2204 2950 lingua
2233 2878 2528 2951 mquitatis
2557 2878 2900 2950 adiectione.
2916 2878 3119 2938 Latine
3150 2879 3331 2952 igitur
3358 2881 3650 2954 mquinoc—

2000 2966 2152 3027 tium
2183 2967 2255 3024 ab
2288 2967 2580 3041 equitate,
2613 2972 2673 3025 et
2700 2973 2889 3035 nocte,
2923 2968 3120 3027 Graue
3150 2973 3347 3028 autem
3382 2970 3655 3030 isemeria

2002 3054 2237 3121 dicitur.
2265 3058 2430 3124 Quod
2460 3056 2515 3114 si
2551 3057 2889 3115 absurditas
2937 3056 3174 3128 sineret,
3209 3059 3492 3132 (equidies
3539 3061 3653 3118 dici

2003 3143 2310 3217 potuisset.
2342 3145 2470 3217 Duo
2502 3150 2799 3220 postrema
2830 3146 3051 3222 zodiaci
3082 3148 3579 3223 signa,Aquarius
3599 3154 3657 3207 et

2003 3233 2221 3302 Pisces,
2253 3236 2329 3293 ob
2357 3234 2690 3293 imbriferos
2721 3252 2958 3295 menses
2981 3242 3125 3295 sunt
3156 3237 3469 3311 appellata.
3503 3240 3656 3296 Sane

2005 3324 2077 3381 de
2123 3323 2393 3381 solstitiis
2437 3325 2527 3382 vel
2573 3324 2941 3398 mquinoctiis
2997 3326 3348 3385 manifestus
3395 3328 3562 3401 quid,
3604 3328 3654 3386 si

232 3415 481 3481 recedat
506 3432 542 3475 a
570 3416 926 3478 terra.Unde
956 3418 1016 3475 in
1047 3417 1269 3487 Cancro
1299 3401 1703 3494 positumqui—q
1725 3438 1904 3495 super
1931 3401 1985 3471 Ο
2004 3411 2291 3473 Dominus
2321 3414 2839 3485 senuerit,me
2865 3414 3183 3488 exposituri
3213 3416 3389 3489 (infra
3404 3432 3524 3490 cap.
3541 3417 3654 3484 31).

232 3508 464 3573 terram
496 3505 825 3572 maximum
854 3506 1008 3565 aeris
1038 3507 1298 3580 spatium
1329 3509 1404 3571 ab
1451 3514 1583 3571 ortu
1614 3527 1806 3584 usque
1832 3511 1893 3583 in

161 3655 165 3657 _
232 3611 546 3664 occasum,
579 3598 782 3668 utpote
809 3595 871 3653 in
900 3595 1192 3661 altissima
1216 3598 1618 3671 progrediens,
1636 3600 1895 3669 conﬁcit,

233 3684 359 3747 sub,
399 3687 561 3740 terra
602 3701 737 3749 vero
785 3684 1222 3755 brevissimum,
1255 3687 1475 3761 quippe
1519 3688 1623 3760 qui
1671 3689 1907 3757 ambitu;

232 3775 416 3830 terra;
448 3775 680 3833 tantum
711 3772 980 3845 lustrato,
1014 3775 1257 3841 festinat
1289 3775 1362 3833 ad
1393 3779 1617 3845 ortum,
1643 3777 1907 3843 tardiore.

231 3878 429 3929 cursu
473 3861 635 3931 diem
690 3862 858 3929 nobis
910 3864 1202 3936 producit,
1252 3863 1449 3933 coiere,
1484 3867 1616 3931 ortu
1666 3869 1897 3935 noctem

174 3944 187 3953 ’
230 3954 675 4022 (ἤσπαιρε.οω
698 3952 899 4021 omnia
920 3952 980 4013 in
1003 3953 1354 4028 Capt-icorno
1402 3970 1507 4027 per
1535 3954 1896 4023 contrarium

231 4038 768 4113 ﬁed-manifestum
780 4041 1347 4115 est,quiaquantum
1379 4043 1439 4115 in
1466 4041 1898 4117 istosuperter-

230 4146 367 4199 mm
398 4128 957 4199 amentatas:
989 4130 1049 4188 in
1079 4130 1180 4188 iilo
1210 4132 1322 4191 sub
1343 4135 1498 4197 terra
1522 4131 1899 4205 dimergitur;

229 4223 540 4285 strumas
569 4223 863 4297 quantum
888 4220 957 4285 in.
980 4220 1092 4278 hoc
1114 4220 1227 4287 sub
1260 4221 1814 4291 terra,tantumdem
1837 4220 1909 4289 in,

230 4306 561 4382 illesupec
581 4312 798 4375 terram
819 4307 1335 4377 itinerisconﬁcit.
1365 4309 1539 4381 Unde
1559 4309 1685 4369 dics
1714 4309 1897 4367 aestivi

232 4413 375 4463 cum
411 4397 1101 4469 brumalibusnoqtibus,
1116 4403 1173 4455 et
1203 4416 1442 4467 rursum
1462 4404 1662 4469 noctes
1681 4399 1900 4467 hiema-

228 4484 321 4551 les
350 4502 501 4549 cum
527 4486 751 4555 mstivis
770 4486 983 4555 diebus
1006 4488 1372 4562 longitudine
1392 4488 1512 4557 sive
1532 4488 1899 4557 brevitudine

229 4575 624 4645 concordant.
656 4575 903 4650 Singula
929 4577 1088 4635 enim
1118 4576 1292 4651 signa
1319 4594 1437 4636 non
1461 4576 1769 4651 obliquum
1792 4578 1911 4636 ha-.

227 4664 385 4731 bent:
408 4680 684 4735 cursum,
704 4669 871 4731 utea
890 4682 1020 4738 qua:
1055 4666 1115 4723 in
1157 4666 1555 4742 septentrione
1578 4666 1894 4739 aliquando

222 4754 581 4843 vergantad;
614 4758 992 4829 ειπερ-πίω,ῃῄ
1029 4755 1268 4827 quidam
1310 4759 1539 4828 putant,
1566 4761 1896 4819 asserentes
1926 4776 1986 4843 ΒΞ

224 4841 445 4912 solem,
463 4858 601 4909 cum
629 4846 720 4911 est
739 4843 799 4900 in
822 4842 1063 4913 Cancro,
1080 4845 1138 4905 in
1162 4844 1257 4905 die
1276 4843 1559 4915 boreales,
1576 4850 1743 4907 nocte
1762 4862 1896 4904 vero

224 4929 553 5000 australes,
577 4934 635 4988 et
662 4936 902 4989 econtra
925 4931 987 4988 in
1002 4932 1350 5006 Capricorno
1371 4932 1629 5006 positum
1651 4934 1745 4991 die
1766 4951 1897 4992 aus-

224 5018 437 5089 traice,
470 5023 645 5078 nocte
674 5020 940 5080 boreales
986 5021 1194 5080 mundi
1243 5021 1500 5081 lustrare
1543 5027 1759 5096 partes,
1793 5024 1896 5094 sed

224 5108 477 5183 singula
507 5108 575 5171 in
600 5108 892 5177 directum
924 5114 1142 5169 terram
1169 5111 1462 5181 ambiunt,
1485 5115 1542 5168 et
1572 5129 1753 5185 quam
1769 5131 1898 5186 par-

223 5201 351 5263 tem
385 5197 502 5257 soli
532 5197 633 5259 die
658 5214 837 5271 super
863 5203 1102 5269 terram,
1135 5200 1404 5257 eamdem
1456 5204 1624 5258 nocte
1665 5218 1899 5275 semper

222 5285 454 5343 lustrat
476 5286 587 5344 sub
620 5289 793 5345 terra.
812 5288 1180 5361 IEquinoctia
1210 5306 1354 5345 sane
1373 5307 1490 5346 non
1512 5290 1612 5362 ita,
1629 5294 1697 5345 ut
1710 5290 1897 5347 solsti-

220 5374 313 5432 tia
336 5378 581 5433 noctem
603 5374 879 5448 diemque
914 5377 1162 5445 variant,
1183 5378 1286 5433 sed
1327 5377 1385 5433 in
1428 5381 1676 5450 utroque
1696 5378 1819 5434 dies
1840 5383 1895 5437 et

223 5480 346 5521 nox
369 5463 876 5536 acquismcrarum
894 5464 1367 5533 dimensionibus
1385 5466 1892 5525 disterminantur.

221 5552 424 5625 cujus
458 5551 542 5621 rei
566 5552 857 5621 rationem
886 5554 1163 5627 perfacile
1190 5554 1552 5629 inspicit,qui
1594 5556 1896 5629 praefatam

219 5640 630 5711 solstitiorum
652 5658 915 5717 congrue.
929 5644 1230 5718 providere
1252 5646 1561 5707 curaverit.
1585 5645 1896 5719 Equinoc~

218 5730 394 5787 tialia
418 5730 581 5787 enim
603 5730 776 5813 signa
795 5747 1170 5806 nequaquam
1192 5738 1256 5790 ut
1277 5734 1801 5805 solstitia,alterum
1823 5735 1901 5793 al-

215 5825 348 5891 tero
376 5818 709 5890 sublimius.
723 5825 813 5891 est
831 5820 929 5891 vel
942 5821 1356 5894 humilius,sed
1369 5825 1539 5898 quasi
1556 5826 1620 5893 in
1640 5827 1900 5903 quodam

2648 3521 2884 3579 CAPUT
2911 3522 3009 3579 III.

2007 3609 2288 3682 Quomodo
2317 3610 2399 3665 sol
2428 3612 2492 3684 in
2518 3610 2706 3684 aliqua
2733 3612 2890 3684 signa
2925 3626 3040 3684 esse
3065 3610 3301 3675 dicatur,
3327 3626 3455 3666 cum
3496 3613 3659 3684 signa

2254 3683 2318 3737 in
2345 3682 2494 3748 creto,
2524 3681 2817 3739 solantem
2843 3683 2906 3737 in
2932 3681 3129 3739 esthere
3156 3684 3409 3753 feratur?

2080 3779 2184 3839 Hic
2214 3782 2410 3836 autem
2441 3780 2776 3837 addendum
2800 3797 2940 3836 reor
2967 3796 3226 3853 quanam
3258 3780 3656 3850 ratione,cum

2005 3867 2281 3924 zodiacus
2310 3885 2430 3926 una
2459 3885 2597 3926 cum
2627 3868 2814 3942 signis
2843 3868 2904 3924 in
2936 3869 3079 3933 coelo
3109 3869 3261 3927 ﬁxus
3291 3869 3541 3938 dicatur,
3569 3871 3654 3926 sol

2006 3960 2203 4021 autem
2232 3956 2404 4030 longe
2430 3957 2502 4015 ab
2532 3973 2598 4014 eo
2628 3956 2785 4014 infra
2808 3957 3049 4015 aetheris
3063 3957 3319 4032 spatium
3350 3959 3657 4028 feratur,in

2006 4046 2138 4117 ejus
2167 4045 2353 4120 signis
2384 4061 2579 4115 meare
2607 4047 2942 4116 asseratur?
2963 4048 3076 4105 Sed
3106 4048 3235 4120 ejus
3267 4048 3350 4115 rei
3370 4047 3518 4105 ratio
3540 4067 3658 4106 non

2006 4132 2298 4195 laborioso
2327 4138 2460 4208 eget
2488 4138 2856 4208 argumento.
2891 4136 3055 4193 Tunc
3085 4135 3243 4193 enim
3278 4153 3415 4193 cum
3449 4136 3510 4199 in
3552 4137 3657 4194 ali-

2007 4222 2325 4297 quqsigno
2356 4239 2484 4289 esse
2507 4221 2783 4291 dicimus,
2802 4241 2935 4295 cum
2968 4224 3029 4281 in
3061 4224 3153 4295 sui
3185 4223 3390 4283 circuli
3419 4224 3658 4298 regione

2008 4311 2312 4384 discurrit,
2326 4328 2454 4385 quas
2488 4311 2681 4371 eidem
2699 4311 2869 4386 signo
2886 4313 3151 4385 subiecta
3177 4317 3287 4381 est,
3302 4313 3383 4373 ita
3403 4317 3469 4369 ut
3490 4312 3656 4385 signo

2008 4417 2209 4474 supra,
2260 4403 2321 4457 et
2373 4399 2495 4468 sole
2543 4400 2759 4461 subtus
2804 4404 3073 4461 currente
3132 4398 3348 4473 pariter
3395 4400 3654 4468 feratur;

2009 4491 2171 4564 quod
2197 4506 2360 4563 aqua
2393 4490 2464 4546 de
2495 4490 2718 4547 cmteris
2746 4488 3000 4564 planetis
3029 4488 3403 4565 sentiendum
3436 4494 3544 4548 est.

2061 4679 2373 4739 εοηιναηεοε
2393 4681 2490 4751 qui
2518 4678 2708 4739 dicunt
3010 4695 3090 4737 vn
3118 4686 3308 4741 contra
3331 4677 3601 4745 mundum

2771 4766 2905 4807 em.

2080 4840 2229 4897 Illud
2244 4843 2440 4896 autem
2464 4854 2559 4897 me
2580 4856 2696 4897 non
2716 4838 3087 4909 mediocriter
3099 4842 3291 4896 movet
3308 4839 3465 4912 quod
3488 4838 3657 4895 multi

2007 4932 2366 5000 asseverant,
2400 4932 2641 5004 etpene
2663 4944 2869 4999 omnes
2899 4927 3042 4997 artis
3073 4928 3254 5001 hujus
3291 4931 3659 4999 tractatores,

2006 5017 2190 5075 solem
2204 5035 2271 5073 ac
2283 5016 2486 5073 lunam
2499 5021 2854 5091 caaterasque
2865 5017 3132 5091 planetas
3144 5020 3348 5074 contra
3366 5018 3548 5073 mund
3558 5035 3591 5073 u
3601 5036 3659 5074 m

2008 5108 2136 5171 niti.
2166 5108 2294 5165 Non
2326 5106 2484 5164 enim
2514 5106 2844 5181 perspicere
2876 5124 3026 5182 queo
3048 5106 3322 5181 quisnam
3349 5122 3448 5163 eas
3476 5108 3547 5164 ad
3572 5124 3664 5162 oc-

2007 5213 2209 5254 casum
2240 5197 2437 5269 ducat,
2453 5196 2501 5253 si
2533 5213 2736 5255 earum
2754 5195 3039 5254 naturalis
3068 5201 3263 5254 motus
3295 5212 3526 5268 semper
3544 5199 3663 5252 ten-

2006 5286 2093 5345 dit
2122 5287 2196 5343 ad
2227 5286 2461 5343 ortum?
2482 5286 2631 5342 Nam
2660 5287 2817 5360 quod
2847 5286 3051 5343 dicunt
3082 5303 3181 5343 eas
3210 5285 3436 5359 impetu
3467 5284 3662 5341 cccles-

2003 5375 2082 5433 tis
2110 5375 2353 5448 sphzerae
2375 5375 2619 5449 impelli,
2641 5393 2820 5449 quam
2843 5375 2922 5432 sit
2946 5364 3217 5433 frivolum
3234 5373 3458 5448 liquido
3475 5377 3660 5446 patet,

2005 5481 2140 5537 cum
2191 5464 2355 5523 nulla
2401 5481 2607 5537 earum
2657 5464 2847 5540 ipsam
2899 5464 3191 5539 sphaeram
3243 5462 3513 5536 attingat,
3557 5462 3655 5516 sed

2007 5555 2262 5621 maxime
2276 5554 2432 5615 infra
2462 5572 2591 5617 eam
2613 5554 2917 5613 intervallo
2929 5555 3652 5625 fcrantur.Argumentum

2007 5662 2153 5719 sane
2180 5643 2347 5717 illud,
2374 5661 2492 5717 quo
2524 5642 2675 5702 serici
2707 5644 2954 5718 probare
2984 5641 3368 5708 contendunt,
3382 5636 3547 5695 facile
3570 5641 3659 5691 est

2008 5751 2301 5799 enervare.
2325 5733 2506 5791 Aiunt
2533 5733 2689 5791 enim
2723 5733 2876 5807 quod
2913 5750 3047 5791 cum
3070 5732 3239 5804 signa
3267 5728 3347 5782 ita
3369 5726 3487 5783 sint
3509 5723 3657 5778 ordi-

2007 5828 2147 5897 nata
2193 5827 2260 5880 ut
2310 5828 2442 5899 post
2485 5824 2740 5883 Arictem
2791 5828 3075 5899 sequatur
3111 5820 3364 5886 Taurus,
3396 5813 3655 5879 itemque
