  <div class='ocr_page' id='page_1' title='image "/cluster/home/n/w/nwhite01/storage/ocr_20150623/136-137/uc1.31175019686917/696.png"; bbox 0 0 3910 6454; ppageno 0'>
   <div class='ocr_carea' id='block_1_1' title="bbox 1488 99 2500 112">
    <p class='ocr_par' dir='ltr' id='par_1_1' title="bbox 1488 99 2500 112">
     <span class='ocr_line' id='line_1_1' title="bbox 1488 99 2500 112; baseline 0 -3"><span class='ocrx_word' id='word_1_1' title='bbox 1488 99 2012 112; x_wconf 55' lang='grc' dir='ltr'>--ν-⁷</span> <span class='ocrx_word' id='word_1_2' title='bbox 2107 99 2247 107; x_wconf 59' lang='grc' dir='ltr'>*υσ-</span> <span class='ocrx_word' id='word_1_3' title='bbox 2348 99 2395 104; x_wconf 61' lang='grc'>,-</span> <span class='ocrx_word' id='word_1_4' title='bbox 2460 99 2500 104; x_wconf 56' lang='grc' dir='ltr'><strong><em>ο</em></strong></span> 
     </span>
    </p>
   </div>
   <div class='ocr_carea' id='block_1_2' title="bbox 230 540 3648 607">
    <p class='ocr_par' dir='ltr' id='par_1_2' title="bbox 230 540 3648 607">
     <span class='ocr_line' id='line_1_2' title="bbox 230 540 3648 607; baseline 0 -1"><span class='ocrx_word' id='word_1_5' title='bbox 230 541 308 606; x_wconf 76' lang='grc'>29</span> <span class='ocrx_word' id='word_1_6' title='bbox 1527 541 1763 605; x_wconf 81' lang='lat' dir='ltr'>LIBER</span> <span class='ocrx_word' id='word_1_7' title='bbox 1806 540 1909 604; x_wconf 89' lang='lat' dir='ltr'>DE</span> <span class='ocrx_word' id='word_1_8' title='bbox 1951 540 2348 607; x_wconf 87' lang='lat' dir='ltr'><strong>COMPUTO.</strong></span> <span class='ocrx_word' id='word_1_9' title='bbox 3568 540 3648 606; x_wconf 86' lang='lat'>30</span> 
     </span>
    </p>
   </div>
   <div class='ocr_carea' id='block_1_3' title="bbox 229 672 3649 751">
    <p class='ocr_par' dir='ltr' id='par_1_3' title="bbox 229 672 3649 751">
     <span class='ocr_line' id='line_1_3' title="bbox 229 672 3649 751; baseline 0.001 -18"><span class='ocrx_word' id='word_1_10' title='bbox 229 673 427 735; x_wconf 80' lang='lat' dir='ltr'>moriae</span> <span class='ocrx_word' id='word_1_11' title='bbox 445 672 589 743; x_wconf 88' lang='lat' dir='ltr'>viro,</span> <span class='ocrx_word' id='word_1_12' title='bbox 612 674 683 732; x_wconf 90' lang='lat' dir='ltr'>ad</span> <span class='ocrx_word' id='word_1_13' title='bbox 707 688 965 748; x_wconf 86' lang='lat' dir='ltr'>unguem</span> <span class='ocrx_word' id='word_1_14' title='bbox 988 673 1280 731; x_wconf 67' lang='lat' dir='ltr'>moderate</span> <span class='ocrx_word' id='word_1_15' title='bbox 1308 674 1685 748; x_wconf 78' lang='lat' dir='ltr'>expositionis</span> <span class='ocrx_word' id='word_1_16' title='bbox 1707 676 1882 733; x_wconf 83' lang='lat' dir='ltr'>fuerit</span> <span class='ocrx_word' id='word_1_17' title='bbox 1908 677 1965 746; x_wconf 74' lang='grc' dir='ltr'><strong>Α</strong></span> <span class='ocrx_word' id='word_1_18' title='bbox 1993 676 2161 734; x_wconf 89' lang='lat' dir='ltr'>ritate</span> <span class='ocrx_word' id='word_1_19' title='bbox 2190 676 2581 751; x_wconf 65' lang='lat' dir='ltr'>praecedentes</span> <span class='ocrx_word' id='word_1_20' title='bbox 2614 675 2909 750; x_wconf 78' lang='lat' dir='ltr'>regulares</span> <span class='ocrx_word' id='word_1_21' title='bbox 2940 691 3074 734; x_wconf 90' lang='lat' dir='ltr'>cum</span> <span class='ocrx_word' id='word_1_22' title='bbox 3097 678 3582 737; x_wconf 90' lang='lat' dir='ltr'>concurrentibus</span> <span class='ocrx_word' id='word_1_23' title='bbox 3616 697 3649 737; x_wconf 89' lang='lat' dir='ltr'>a</span> 
     </span>
    </p>
   </div>
   <div class='ocr_carea' id='block_1_4' title="bbox 231 762 3646 843">
    <p class='ocr_par' dir='ltr' id='par_1_4' title="bbox 231 762 3646 843">
     <span class='ocr_line' id='line_1_4' title="bbox 231 762 3646 843; baseline 0.001 -20"><span class='ocrx_word' id='word_1_24' title='bbox 231 764 538 839; x_wconf 81' lang='lat' dir='ltr'>expolitus.</span> <span class='ocrx_word' id='word_1_25' title='bbox 589 765 643 821; x_wconf 90' lang='lat' dir='ltr'>Is</span> <span class='ocrx_word' id='word_1_26' title='bbox 692 762 961 838; x_wconf 83' lang='lat' dir='ltr'>dialogus</span> <span class='ocrx_word' id='word_1_27' title='bbox 1009 764 1069 820; x_wconf 92' lang='lat' dir='ltr'>in</span> <span class='ocrx_word' id='word_1_28' title='bbox 1118 763 1286 821; x_wconf 85' lang='lat' dir='ltr'>libris</span> <span class='ocrx_word' id='word_1_29' title='bbox 1336 764 1617 822; x_wconf 89' lang='lat' dir='ltr'>Macrobii</span> <span class='ocrx_word' id='word_1_30' title='bbox 1667 764 1883 840; x_wconf 76' lang='lat' dir='ltr'>legitur</span> <span class='ocrx_word' id='word_1_31' title='bbox 1992 767 2220 841; x_wconf 85' lang='lat' dir='ltr'>Martio,</span> <span class='ocrx_word' id='word_1_32' title='bbox 2245 769 2325 825; x_wconf 92' lang='lat' dir='ltr'>ita</span> <span class='ocrx_word' id='word_1_33' title='bbox 2355 768 2427 825; x_wconf 88' lang='lat' dir='ltr'>ob</span> <span class='ocrx_word' id='word_1_34' title='bbox 2460 767 2841 826; x_wconf 90' lang='lat' dir='ltr'>reverentiam</span> <span class='ocrx_word' id='word_1_35' title='bbox 2864 768 3113 841; x_wconf 79' lang='lat' dir='ltr'>hujusce</span> <span class='ocrx_word' id='word_1_36' title='bbox 3141 768 3462 843; x_wconf 81' lang='lat' dir='ltr'>magisterii</span> <span class='ocrx_word' id='word_1_37' title='bbox 3494 770 3646 827; x_wconf 88' lang='lat' dir='ltr'>hanc</span> 
     </span>
    </p>
   </div>
   <div class='ocr_carea' id='block_1_5' title="bbox 233 854 1225 914">
    <p class='ocr_par' dir='ltr' id='par_1_5' title="bbox 233 854 1225 914">
     <span class='ocr_line' id='line_1_5' title="bbox 233 854 1225 914; baseline -0.005 0"><span class='ocrx_word' id='word_1_38' title='bbox 233 854 634 914; x_wconf 89' lang='lat' dir='ltr'>Saturnalium</span> <span class='ocrx_word' id='word_1_39' title='bbox 668 855 906 910; x_wconf 86' lang='lat' dir='ltr'>nomine</span> <span class='ocrx_word' id='word_1_40' title='bbox 937 854 1225 912; x_wconf 89' lang='lat' dir='ltr'>titulatus.</span> 
     </span>
    </p>
   </div>
   <div class='ocr_carea' id='block_1_6' title="bbox 883 971 1223 1028">
    <p class='ocr_par' dir='ltr' id='par_1_6' title="bbox 883 971 1223 1028">
     <span class='ocr_line' id='line_1_6' title="bbox 883 971 1223 1028; baseline 0.003 -1"><span class='ocrx_word' id='word_1_41' title='bbox 883 971 1118 1028; x_wconf 84' lang='lat' dir='ltr'>CAPUT</span> <span class='ocrx_word' id='word_1_42' title='bbox 1157 971 1223 1028; x_wconf 88' lang='grc' dir='ltr'>Χ.</span> 
     </span>
    </p>
   </div>
   <div class='ocr_carea' id='block_1_7' title="bbox 238 1059 1954 1152">
    <p class='ocr_par' dir='ltr' id='par_1_7' title="bbox 238 1059 1885 1152">
     <span class='ocr_line' id='line_1_7' title="bbox 238 1059 1885 1152; baseline -0.001 -32"><span class='ocrx_word' id='word_1_43' title='bbox 238 1062 398 1121; x_wconf 82' lang='lat' dir='ltr'>Unde</span> <span class='ocrx_word' id='word_1_44' title='bbox 425 1060 530 1119; x_wconf 85' lang='lat' dir='ltr'>alii</span> <span class='ocrx_word' id='word_1_45' title='bbox 549 1059 851 1152; x_wconf 48' lang='lat' dir='ltr'>regulare}</span> <span class='ocrx_word' id='word_1_46' title='bbox 876 1062 955 1116; x_wconf 87' lang='lat' dir='ltr'>ad</span> <span class='ocrx_word' id='word_1_47' title='bbox 985 1063 1181 1152; x_wconf 70' lang='lat' dir='ltr'>lunatn</span> <span class='ocrx_word' id='word_1_48' title='bbox 1204 1062 1278 1152; x_wconf 27' lang='lat' dir='ltr'>in!</span> <span class='ocrx_word' id='word_1_49' title='bbox 1293 1063 1566 1152; x_wconf 53' lang='lat' dir='ltr'>galendis</span> <span class='ocrx_word' id='word_1_50' title='bbox 1598 1064 1885 1122; x_wconf 83' lang='lat' dir='ltr'>invenien-</span> 
     </span>
    </p>
   </div>
   <div class='ocr_carea' id='block_1_8' title="bbox 799 1134 1322 1203">
    <p class='ocr_par' dir='ltr' id='par_1_8' title="bbox 799 1134 1322 1203">
     <span class='ocr_line' id='line_1_8' title="bbox 799 1134 1322 1203; baseline 0 -14"><span class='ocrx_word' id='word_1_51' title='bbox 799 1134 936 1189; x_wconf 85' lang='lat' dir='ltr'>dam</span> <span class='ocrx_word' id='word_1_52' title='bbox 963 1134 1322 1203; x_wconf 87' lang='lat' dir='ltr'>procedant?</span> 
     </span>
    </p>
   </div>
   <div class='ocr_carea' id='block_1_9' title="bbox 301 1230 1888 1306">
    <p class='ocr_par' dir='ltr' id='par_1_9' title="bbox 301 1230 1888 1306">
     <span class='ocr_line' id='line_1_9' title="bbox 301 1230 1888 1306; baseline 0.004 -19"><span class='ocrx_word' id='word_1_53' title='bbox 301 1231 459 1288; x_wconf 89' lang='lat' dir='ltr'>Alios</span> <span class='ocrx_word' id='word_1_54' title='bbox 490 1230 784 1305; x_wconf 83' lang='lat' dir='ltr'>regulares</span> <span class='ocrx_word' id='word_1_55' title='bbox 812 1232 1107 1289; x_wconf 83' lang='lat' dir='ltr'>mensium</span> <span class='ocrx_word' id='word_1_56' title='bbox 1135 1233 1237 1306; x_wconf 90' lang='lat' dir='ltr'>qui</span> <span class='ocrx_word' id='word_1_57' title='bbox 1269 1234 1341 1289; x_wconf 89' lang='lat' dir='ltr'>ad</span> <span class='ocrx_word' id='word_1_58' title='bbox 1376 1234 1769 1292; x_wconf 76' lang='lat' dir='ltr'>Kalendarum</span> <span class='ocrx_word' id='word_1_59' title='bbox 1802 1235 1888 1293; x_wconf 85' lang='lat' dir='ltr'>lu-</span> 
     </span>
    </p>
   </div>
   <div class='ocr_carea' id='block_1_10' title="bbox 232 1318 1882 1397">
    <p class='ocr_par' dir='ltr' id='par_1_10' title="bbox 232 1318 1882 1397">
     <span class='ocr_line' id='line_1_10' title="bbox 232 1318 1882 1397; baseline 0.001 -20"><span class='ocrx_word' id='word_1_60' title='bbox 232 1337 371 1387; x_wconf 88' lang='lat' dir='ltr'>nam</span> <span class='ocrx_word' id='word_1_61' title='bbox 400 1318 809 1377; x_wconf 87' lang='lat' dir='ltr'>inveniendam</span> <span class='ocrx_word' id='word_1_62' title='bbox 850 1322 1246 1391; x_wconf 81' lang='lat' dir='ltr'>ascribuutur,</span> <span class='ocrx_word' id='word_1_63' title='bbox 1278 1322 1374 1379; x_wconf 92' lang='lat' dir='ltr'>hic</span> <span class='ocrx_word' id='word_1_64' title='bbox 1406 1325 1577 1380; x_wconf 87' lang='lat' dir='ltr'>modo</span> <span class='ocrx_word' id='word_1_65' title='bbox 1610 1324 1882 1397; x_wconf 86' lang='lat' dir='ltr'>reperies.</span> 
     </span>
    </p>
   </div>
   <div class='ocr_carea' id='block_1_11' title="bbox 234 1409 1888 1487">
    <p class='ocr_par' dir='ltr' id='par_1_11' title="bbox 234 1409 1888 1487">
     <span class='ocr_line' id='line_1_11' title="bbox 234 1409 1888 1487; baseline 0.002 -20"><span class='ocrx_word' id='word_1_66' title='bbox 234 1409 453 1467; x_wconf 86' lang='lat' dir='ltr'>Solaris</span> <span class='ocrx_word' id='word_1_67' title='bbox 475 1409 612 1466; x_wconf 88' lang='lat' dir='ltr'>anni</span> <span class='ocrx_word' id='word_1_68' title='bbox 635 1426 845 1466; x_wconf 75' lang='lat' dir='ltr'>cccnxv</span> <span class='ocrx_word' id='word_1_69' title='bbox 865 1411 1072 1467; x_wconf 90' lang='lat' dir='ltr'>diebus</span> <span class='ocrx_word' id='word_1_70' title='bbox 1095 1412 1247 1469; x_wconf 86' lang='lat' dir='ltr'>sicut</span> <span class='ocrx_word' id='word_1_71' title='bbox 1267 1430 1448 1486; x_wconf 83' lang='lat' dir='ltr'>supra</span> <span class='ocrx_word' id='word_1_72' title='bbox 1473 1430 1577 1487; x_wconf 92' lang='lat' dir='ltr'>per</span> <span class='ocrx_word' id='word_1_73' title='bbox 1597 1414 1888 1470; x_wconf 84' lang='lat' dir='ltr'>duodena-</span> 
     </span>
    </p>
   </div>
   <div class='ocr_carea' id='block_1_12' title="bbox 234 1498 1890 1575">
    <p class='ocr_par' dir='ltr' id='par_1_12' title="bbox 234 1498 1890 1575">
     <span class='ocr_line' id='line_1_12' title="bbox 234 1498 1890 1575; baseline 0.004 -21"><span class='ocrx_word' id='word_1_74' title='bbox 234 1498 392 1555; x_wconf 90' lang='lat' dir='ltr'>rium</span> <span class='ocrx_word' id='word_1_75' title='bbox 413 1503 471 1555; x_wconf 89' lang='lat' dir='ltr'>et</span> <span class='ocrx_word' id='word_1_76' title='bbox 490 1499 871 1556; x_wconf 89' lang='lat' dir='ltr'>tricenarium</span> <span class='ocrx_word' id='word_1_77' title='bbox 903 1518 1218 1557; x_wconf 85' lang='lat' dir='ltr'>numerum</span> <span class='ocrx_word' id='word_1_78' title='bbox 1240 1502 1463 1571; x_wconf 89' lang='lat' dir='ltr'>divisis,</span> <span class='ocrx_word' id='word_1_79' title='bbox 1491 1503 1822 1575; x_wconf 86' lang='lat' dir='ltr'>superﬂuos</span> <span class='ocrx_word' id='word_1_80' title='bbox 1852 1522 1890 1560; x_wconf 89' lang='lat' dir='ltr'>v</span> 
     </span>
    </p>
   </div>
   <div class='ocr_carea' id='block_1_13' title="bbox 233 1588 1889 1662">
    <p class='ocr_par' dir='ltr' id='par_1_13' title="bbox 233 1588 1889 1662">
     <span class='ocr_line' id='line_1_13' title="bbox 233 1588 1889 1662; baseline 0.003 -18"><span class='ocrx_word' id='word_1_81' title='bbox 233 1588 311 1644; x_wconf 89' lang='lat' dir='ltr'>da</span> <span class='ocrx_word' id='word_1_82' title='bbox 340 1588 668 1660; x_wconf 87' lang='lat' dir='ltr'>Septembri</span> <span class='ocrx_word' id='word_1_83' title='bbox 699 1606 803 1660; x_wconf 91' lang='lat' dir='ltr'>pro</span> <span class='ocrx_word' id='word_1_84' title='bbox 836 1590 1228 1662; x_wconf 86' lang='lat' dir='ltr'>regularibus.</span> <span class='ocrx_word' id='word_1_85' title='bbox 1252 1591 1502 1648; x_wconf 82' lang='lat' dir='ltr'>Caeteros</span> <span class='ocrx_word' id='word_1_86' title='bbox 1543 1593 1654 1649; x_wconf 88' lang='lat' dir='ltr'>hoc</span> <span class='ocrx_word' id='word_1_87' title='bbox 1685 1593 1889 1649; x_wconf 90' lang='lat' dir='ltr'>ordine</span> 
     </span>
    </p>
   </div>
   <div class='ocr_carea' id='block_1_14' title="bbox 231 1676 1885 1749">
    <p class='ocr_par' dir='ltr' id='par_1_14' title="bbox 231 1676 1885 1749">
     <span class='ocr_line' id='line_1_14' title="bbox 231 1676 1885 1749; baseline 0.003 -18"><span class='ocrx_word' id='word_1_88' title='bbox 231 1676 509 1747; x_wconf 77' lang='lat' dir='ltr'>reperies.</span> <span class='ocrx_word' id='word_1_89' title='bbox 544 1676 723 1732; x_wconf 90' lang='lat' dir='ltr'>Sume</span> <span class='ocrx_word' id='word_1_90' title='bbox 769 1694 1002 1749; x_wconf 89' lang='lat' dir='ltr'>semper</span> <span class='ocrx_word' id='word_1_91' title='bbox 1048 1680 1428 1749; x_wconf 66' lang='lat' dir='ltr'>prazcedentis</span> <span class='ocrx_word' id='word_1_92' title='bbox 1468 1680 1593 1736; x_wconf 89' lang='lat' dir='ltr'>dies</span> <span class='ocrx_word' id='word_1_93' title='bbox 1643 1680 1885 1749; x_wconf 87' lang='lat' dir='ltr'>mensis,</span> 
     </span>
    </p>
   </div>
   <div class='ocr_carea' id='block_1_15' title="bbox 231 1763 1891 1838">
    <p class='ocr_par' dir='ltr' id='par_1_15' title="bbox 231 1763 1891 1838">
     <span class='ocr_line' id='line_1_15' title="bbox 231 1763 1891 1838; baseline 0.002 -17"><span class='ocrx_word' id='word_1_94' title='bbox 231 1763 451 1821; x_wconf 82' lang='lat' dir='ltr'>additis</span> <span class='ocrx_word' id='word_1_95' title='bbox 483 1764 728 1837; x_wconf 89' lang='lat' dir='ltr'>insuper</span> <span class='ocrx_word' id='word_1_96' title='bbox 764 1764 889 1821; x_wconf 89' lang='lat' dir='ltr'>suis</span> <span class='ocrx_word' id='word_1_97' title='bbox 934 1767 1324 1838; x_wconf 88' lang='lat' dir='ltr'>regularibus,</span> <span class='ocrx_word' id='word_1_98' title='bbox 1358 1774 1414 1824; x_wconf 92' lang='lat' dir='ltr'>et</span> <span class='ocrx_word' id='word_1_99' title='bbox 1445 1769 1493 1824; x_wconf 93' lang='lat' dir='ltr'>si</span> <span class='ocrx_word' id='word_1_100' title='bbox 1524 1769 1746 1826; x_wconf 85' lang='lat' dir='ltr'>mensis</span> <span class='ocrx_word' id='word_1_101' title='bbox 1793 1769 1891 1825; x_wconf 91' lang='lat' dir='ltr'>ille</span> 
     </span>
    </p>
   </div>
   <div class='ocr_carea' id='block_1_16' title="bbox 229 1852 1888 1931">
    <p class='ocr_par' dir='ltr' id='par_1_16' title="bbox 229 1852 1888 1931">
     <span class='ocr_line' id='line_1_16' title="bbox 229 1852 1888 1931; baseline 0.004 -23"><span class='ocrx_word' id='word_1_102' title='bbox 229 1852 597 1909; x_wconf 88' lang='lat' dir='ltr'>tricesimam</span> <span class='ocrx_word' id='word_1_103' title='bbox 627 1854 738 1909; x_wconf 83' lang='lat' dir='ltr'>fert</span> <span class='ocrx_word' id='word_1_104' title='bbox 767 1853 992 1922; x_wconf 89' lang='lat' dir='ltr'>lunam,</span> <span class='ocrx_word' id='word_1_105' title='bbox 1018 1855 1219 1912; x_wconf 87' lang='lat' dir='ltr'>recisis</span> <span class='ocrx_word' id='word_1_106' title='bbox 1249 1875 1359 1913; x_wconf 86' lang='lat' dir='ltr'>xxx</span> <span class='ocrx_word' id='word_1_107' title='bbox 1380 1863 1523 1930; x_wconf 92' lang='lat' dir='ltr'>quot</span> <span class='ocrx_word' id='word_1_108' title='bbox 1550 1862 1888 1931; x_wconf 84' lang='lat' dir='ltr'>supersunt,</span> 
     </span>
    </p>
   </div>
   <div class='ocr_carea' id='block_1_17' title="bbox 229 1941 1891 2013">
    <p class='ocr_par' dir='ltr' id='par_1_17' title="bbox 229 1941 1891 2013">
     <span class='ocr_line' id='line_1_17' title="bbox 229 1941 1891 2013; baseline 0.004 -17"><span class='ocrx_word' id='word_1_109' title='bbox 229 1941 429 1998; x_wconf 79' lang='lat' dir='ltr'>tribue</span> <span class='ocrx_word' id='word_1_110' title='bbox 450 1941 719 2013; x_wconf 87' lang='lat' dir='ltr'>sequenti</span> <span class='ocrx_word' id='word_1_111' title='bbox 741 1943 950 1999; x_wconf 89' lang='lat' dir='ltr'>mensi.</span> <span class='ocrx_word' id='word_1_112' title='bbox 972 1945 1075 1999; x_wconf 90' lang='lat' dir='ltr'>Sin</span> <span class='ocrx_word' id='word_1_113' title='bbox 1097 1946 1317 2002; x_wconf 88' lang='lat' dir='ltr'>mensis</span> <span class='ocrx_word' id='word_1_114' title='bbox 1344 1964 1459 2003; x_wconf 90' lang='lat' dir='ltr'>non</span> <span class='ocrx_word' id='word_1_115' title='bbox 1486 1946 1642 2004; x_wconf 89' lang='lat' dir='ltr'>ultra</span> <span class='ocrx_word' id='word_1_116' title='bbox 1660 1963 1891 2004; x_wconf 86' lang='lat' dir='ltr'>xxxxam</span> 
     </span>
    </p>
   </div>
   <div class='ocr_carea' id='block_1_18' title="bbox 1989 856 3572 933">
    <p class='ocr_par' dir='ltr' id='par_1_18' title="bbox 1989 856 3572 933">
     <span class='ocr_line' id='line_1_18' title="bbox 1989 856 3572 933; baseline 0.001 -19"><span class='ocrx_word' id='word_1_117' title='bbox 1989 858 2297 917; x_wconf 88' lang='lat' dir='ltr'>lectionem</span> <span class='ocrx_word' id='word_1_118' title='bbox 2329 875 2363 915; x_wconf 87' lang='lat' dir='ltr'>a</span> <span class='ocrx_word' id='word_1_119' title='bbox 2392 856 2723 933; x_wconf 88' lang='lat' dir='ltr'>Septembri</span> <span class='ocrx_word' id='word_1_120' title='bbox 2751 858 3026 915; x_wconf 88' lang='lat' dir='ltr'>videntur</span> <span class='ocrx_word' id='word_1_121' title='bbox 3055 856 3330 915; x_wconf 85' lang='lat' dir='ltr'>inchoare</span> <span class='ocrx_word' id='word_1_122' title='bbox 3362 859 3572 917; x_wconf 86' lang='lat' dir='ltr'>Latini.</span> 
     </span>
    </p>
   </div>
   <div class='ocr_carea' id='block_1_19' title="bbox 2612 974 3028 1032">
    <p class='ocr_par' dir='ltr' id='par_1_19' title="bbox 2612 974 3028 1032">
     <span class='ocr_line' id='line_1_19' title="bbox 2612 974 3028 1032; baseline -0.005 -1"><span class='ocrx_word' id='word_1_123' title='bbox 2612 975 2846 1032; x_wconf 86' lang='lat' dir='ltr'>CAPUT</span> <span class='ocrx_word' id='word_1_124' title='bbox 2884 974 3028 1032; x_wconf 86' lang='lat' dir='ltr'>XIV.</span> 
     </span>
    </p>
   </div>
   <div class='ocr_carea' id='block_1_20' title="bbox 2274 1065 3369 1136">
    <p class='ocr_par' dir='ltr' id='par_1_20' title="bbox 2274 1065 3369 1136">
     <span class='ocr_line' id='line_1_20' title="bbox 2274 1065 3369 1136; baseline -0.001 -12"><span class='ocrx_word' id='word_1_125' title='bbox 2274 1069 2391 1124; x_wconf 85' lang='lat' dir='ltr'>Cur</span> <span class='ocrx_word' id='word_1_126' title='bbox 2417 1066 2478 1122; x_wconf 87' lang='lat' dir='ltr'>in</span> <span class='ocrx_word' id='word_1_127' title='bbox 2505 1065 2697 1124; x_wconf 78' lang='lat' dir='ltr'>medio</span> <span class='ocrx_word' id='word_1_128' title='bbox 2721 1066 2883 1122; x_wconf 85' lang='lat' dir='ltr'>nulla</span> <span class='ocrx_word' id='word_1_129' title='bbox 2908 1066 3322 1136; x_wconf 83' lang='lat' dir='ltr'>pronuntietur</span> <span class='ocrx_word' id='word_1_130' title='bbox 3346 1070 3369 1123; x_wconf 65' lang='grc' dir='ltr'>Ρ</span> 
     </span>
    </p>
   </div>
   <div class='ocr_carea' id='block_1_21' title="bbox 2067 1172 3646 1246">
    <p class='ocr_par' dir='ltr' id='par_1_21' title="bbox 2067 1172 3646 1246">
     <span class='ocr_line' id='line_1_21' title="bbox 2067 1172 3646 1246; baseline 0.001 -18"><span class='ocrx_word' id='word_1_131' title='bbox 2067 1174 2449 1229; x_wconf 88' lang='lat' dir='ltr'>Pandendum</span> <span class='ocrx_word' id='word_1_132' title='bbox 2469 1174 2700 1229; x_wconf 87' lang='lat' dir='ltr'>videtur</span> <span class='ocrx_word' id='word_1_133' title='bbox 2724 1191 2832 1229; x_wconf 91' lang='lat' dir='ltr'>cur</span> <span class='ocrx_word' id='word_1_134' title='bbox 2852 1173 2911 1229; x_wconf 91' lang='lat' dir='ltr'>in</span> <span class='ocrx_word' id='word_1_135' title='bbox 2933 1172 3101 1230; x_wconf 89' lang='lat' dir='ltr'>initio</span> <span class='ocrx_word' id='word_1_136' title='bbox 3123 1178 3462 1246; x_wconf 88' lang='lat' dir='ltr'>epactarum</span> <span class='ocrx_word' id='word_1_137' title='bbox 3484 1174 3646 1236; x_wconf 79' lang='lat' dir='ltr'>nulla</span> 
     </span>
    </p>
   </div>
   <div class='ocr_carea' id='block_1_22' title="bbox 1995 1262 3645 1336">
    <p class='ocr_par' dir='ltr' id='par_1_22' title="bbox 1995 1262 3645 1336">
     <span class='ocr_line' id='line_1_22' title="bbox 1995 1262 3645 1336; baseline 0.001 -19"><span class='ocrx_word' id='word_1_138' title='bbox 1995 1262 2425 1336; x_wconf 82' lang='lat' dir='ltr'>pronuntietur.</span> <span class='ocrx_word' id='word_1_139' title='bbox 2452 1262 2664 1330; x_wconf 90' lang='lat' dir='ltr'>Primo,</span> <span class='ocrx_word' id='word_1_140' title='bbox 2681 1262 2821 1334; x_wconf 90' lang='lat' dir='ltr'>quia</span> <span class='ocrx_word' id='word_1_141' title='bbox 2845 1263 3152 1319; x_wconf 88' lang='lat' dir='ltr'>sciendum</span> <span class='ocrx_word' id='word_1_142' title='bbox 3174 1264 3442 1319; x_wconf 90' lang='lat' dir='ltr'>ordinem</span> <span class='ocrx_word' id='word_1_143' title='bbox 3466 1264 3645 1319; x_wconf 88' lang='lat' dir='ltr'>istum</span> 
     </span>
    </p>
   </div>
   <div class='ocr_carea' id='block_1_23' title="bbox 1995 1350 3648 1424">
    <p class='ocr_par' dir='ltr' id='par_1_23' title="bbox 1995 1350 3648 1424">
     <span class='ocr_line' id='line_1_23' title="bbox 1995 1350 3648 1424; baseline -0.001 -16"><span class='ocrx_word' id='word_1_144' title='bbox 1995 1355 2332 1424; x_wconf 88' lang='lat' dir='ltr'>epactarum</span> <span class='ocrx_word' id='word_1_145' title='bbox 2356 1351 2418 1406; x_wconf 90' lang='lat' dir='ltr'>in</span> <span class='ocrx_word' id='word_1_146' title='bbox 2440 1350 2888 1408; x_wconf 87' lang='lat' dir='ltr'>similitudinem</span> <span class='ocrx_word' id='word_1_147' title='bbox 2907 1350 3111 1407; x_wconf 88' lang='lat' dir='ltr'>circuli</span> <span class='ocrx_word' id='word_1_148' title='bbox 3134 1352 3194 1406; x_wconf 89' lang='lat' dir='ltr'>in</span> <span class='ocrx_word' id='word_1_149' title='bbox 3215 1358 3400 1408; x_wconf 85' lang='lat' dir='ltr'>semet</span> <span class='ocrx_word' id='word_1_150' title='bbox 3421 1353 3648 1408; x_wconf 89' lang='lat' dir='ltr'>reverti.</span> 
     </span>
    </p>
   </div>
   <div class='ocr_carea' id='block_1_24' title="bbox 1995 1440 3655 1515">
    <p class='ocr_par' dir='ltr' id='par_1_24' title="bbox 1995 1440 3655 1515">
     <span class='ocr_line' id='line_1_24' title="bbox 1995 1440 3655 1515; baseline -0.002 -15"><span class='ocrx_word' id='word_1_151' title='bbox 1995 1442 2262 1514; x_wconf 85' lang='lat' dir='ltr'>Cumque</span> <span class='ocrx_word' id='word_1_152' title='bbox 2279 1441 2530 1515; x_wconf 87' lang='lat' dir='ltr'>singulis</span> <span class='ocrx_word' id='word_1_153' title='bbox 2547 1441 2720 1498; x_wconf 86' lang='lat' dir='ltr'>annis</span> <span class='ocrx_word' id='word_1_154' title='bbox 2738 1440 3132 1497; x_wconf 88' lang='lat' dir='ltr'>undenarium</span> <span class='ocrx_word' id='word_1_155' title='bbox 3155 1440 3403 1513; x_wconf 74' lang='lat' dir='ltr'>singulze</span> <span class='ocrx_word' id='word_1_156' title='bbox 3422 1441 3655 1513; x_wconf 91' lang='lat' dir='ltr'>capiant</span> 
     </span>
    </p>
   </div>
   <div class='ocr_carea' id='block_1_25' title="bbox 1997 1529 3654 1604">
    <p class='ocr_par' dir='ltr' id='par_1_25' title="bbox 1997 1529 3654 1604">
     <span class='ocr_line' id='line_1_25' title="bbox 1997 1529 3654 1604; baseline -0.001 -17"><span class='ocrx_word' id='word_1_157' title='bbox 1997 1535 2403 1603; x_wconf 88' lang='lat' dir='ltr'>augmentum,</span> <span class='ocrx_word' id='word_1_158' title='bbox 2456 1548 2609 1587; x_wconf 90' lang='lat' dir='ltr'>nono</span> <span class='ocrx_word' id='word_1_159' title='bbox 2659 1531 2909 1600; x_wconf 91' lang='lat' dir='ltr'>decimo,</span> <span class='ocrx_word' id='word_1_160' title='bbox 2963 1530 3065 1602; x_wconf 92' lang='lat' dir='ltr'>qui</span> <span class='ocrx_word' id='word_1_161' title='bbox 3114 1534 3206 1587; x_wconf 90' lang='lat' dir='ltr'>est</span> <span class='ocrx_word' id='word_1_162' title='bbox 3251 1529 3396 1604; x_wconf 87' lang='lat' dir='ltr'>cycli</span> <span class='ocrx_word' id='word_1_163' title='bbox 3446 1531 3654 1587; x_wconf 86' lang='lat' dir='ltr'>xxxalis</span> 
     </span>
    </p>
   </div>
   <div class='ocr_carea' id='block_1_26' title="bbox 1998 1619 3658 1694">
    <p class='ocr_par' dir='ltr' id='par_1_26' title="bbox 1998 1619 3658 1694">
     <span class='ocr_line' id='line_1_26' title="bbox 1998 1619 3658 1694; baseline -0.002 -17"><span class='ocrx_word' id='word_1_164' title='bbox 1998 1619 2263 1688; x_wconf 90' lang='lat' dir='ltr'>ultimus,</span> <span class='ocrx_word' id='word_1_165' title='bbox 2295 1637 2435 1676; x_wconf 87' lang='lat' dir='ltr'>xvxxx</span> <span class='ocrx_word' id='word_1_166' title='bbox 2464 1622 2685 1694; x_wconf 90' lang='lat' dir='ltr'>epactis</span> <span class='ocrx_word' id='word_1_167' title='bbox 2723 1619 3128 1687; x_wconf 77' lang='lat' dir='ltr'>existentibus,</span> <span class='ocrx_word' id='word_1_168' title='bbox 3162 1635 3279 1675; x_wconf 88' lang='lat' dir='ltr'>non</span> <span class='ocrx_word' id='word_1_169' title='bbox 3313 1623 3376 1674; x_wconf 89' lang='lat' dir='ltr'>ut</span> <span class='ocrx_word' id='word_1_170' title='bbox 3403 1619 3464 1675; x_wconf 90' lang='lat' dir='ltr'>in</span> <span class='ocrx_word' id='word_1_171' title='bbox 3495 1624 3658 1675; x_wconf 71' lang='lat' dir='ltr'>caete-</span> 
     </span>
    </p>
   </div>
   <div class='ocr_carea' id='block_1_27' title="bbox 1998 1707 3653 1781">
    <p class='ocr_par' dir='ltr' id='par_1_27' title="bbox 1998 1707 3653 1781">
     <span class='ocr_line' id='line_1_27' title="bbox 1998 1707 3653 1781; baseline -0.001 -16"><span class='ocrx_word' id='word_1_172' title='bbox 1998 1710 2081 1765; x_wconf 83' lang='lat' dir='ltr'>ris</span> <span class='ocrx_word' id='word_1_173' title='bbox 2126 1727 2205 1777; x_wconf 86' lang='lat' dir='ltr'>xx,</span> <span class='ocrx_word' id='word_1_174' title='bbox 2240 1710 2340 1764; x_wconf 90' lang='lat' dir='ltr'>sed</span> <span class='ocrx_word' id='word_1_175' title='bbox 2386 1727 2466 1765; x_wconf 82' lang='lat' dir='ltr'>xxx</span> <span class='ocrx_word' id='word_1_176' title='bbox 2507 1709 2804 1778; x_wconf 84' lang='lat' dir='ltr'>addimus,</span> <span class='ocrx_word' id='word_1_177' title='bbox 2838 1712 3076 1781; x_wconf 85' lang='lat' dir='ltr'>propter</span> <span class='ocrx_word' id='word_1_178' title='bbox 3124 1724 3311 1764; x_wconf 91' lang='lat' dir='ltr'>unum</span> <span class='ocrx_word' id='word_1_179' title='bbox 3343 1707 3498 1763; x_wconf 89' lang='lat' dir='ltr'>diem</span> <span class='ocrx_word' id='word_1_180' title='bbox 3551 1709 3653 1780; x_wconf 87' lang='lat' dir='ltr'>qui</span> 
     </span>
    </p>
   </div>
   <div class='ocr_carea' id='block_1_28' title="bbox 1999 1797 3657 1870">
    <p class='ocr_par' dir='ltr' id='par_1_28' title="bbox 1999 1797 3657 1870">
     <span class='ocr_line' id='line_1_28' title="bbox 1999 1797 3657 1870; baseline 0 -16"><span class='ocrx_word' id='word_1_181' title='bbox 1999 1802 2141 1855; x_wconf 90' lang='lat' dir='ltr'>tunc</span> <span class='ocrx_word' id='word_1_182' title='bbox 2163 1798 2356 1855; x_wconf 88' lang='lat' dir='ltr'>lunari</span> <span class='ocrx_word' id='word_1_183' title='bbox 2379 1815 2533 1855; x_wconf 85' lang='lat' dir='ltr'>anno</span> <span class='ocrx_word' id='word_1_184' title='bbox 2554 1797 2929 1865; x_wconf 86' lang='lat' dir='ltr'>diminuitur,</span> <span class='ocrx_word' id='word_1_185' title='bbox 2946 1814 3122 1870; x_wconf 90' lang='lat' dir='ltr'>quem</span> <span class='ocrx_word' id='word_1_186' title='bbox 3144 1797 3363 1853; x_wconf 84' lang='lat' dir='ltr'>saltum</span> <span class='ocrx_word' id='word_1_187' title='bbox 3386 1797 3540 1854; x_wconf 65' lang='lat' dir='ltr'>lunas</span> <span class='ocrx_word' id='word_1_188' title='bbox 3562 1816 3657 1854; x_wconf 84' lang='lat' dir='ltr'>vo-</span> 
     </span>
    </p>
   </div>
   <div class='ocr_carea' id='block_1_29' title="bbox 2001 1886 3654 1961">
    <p class='ocr_par' dir='ltr' id='par_1_29' title="bbox 2001 1886 3654 1961">
     <span class='ocr_line' id='line_1_29' title="bbox 2001 1886 3654 1961; baseline -0.001 -17"><span class='ocrx_word' id='word_1_189' title='bbox 2001 1892 2154 1944; x_wconf 89' lang='lat' dir='ltr'>cant.</span> <span class='ocrx_word' id='word_1_190' title='bbox 2178 1888 2286 1954; x_wconf 90' lang='lat' dir='ltr'>Qui</span> <span class='ocrx_word' id='word_1_191' title='bbox 2306 1887 2657 1961; x_wconf 71' lang='lat' dir='ltr'>praecedenti</span> <span class='ocrx_word' id='word_1_192' title='bbox 2678 1886 2831 1943; x_wconf 63' lang='lat' dir='ltr'>aetati</span> <span class='ocrx_word' id='word_1_193' title='bbox 2850 1888 3170 1954; x_wconf 86' lang='lat' dir='ltr'>detractus,</span> <span class='ocrx_word' id='word_1_194' title='bbox 3194 1890 3379 1943; x_wconf 87' lang='lat' dir='ltr'>totam</span> <span class='ocrx_word' id='word_1_195' title='bbox 3403 1904 3654 1959; x_wconf 87' lang='lat' dir='ltr'>sequen-</span> 
     </span>
    </p>
   </div>
   <div class='ocr_carea' id='block_1_30' title="bbox 1998 1976 3660 2048">
    <p class='ocr_par' dir='ltr' id='par_1_30' title="bbox 1998 1976 3660 2048">
     <span class='ocr_line' id='line_1_30' title="bbox 1998 1976 3660 2048; baseline 0 -16"><span class='ocrx_word' id='word_1_196' title='bbox 1998 1980 2116 2039; x_wconf 89' lang='lat' dir='ltr'>tem</span> <span class='ocrx_word' id='word_1_197' title='bbox 2148 1977 2301 2033; x_wconf 68' lang='lat' dir='ltr'>lunae</span> <span class='ocrx_word' id='word_1_198' title='bbox 2326 1979 2555 2033; x_wconf 67' lang='lat' dir='ltr'>(etatem</span> <span class='ocrx_word' id='word_1_199' title='bbox 2578 1993 2696 2032; x_wconf 90' lang='lat' dir='ltr'>uno</span> <span class='ocrx_word' id='word_1_200' title='bbox 2719 1976 2813 2032; x_wconf 89' lang='lat' dir='ltr'>die</span> <span class='ocrx_word' id='word_1_201' title='bbox 2836 1977 3120 2046; x_wconf 88' lang='lat' dir='ltr'>majorem</span> <span class='ocrx_word' id='word_1_202' title='bbox 3156 1991 3393 2048; x_wconf 84' lang='lat' dir='ltr'>semper</span> <span class='ocrx_word' id='word_1_203' title='bbox 3421 1992 3660 2048; x_wconf 90' lang='lat' dir='ltr'>compu-</span> 
     </span>
    </p>
   </div>
   <div class='ocr_carea' id='block_1_31' title="bbox 228 2030 3656 2140">
    <p class='ocr_par' dir='ltr' id='par_1_31' title="bbox 228 2030 3656 2140">
     <span class='ocr_line' id='line_1_31' title="bbox 228 2030 3656 2140; baseline -0 -16"><span class='ocrx_word' id='word_1_204' title='bbox 228 2030 957 2140; x_wconf 53' lang='lat' dir='ltr'>ﬂ‘ﬂ‘j‘fn_‘f‘j¥‘£‘ff‘fifpsi§</span> <span class='ocrx_word' id='word_1_205' title='bbox 981 2033 1521 2140; x_wconf 60' lang='grc' dir='ltr'>δξὼῖδδὲενῗῗηίίυοῗ</span> <span class='ocrx_word' id='word_1_206' title='bbox 1544 2054 1647 2109; x_wconf 56' lang='lat' dir='ltr'>PFO</span> <span class='ocrx_word' id='word_1_207' title='bbox 1670 2035 1894 2140; x_wconf 60' lang='lat' dir='ltr'>{‘68P‘3&#39;</span> <span class='ocrx_word' id='word_1_208' title='bbox 1922 2058 1969 2125; x_wconf 91' lang='lat' dir='ltr'><strong>B</strong></span> <span class='ocrx_word' id='word_1_209' title='bbox 2001 2030 3239 2140; x_wconf 42' lang='lat' dir='ltr'>t1};.ggt.&quot;o;...{ﬁgtma.autem...</span> <span class='ocrx_word' id='word_1_210' title='bbox 3283 2030 3441 2120; x_wconf 41' lang='lat' dir='ltr'>aut</span> <span class='ocrx_word' id='word_1_211' title='bbox 3466 2030 3656 2124; x_wconf 47' lang='lat' dir='ltr'>at...</span> 
     </span>
    </p>
   </div>
   <div class='ocr_carea' id='block_1_32' title="bbox 228 2118 1891 2198">
    <p class='ocr_par' dir='ltr' id='par_1_32' title="bbox 228 2118 1891 2198">
     <span class='ocr_line' id='line_1_32' title="bbox 228 2118 1891 2198; baseline 0.006 -25"><span class='ocrx_word' id='word_1_212' title='bbox 228 2118 403 2174; x_wconf 85' lang='lat' dir='ltr'>ribus</span> <span class='ocrx_word' id='word_1_213' title='bbox 436 2120 738 2192; x_wconf 88' lang='lat' dir='ltr'>sequentis</span> <span class='ocrx_word' id='word_1_214' title='bbox 768 2121 993 2179; x_wconf 88' lang='lat' dir='ltr'>mensis</span> <span class='ocrx_word' id='word_1_215' title='bbox 1020 2122 1253 2180; x_wconf 91' lang='lat' dir='ltr'>habeto.</span> <span class='ocrx_word' id='word_1_216' title='bbox 1276 2125 1621 2198; x_wconf 74' lang='lat' dir='ltr'>Exemplum</span> <span class='ocrx_word' id='word_1_217' title='bbox 1653 2127 1725 2183; x_wconf 94' lang='lat' dir='ltr'>de</span> <span class='ocrx_word' id='word_1_218' title='bbox 1746 2128 1891 2182; x_wconf 87' lang='lat' dir='ltr'>duo-</span> 
     </span>
    </p>
   </div>
   <div class='ocr_carea' id='block_1_33' title="bbox 230 2208 1898 2287">
    <p class='ocr_par' dir='ltr' id='par_1_33' title="bbox 230 2208 1898 2287">
     <span class='ocr_line' id='line_1_33' title="bbox 230 2208 1898 2287; baseline 0.004 -22"><span class='ocrx_word' id='word_1_219' title='bbox 230 2208 353 2265; x_wconf 84' lang='lat' dir='ltr'>bus</span> <span class='ocrx_word' id='word_1_220' title='bbox 384 2208 618 2277; x_wconf 89' lang='lat' dir='ltr'>damus,</span> <span class='ocrx_word' id='word_1_221' title='bbox 645 2214 710 2265; x_wconf 91' lang='lat' dir='ltr'>ut</span> <span class='ocrx_word' id='word_1_222' title='bbox 739 2209 824 2267; x_wconf 89' lang='lat' dir='ltr'>sic</span> <span class='ocrx_word' id='word_1_223' title='bbox 856 2211 928 2267; x_wconf 88' lang='lat' dir='ltr'>de</span> <span class='ocrx_word' id='word_1_224' title='bbox 958 2212 1181 2269; x_wconf 83' lang='lat' dir='ltr'>caeteris</span> <span class='ocrx_word' id='word_1_225' title='bbox 1204 2213 1407 2271; x_wconf 80' lang='lat' dir='ltr'>facias.</span> <span class='ocrx_word' id='word_1_226' title='bbox 1426 2215 1768 2287; x_wconf 86' lang='lat' dir='ltr'>September</span> <span class='ocrx_word' id='word_1_227' title='bbox 1796 2216 1898 2272; x_wconf 89' lang='lat' dir='ltr'>ha-</span> 
     </span>
    </p>
   </div>
   <div class='ocr_carea' id='block_1_34' title="bbox 233 2297 1896 2375">
    <p class='ocr_par' dir='ltr' id='par_1_34' title="bbox 233 2297 1896 2375">
     <span class='ocr_line' id='line_1_34' title="bbox 233 2297 1896 2375; baseline 0.006 -23"><span class='ocrx_word' id='word_1_228' title='bbox 233 2297 337 2353; x_wconf 91' lang='lat' dir='ltr'>bet</span> <span class='ocrx_word' id='word_1_229' title='bbox 367 2297 491 2352; x_wconf 90' lang='lat' dir='ltr'>dies</span> <span class='ocrx_word' id='word_1_230' title='bbox 522 2315 634 2353; x_wconf 89' lang='lat' dir='ltr'>xxx</span> <span class='ocrx_word' id='word_1_231' title='bbox 662 2303 720 2355; x_wconf 91' lang='lat' dir='ltr'>et</span> <span class='ocrx_word' id='word_1_232' title='bbox 749 2299 1045 2372; x_wconf 87' lang='lat' dir='ltr'>regulares</span> <span class='ocrx_word' id='word_1_233' title='bbox 1068 2319 1123 2369; x_wconf 92' lang='lat' dir='ltr'>v,</span> <span class='ocrx_word' id='word_1_234' title='bbox 1148 2304 1250 2375; x_wconf 90' lang='lat' dir='ltr'>qui</span> <span class='ocrx_word' id='word_1_235' title='bbox 1290 2308 1430 2360; x_wconf 91' lang='lat' dir='ltr'>sunt</span> <span class='ocrx_word' id='word_1_236' title='bbox 1465 2322 1633 2360; x_wconf 83' lang='lat' dir='ltr'>xxxv.</span> <span class='ocrx_word' id='word_1_237' title='bbox 1658 2304 1896 2362; x_wconf 87' lang='lat' dir='ltr'>Dimitte</span> 
     </span>
    </p>
   </div>
   <div class='ocr_carea' id='block_1_35' title="bbox 231 2384 1895 2459">
    <p class='ocr_par' dir='ltr' id='par_1_35' title="bbox 231 2384 1895 2459">
     <span class='ocr_line' id='line_1_35' title="bbox 231 2384 1895 2459; baseline 0.005 -17"><span class='ocrx_word' id='word_1_238' title='bbox 231 2401 371 2455; x_wconf 82' lang='lat' dir='ltr'>xxx,</span> <span class='ocrx_word' id='word_1_239' title='bbox 405 2384 663 2459; x_wconf 88' lang='lat' dir='ltr'>reliquos</span> <span class='ocrx_word' id='word_1_240' title='bbox 683 2404 720 2443; x_wconf 92' lang='lat' dir='ltr'>v</span> <span class='ocrx_word' id='word_1_241' title='bbox 744 2388 821 2444; x_wconf 86' lang='lat' dir='ltr'>da</span> <span class='ocrx_word' id='word_1_242' title='bbox 850 2387 1103 2446; x_wconf 89' lang='lat' dir='ltr'>Octobri.</span> <span class='ocrx_word' id='word_1_243' title='bbox 1129 2391 1377 2449; x_wconf 90' lang='lat' dir='ltr'>October</span> <span class='ocrx_word' id='word_1_244' title='bbox 1404 2393 1581 2449; x_wconf 87' lang='lat' dir='ltr'>habet</span> <span class='ocrx_word' id='word_1_245' title='bbox 1609 2393 1733 2451; x_wconf 91' lang='lat' dir='ltr'>dies</span> <span class='ocrx_word' id='word_1_246' title='bbox 1761 2411 1895 2451; x_wconf 84' lang='lat' dir='ltr'>xxxx</span> 
     </span>
    </p>
   </div>
   <div class='ocr_carea' id='block_1_36' title="bbox 235 2473 1898 2555">
    <p class='ocr_par' dir='ltr' id='par_1_36' title="bbox 235 2473 1898 2555">
     <span class='ocr_line' id='line_1_36' title="bbox 235 2473 1898 2555; baseline 0.005 -24"><span class='ocrx_word' id='word_1_247' title='bbox 235 2479 297 2531; x_wconf 89' lang='lat' dir='ltr'>et</span> <span class='ocrx_word' id='word_1_248' title='bbox 345 2473 645 2548; x_wconf 88' lang='lat' dir='ltr'>regulares</span> <span class='ocrx_word' id='word_1_249' title='bbox 690 2494 746 2544; x_wconf 91' lang='lat' dir='ltr'>v,</span> <span class='ocrx_word' id='word_1_250' title='bbox 791 2484 931 2534; x_wconf 89' lang='lat' dir='ltr'>sunt</span> <span class='ocrx_word' id='word_1_251' title='bbox 978 2479 1155 2536; x_wconf 88' lang='lat' dir='ltr'>simul</span> <span class='ocrx_word' id='word_1_252' title='bbox 1182 2498 1350 2538; x_wconf 86' lang='lat' dir='ltr'>xxxv.</span> <span class='ocrx_word' id='word_1_253' title='bbox 1382 2481 1541 2539; x_wconf 91' lang='lat' dir='ltr'>Tolle</span> <span class='ocrx_word' id='word_1_254' title='bbox 1570 2500 1723 2552; x_wconf 86' lang='lat' dir='ltr'>xxxx,</span> <span class='ocrx_word' id='word_1_255' title='bbox 1758 2482 1898 2555; x_wconf 86' lang='lat' dir='ltr'>quia</span> 
     </span>
    </p>
   </div>
   <div class='ocr_carea' id='block_1_37' title="bbox 235 2563 1898 2639">
    <p class='ocr_par' dir='ltr' id='par_1_37' title="bbox 235 2563 1898 2639">
     <span class='ocr_line' id='line_1_37' title="bbox 235 2563 1898 2639; baseline 0.005 -19"><span class='ocrx_word' id='word_1_256' title='bbox 235 2568 365 2621; x_wconf 82' lang='lat' dir='ltr'>tota</span> <span class='ocrx_word' id='word_1_257' title='bbox 396 2568 485 2620; x_wconf 89' lang='lat' dir='ltr'>est</span> <span class='ocrx_word' id='word_1_258' title='bbox 514 2563 771 2633; x_wconf 88' lang='lat' dir='ltr'>lunatio;</span> <span class='ocrx_word' id='word_1_259' title='bbox 794 2583 873 2622; x_wconf 86' lang='lat' dir='ltr'>vxx</span> <span class='ocrx_word' id='word_1_260' title='bbox 896 2567 999 2639; x_wconf 87' lang='lat' dir='ltr'>qui</span> <span class='ocrx_word' id='word_1_261' title='bbox 1021 2575 1325 2627; x_wconf 87' lang='lat' dir='ltr'>remanent</span> <span class='ocrx_word' id='word_1_262' title='bbox 1345 2572 1421 2627; x_wconf 90' lang='lat' dir='ltr'>da</span> <span class='ocrx_word' id='word_1_263' title='bbox 1441 2572 1898 2630; x_wconf 89' lang='lat' dir='ltr'>Novembri.Cur</span> 
     </span>
    </p>
   </div>
   <div class='ocr_carea' id='block_1_38' title="bbox 236 2653 1898 2735">
    <p class='ocr_par' dir='ltr' id='par_1_38' title="bbox 236 2653 1898 2735">
     <span class='ocr_line' id='line_1_38' title="bbox 236 2653 1898 2735; baseline 0.006 -27"><span class='ocrx_word' id='word_1_264' title='bbox 236 2658 439 2709; x_wconf 81' lang='lat' dir='ltr'>autem</span> <span class='ocrx_word' id='word_1_265' title='bbox 470 2671 589 2709; x_wconf 88' lang='lat' dir='ltr'>una</span> <span class='ocrx_word' id='word_1_266' title='bbox 615 2653 768 2710; x_wconf 66' lang='lat' dir='ltr'>lunae</span> <span class='ocrx_word' id='word_1_267' title='bbox 810 2659 949 2712; x_wconf 70' lang='lat' dir='ltr'>tetas</span> <span class='ocrx_word' id='word_1_268' title='bbox 991 2675 1122 2727; x_wconf 88' lang='lat' dir='ltr'>xxx,</span> <span class='ocrx_word' id='word_1_269' title='bbox 1158 2659 1339 2716; x_wconf 88' lang='lat' dir='ltr'>altera</span> <span class='ocrx_word' id='word_1_270' title='bbox 1366 2677 1500 2718; x_wconf 83' lang='lat' dir='ltr'>xxxx</span> <span class='ocrx_word' id='word_1_271' title='bbox 1527 2665 1898 2735; x_wconf 89' lang='lat' dir='ltr'>computetur</span> 
     </span>
    </p>
   </div>
   <div class='ocr_carea' id='block_1_39' title="bbox 237 2742 1708 2822">
    <p class='ocr_par' dir='ltr' id='par_1_39' title="bbox 237 2742 1708 2822">
     <span class='ocr_line' id='line_1_39' title="bbox 237 2742 1708 2822; baseline 0.005 -24"><span class='ocrx_word' id='word_1_272' title='bbox 237 2742 453 2800; x_wconf 89' lang='lat' dir='ltr'>diebus</span> <span class='ocrx_word' id='word_1_273' title='bbox 487 2742 662 2815; x_wconf 86' lang='lat' dir='ltr'>paulo</span> <span class='ocrx_word' id='word_1_274' title='bbox 694 2749 827 2817; x_wconf 89' lang='lat' dir='ltr'>post</span> <span class='ocrx_word' id='word_1_275' title='bbox 854 2746 1207 2819; x_wconf 87' lang='lat' dir='ltr'>aperiemus.</span> <span class='ocrx_word' id='word_1_276' title='bbox 1243 2752 1419 2822; x_wconf 79' lang='lat' dir='ltr'>(In/ra</span> <span class='ocrx_word' id='word_1_277' title='bbox 1442 2767 1560 2822; x_wconf 86' lang='lat' dir='ltr'>cap.</span> <span class='ocrx_word' id='word_1_278' title='bbox 1595 2751 1708 2822; x_wconf 73' lang='lat'>26.)</span> 
     </span>
    </p>
   </div>
   <div class='ocr_carea' id='block_1_40' title="bbox 885 2854 1250 2913">
    <p class='ocr_par' dir='ltr' id='par_1_40' title="bbox 885 2854 1250 2913">
     <span class='ocr_line' id='line_1_40' title="bbox 885 2854 1250 2913; baseline 0.005 -4"><span class='ocrx_word' id='word_1_279' title='bbox 885 2854 1120 2913; x_wconf 85' lang='lat' dir='ltr'>CAPUT</span> <span class='ocrx_word' id='word_1_280' title='bbox 1157 2857 1250 2913; x_wconf 85' lang='lat' dir='ltr'>XI.</span> 
     </span>
    </p>
   </div>
   <div class='ocr_carea' id='block_1_41' title="bbox 853 2944 1695 3017">
    <p class='ocr_par' dir='ltr' id='par_1_41' title="bbox 853 2944 1695 3017">
     <span class='ocr_line' id='line_1_41' title="bbox 853 2944 1695 3017; baseline 0.001 -15"><span class='ocrx_word' id='word_1_281' title='bbox 853 2944 1010 3002; x_wconf 84' lang='lat' dir='ltr'>Unde</span> <span class='ocrx_word' id='word_1_282' title='bbox 1050 2954 1287 3015; x_wconf 59' lang='lat' dir='ltr'>epacta.</span> <span class='ocrx_word' id='word_1_283' title='bbox 1688 3010 1695 3017; x_wconf 28' lang='grc' dir='ltr'><em>κ</em></span> 
     </span>
    </p>
   </div>
   <div class='ocr_carea' id='block_1_42' title="bbox 305 3039 1898 3117">
    <p class='ocr_par' dir='ltr' id='par_1_42' title="bbox 305 3039 1898 3117">
     <span class='ocr_line' id='line_1_42' title="bbox 305 3039 1898 3117; baseline 0.006 -23"><span class='ocrx_word' id='word_1_284' title='bbox 305 3039 563 3112; x_wconf 72' lang='lat' dir='ltr'>Epactae,</span> <span class='ocrx_word' id='word_1_285' title='bbox 588 3055 717 3111; x_wconf 66' lang='lat' dir='ltr'>qua:</span> <span class='ocrx_word' id='word_1_286' title='bbox 738 3039 833 3096; x_wconf 90' lang='lat' dir='ltr'>his</span> <span class='ocrx_word' id='word_1_287' title='bbox 855 3041 1218 3113; x_wconf 86' lang='lat' dir='ltr'>adjiciuntur</span> <span class='ocrx_word' id='word_1_288' title='bbox 1238 3044 1629 3117; x_wconf 89' lang='lat' dir='ltr'>regularibus,</span> <span class='ocrx_word' id='word_1_289' title='bbox 1645 3047 1898 3103; x_wconf 88' lang='lat' dir='ltr'>duorum</span> 
     </span>
    </p>
   </div>
   <div class='ocr_carea' id='block_1_43' title="bbox 236 3127 1899 3207">
    <p class='ocr_par' dir='ltr' id='par_1_43' title="bbox 236 3127 1899 3207">
     <span class='ocr_line' id='line_1_43' title="bbox 236 3127 1899 3207; baseline 0.005 -24"><span class='ocrx_word' id='word_1_290' title='bbox 236 3143 563 3197; x_wconf 89' lang='lat' dir='ltr'>annorum,</span> <span class='ocrx_word' id='word_1_291' title='bbox 596 3127 803 3185; x_wconf 89' lang='lat' dir='ltr'>solaris</span> <span class='ocrx_word' id='word_1_292' title='bbox 845 3129 1066 3188; x_wconf 86' lang='lat' dir='ltr'>scilicet</span> <span class='ocrx_word' id='word_1_293' title='bbox 1113 3149 1180 3190; x_wconf 89' lang='lat' dir='ltr'>ac</span> <span class='ocrx_word' id='word_1_294' title='bbox 1228 3133 1454 3191; x_wconf 90' lang='lat' dir='ltr'>lunaris</span> <span class='ocrx_word' id='word_1_295' title='bbox 1502 3134 1899 3207; x_wconf 65' lang='lat' dir='ltr'>inmqualitate</span> 
     </span>
    </p>
   </div>
   <div class='ocr_carea' id='block_1_44' title="bbox 237 3215 1901 3296">
    <p class='ocr_par' dir='ltr' id='par_1_44' title="bbox 237 3215 1901 3296">
     <span class='ocr_line' id='line_1_44' title="bbox 237 3215 1901 3296; baseline 0.005 -23"><span class='ocrx_word' id='word_1_296' title='bbox 237 3219 545 3273; x_wconf 82' lang='lat' dir='ltr'>creantur.</span> <span class='ocrx_word' id='word_1_297' title='bbox 567 3215 649 3275; x_wconf 90' lang='lat' dir='ltr'>De</span> <span class='ocrx_word' id='word_1_298' title='bbox 674 3233 794 3290; x_wconf 89' lang='lat' dir='ltr'>qua</span> <span class='ocrx_word' id='word_1_299' title='bbox 814 3218 1231 3293; x_wconf 63' lang='lat' dir='ltr'>inaequalitate,</span> <span class='ocrx_word' id='word_1_300' title='bbox 1256 3239 1385 3296; x_wconf 64' lang='lat' dir='ltr'>qua</span> <span class='ocrx_word' id='word_1_301' title='bbox 1417 3223 1705 3281; x_wconf 91' lang='lat' dir='ltr'>Dominus</span> <span class='ocrx_word' id='word_1_302' title='bbox 1734 3226 1901 3282; x_wconf 87' lang='lat' dir='ltr'>dede-</span> 
     </span>
    </p>
   </div>
   <div class='ocr_carea' id='block_1_45' title="bbox 234 3304 1903 3386">
    <p class='ocr_par' dir='ltr' id='par_1_45' title="bbox 234 3304 1903 3386">
     <span class='ocr_line' id='line_1_45' title="bbox 234 3304 1903 3386; baseline 0.007 -26"><span class='ocrx_word' id='word_1_303' title='bbox 234 3304 335 3375; x_wconf 86' lang='lat' dir='ltr'>rit,</span> <span class='ocrx_word' id='word_1_304' title='bbox 363 3308 504 3379; x_wconf 85' lang='lat' dir='ltr'>post</span> <span class='ocrx_word' id='word_1_305' title='bbox 520 3304 883 3380; x_wconf 78' lang='lat' dir='ltr'>eloquamur.</span> <span class='ocrx_word' id='word_1_306' title='bbox 911 3308 1130 3368; x_wconf 86' lang='lat' dir='ltr'>Solaris</span> <span class='ocrx_word' id='word_1_307' title='bbox 1147 3310 1307 3369; x_wconf 90' lang='lat' dir='ltr'>enim</span> <span class='ocrx_word' id='word_1_308' title='bbox 1329 3329 1543 3382; x_wconf 89' lang='lat' dir='ltr'>annus,</span> <span class='ocrx_word' id='word_1_309' title='bbox 1567 3313 1670 3386; x_wconf 87' lang='lat' dir='ltr'>qui</span> <span class='ocrx_word' id='word_1_310' title='bbox 1690 3330 1903 3372; x_wconf 73' lang='lat' dir='ltr'>cccnxv</span> 
     </span>
    </p>
   </div>
   <div class='ocr_carea' id='block_1_46' title="bbox 2002 2152 3656 2229">
    <p class='ocr_par' dir='ltr' id='par_1_46' title="bbox 2002 2152 3656 2229">
     <span class='ocr_line' id='line_1_46' title="bbox 2002 2152 3656 2229; baseline -0.002 -18"><span class='ocrx_word' id='word_1_311' title='bbox 2002 2155 2192 2229; x_wconf 87' lang='lat' dir='ltr'>ipsius</span> <span class='ocrx_word' id='word_1_312' title='bbox 2213 2155 2497 2213; x_wconf 86' lang='lat' dir='ltr'>rationem</span> <span class='ocrx_word' id='word_1_313' title='bbox 2519 2152 2898 2222; x_wconf 90' lang='lat' dir='ltr'>ediderimus,</span> <span class='ocrx_word' id='word_1_314' title='bbox 2916 2170 2997 2209; x_wconf 87' lang='lat' dir='ltr'>xxx</span> <span class='ocrx_word' id='word_1_315' title='bbox 3012 2169 3150 2225; x_wconf 88' lang='lat' dir='ltr'>ergo</span> <span class='ocrx_word' id='word_1_316' title='bbox 3166 2152 3384 2209; x_wconf 88' lang='lat' dir='ltr'>additis</span> <span class='ocrx_word' id='word_1_317' title='bbox 3400 2154 3474 2208; x_wconf 91' lang='lat' dir='ltr'>ad</span> <span class='ocrx_word' id='word_1_318' title='bbox 3494 2170 3656 2218; x_wconf 87' lang='lat' dir='ltr'>xvnx,</span> 
     </span>
    </p>
   </div>
   <div class='ocr_carea' id='block_1_47' title="bbox 2004 2231 3687 2316">
    <p class='ocr_par' dir='ltr' id='par_1_47' title="bbox 2004 2231 3687 2316">
     <span class='ocr_line' id='line_1_47' title="bbox 2004 2231 3687 2316; baseline -0.004 -15"><span class='ocrx_word' id='word_1_319' title='bbox 2004 2245 2155 2301; x_wconf 80' lang='lat' dir='ltr'>ﬁunt</span> <span class='ocrx_word' id='word_1_320' title='bbox 2183 2262 2312 2301; x_wconf 86' lang='lat' dir='ltr'>xxx.</span> <span class='ocrx_word' id='word_1_321' title='bbox 2338 2246 2467 2302; x_wconf 67' lang='lat' dir='ltr'>Ista:</span> <span class='ocrx_word' id='word_1_322' title='bbox 2497 2248 2637 2301; x_wconf 90' lang='lat' dir='ltr'>sunt</span> <span class='ocrx_word' id='word_1_323' title='bbox 2655 2247 2870 2316; x_wconf 72' lang='lat' dir='ltr'>epactm</span> <span class='ocrx_word' id='word_1_324' title='bbox 2892 2242 3066 2315; x_wconf 91' lang='lat' dir='ltr'>primi</span> <span class='ocrx_word' id='word_1_325' title='bbox 3091 2241 3229 2297; x_wconf 88' lang='lat' dir='ltr'>anni</span> <span class='ocrx_word' id='word_1_326' title='bbox 3252 2240 3398 2313; x_wconf 78' lang='lat' dir='ltr'>cycli</span> <span class='ocrx_word' id='word_1_327' title='bbox 3427 2241 3652 2297; x_wconf 89' lang='lat' dir='ltr'>xxxalis.</span> <span class='ocrx_word' id='word_1_328' title='bbox 3676 2231 3687 2238; x_wconf 66' lang='grc'><strong>’</strong></span> 
     </span>
    </p>
   </div>
   <div class='ocr_carea' id='block_1_48' title="bbox 2004 2328 3659 2404">
    <p class='ocr_par' dir='ltr' id='par_1_48' title="bbox 2004 2328 3659 2404">
     <span class='ocr_line' id='line_1_48' title="bbox 2004 2328 3659 2404; baseline -0.003 -14"><span class='ocrx_word' id='word_1_329' title='bbox 2004 2336 2139 2401; x_wconf 84' lang='lat' dir='ltr'>Quae</span> <span class='ocrx_word' id='word_1_330' title='bbox 2198 2335 2247 2390; x_wconf 91' lang='lat' dir='ltr'>si</span> <span class='ocrx_word' id='word_1_331' title='bbox 2307 2335 2663 2391; x_wconf 87' lang='lat' dir='ltr'>adderentur</span> <span class='ocrx_word' id='word_1_332' title='bbox 2718 2330 3091 2404; x_wconf 86' lang='lat' dir='ltr'>regularibus</span> <span class='ocrx_word' id='word_1_333' title='bbox 3150 2329 3469 2397; x_wconf 89' lang='lat' dir='ltr'>mensium,</span> <span class='ocrx_word' id='word_1_334' title='bbox 3518 2328 3659 2401; x_wconf 88' lang='lat' dir='ltr'>quia</span> 
     </span>
    </p>
   </div>
   <div class='ocr_carea' id='block_1_49' title="bbox 2002 2419 3660 2487">
    <p class='ocr_par' dir='ltr' id='par_1_49' title="bbox 2002 2419 3660 2487">
     <span class='ocr_line' id='line_1_49' title="bbox 2002 2419 3660 2487; baseline -0.002 -8"><span class='ocrx_word' id='word_1_335' title='bbox 2002 2423 2146 2479; x_wconf 87' lang='lat' dir='ltr'>luna</span> <span class='ocrx_word' id='word_1_336' title='bbox 2173 2424 2334 2480; x_wconf 90' lang='lat' dir='ltr'>hunc</span> <span class='ocrx_word' id='word_1_337' title='bbox 2362 2437 2680 2479; x_wconf 89' lang='lat' dir='ltr'>numerum</span> <span class='ocrx_word' id='word_1_338' title='bbox 2711 2438 2826 2477; x_wconf 89' lang='lat' dir='ltr'>non</span> <span class='ocrx_word' id='word_1_339' title='bbox 2855 2419 3239 2487; x_wconf 86' lang='lat' dir='ltr'>transcendit,</span> <span class='ocrx_word' id='word_1_340' title='bbox 3268 2434 3506 2475; x_wconf 86' lang='lat' dir='ltr'>necesse</span> <span class='ocrx_word' id='word_1_341' title='bbox 3535 2422 3660 2476; x_wconf 88' lang='lat' dir='ltr'>erat</span> 
     </span>
    </p>
   </div>
   <div class='ocr_carea' id='block_1_50' title="bbox 2005 2508 3662 2586">
    <p class='ocr_par' dir='ltr' id='par_1_50' title="bbox 2005 2508 3662 2586">
     <span class='ocr_line' id='line_1_50' title="bbox 2005 2508 3662 2586; baseline -0.004 -16"><span class='ocrx_word' id='word_1_342' title='bbox 2005 2512 2255 2586; x_wconf 90' lang='lat' dir='ltr'>singulis</span> <span class='ocrx_word' id='word_1_343' title='bbox 2278 2511 2583 2569; x_wconf 89' lang='lat' dir='ltr'>mensibus</span> <span class='ocrx_word' id='word_1_344' title='bbox 2602 2511 2806 2568; x_wconf 86' lang='lat' dir='ltr'>eadem</span> <span class='ocrx_word' id='word_1_345' title='bbox 2828 2510 3103 2576; x_wconf 89' lang='lat' dir='ltr'>recidere,</span> <span class='ocrx_word' id='word_1_346' title='bbox 3128 2511 3185 2565; x_wconf 88' lang='lat' dir='ltr'>et</span> <span class='ocrx_word' id='word_1_347' title='bbox 3204 2508 3534 2565; x_wconf 84' lang='lat' dir='ltr'>secundum</span> <span class='ocrx_word' id='word_1_348' title='bbox 3557 2525 3662 2564; x_wconf 91' lang='lat' dir='ltr'>nu-</span> 
     </span>
    </p>
   </div>
   <div class='ocr_carea' id='block_1_51' title="bbox 2006 2596 3663 2674">
    <p class='ocr_par' dir='ltr' id='par_1_51' title="bbox 2006 2596 3663 2674">
     <span class='ocr_line' id='line_1_51' title="bbox 2006 2596 3663 2674; baseline -0.005 -14"><span class='ocrx_word' id='word_1_349' title='bbox 2006 2619 2236 2660; x_wconf 91' lang='lat' dir='ltr'>merum</span> <span class='ocrx_word' id='word_1_350' title='bbox 2258 2601 2618 2674; x_wconf 89' lang='lat' dir='ltr'>regularium</span> <span class='ocrx_word' id='word_1_351' title='bbox 2639 2600 2699 2657; x_wconf 92' lang='lat' dir='ltr'>in</span> <span class='ocrx_word' id='word_1_352' title='bbox 2720 2599 2973 2672; x_wconf 91' lang='lat' dir='ltr'>singulis</span> <span class='ocrx_word' id='word_1_353' title='bbox 2992 2596 3263 2654; x_wconf 84' lang='lat' dir='ltr'>Kalendis</span> <span class='ocrx_word' id='word_1_354' title='bbox 3283 2596 3487 2653; x_wconf 88' lang='lat' dir='ltr'>lunam</span> <span class='ocrx_word' id='word_1_355' title='bbox 3509 2613 3663 2652; x_wconf 87' lang='lat' dir='ltr'>com-</span> 
     </span>
    </p>
   </div>
   <div class='ocr_carea' id='block_1_52' title="bbox 2006 2684 3659 2765">
    <p class='ocr_par' dir='ltr' id='par_1_52' title="bbox 2006 2684 3659 2765">
     <span class='ocr_line' id='line_1_52' title="bbox 2006 2684 3659 2765; baseline -0.004 -18"><span class='ocrx_word' id='word_1_356' title='bbox 2006 2696 2232 2765; x_wconf 90' lang='lat' dir='ltr'>putare.</span> <span class='ocrx_word' id='word_1_357' title='bbox 2265 2690 2525 2764; x_wconf 84' lang='lat' dir='ltr'>Exempli</span> <span class='ocrx_word' id='word_1_358' title='bbox 2575 2706 2774 2758; x_wconf 87' lang='lat' dir='ltr'>causa,</span> <span class='ocrx_word' id='word_1_359' title='bbox 2810 2694 2877 2744; x_wconf 89' lang='lat' dir='ltr'>ut</span> <span class='ocrx_word' id='word_1_360' title='bbox 2923 2687 3033 2744; x_wconf 91' lang='lat' dir='ltr'>hoc</span> <span class='ocrx_word' id='word_1_361' title='bbox 3078 2684 3365 2758; x_wconf 88' lang='lat' dir='ltr'>liquidius</span> <span class='ocrx_word' id='word_1_362' title='bbox 3412 2688 3659 2743; x_wconf 84' lang='lat' dir='ltr'>constet.</span> 
     </span>
    </p>
   </div>
   <div class='ocr_carea' id='block_1_53' title="bbox 2007 2775 3657 2853">
    <p class='ocr_par' dir='ltr' id='par_1_53' title="bbox 2007 2775 3657 2853">
     <span class='ocr_line' id='line_1_53' title="bbox 2007 2775 3657 2853; baseline -0.005 -17"><span class='ocrx_word' id='word_1_363' title='bbox 2007 2781 2350 2853; x_wconf 89' lang='lat' dir='ltr'>September</span> <span class='ocrx_word' id='word_1_364' title='bbox 2384 2780 2563 2836; x_wconf 88' lang='lat' dir='ltr'>habet</span> <span class='ocrx_word' id='word_1_365' title='bbox 2612 2778 2910 2850; x_wconf 88' lang='lat' dir='ltr'>regulares</span> <span class='ocrx_word' id='word_1_366' title='bbox 2938 2794 2994 2832; x_wconf 94' lang='lat' dir='ltr'>v.</span> <span class='ocrx_word' id='word_1_367' title='bbox 3027 2775 3221 2847; x_wconf 86' lang='lat' dir='ltr'>Junge</span> <span class='ocrx_word' id='word_1_368' title='bbox 3262 2778 3502 2846; x_wconf 82' lang='lat' dir='ltr'>epactas</span> <span class='ocrx_word' id='word_1_369' title='bbox 3526 2790 3657 2840; x_wconf 86' lang='lat' dir='ltr'>xxx,</span> 
     </span>
    </p>
   </div>
   <div class='ocr_carea' id='block_1_54' title="bbox 2008 2862 3660 2935">
    <p class='ocr_par' dir='ltr' id='par_1_54' title="bbox 2008 2862 3660 2935">
     <span class='ocr_line' id='line_1_54' title="bbox 2008 2862 3660 2935; baseline -0.004 -11"><span class='ocrx_word' id='word_1_370' title='bbox 2008 2869 2161 2926; x_wconf 81' lang='lat' dir='ltr'>ﬁunt</span> <span class='ocrx_word' id='word_1_371' title='bbox 2184 2886 2352 2925; x_wconf 85' lang='lat' dir='ltr'>xxxv.</span> <span class='ocrx_word' id='word_1_372' title='bbox 2389 2869 2533 2925; x_wconf 89' lang='lat' dir='ltr'>Item</span> <span class='ocrx_word' id='word_1_373' title='bbox 2581 2867 2829 2924; x_wconf 90' lang='lat' dir='ltr'>October</span> <span class='ocrx_word' id='word_1_374' title='bbox 2875 2866 3052 2922; x_wconf 87' lang='lat' dir='ltr'>habet</span> <span class='ocrx_word' id='word_1_375' title='bbox 3099 2862 3398 2935; x_wconf 89' lang='lat' dir='ltr'>regulares</span> <span class='ocrx_word' id='word_1_376' title='bbox 3426 2879 3483 2930; x_wconf 90' lang='lat' dir='ltr'>v,</span> <span class='ocrx_word' id='word_1_377' title='bbox 3511 2862 3660 2918; x_wconf 85' lang='lat' dir='ltr'>adde</span> 
     </span>
    </p>
   </div>
   <div class='ocr_carea' id='block_1_55' title="bbox 2007 2953 3659 3032">
    <p class='ocr_par' dir='ltr' id='par_1_55' title="bbox 2007 2953 3659 3032">
     <span class='ocr_line' id='line_1_55' title="bbox 2007 2953 3659 3032; baseline -0.006 -17"><span class='ocrx_word' id='word_1_378' title='bbox 2007 2963 2243 3032; x_wconf 88' lang='lat' dir='ltr'>epactas</span> <span class='ocrx_word' id='word_1_379' title='bbox 2290 2976 2420 3027; x_wconf 86' lang='lat' dir='ltr'>xxx,</span> <span class='ocrx_word' id='word_1_380' title='bbox 2473 2958 2625 3013; x_wconf 77' lang='lat' dir='ltr'>fiunt</span> <span class='ocrx_word' id='word_1_381' title='bbox 2670 2973 2839 3012; x_wconf 87' lang='lat' dir='ltr'>xxxv.</span> <span class='ocrx_word' id='word_1_382' title='bbox 2873 2953 3037 3011; x_wconf 86' lang='lat' dir='ltr'>Tolle</span> <span class='ocrx_word' id='word_1_383' title='bbox 3081 2970 3212 3020; x_wconf 85' lang='lat' dir='ltr'>xxx,</span> <span class='ocrx_word' id='word_1_384' title='bbox 3256 2954 3562 3008; x_wconf 88' lang='lat' dir='ltr'>remanent</span> <span class='ocrx_word' id='word_1_385' title='bbox 3591 2969 3659 3017; x_wconf 89' lang='lat' dir='ltr'>v;</span> 
     </span>
    </p>
   </div>
   <div class='ocr_carea' id='block_1_56' title="bbox 2009 3040 3661 3116">
    <p class='ocr_par' dir='ltr' id='par_1_56' title="bbox 2009 3040 3661 3116">
     <span class='ocr_line' id='line_1_56' title="bbox 2009 3040 3661 3116; baseline -0.006 -12"><span class='ocrx_word' id='word_1_386' title='bbox 2009 3047 2280 3104; x_wconf 85' lang='lat' dir='ltr'>similiter</span> <span class='ocrx_word' id='word_1_387' title='bbox 2326 3048 2387 3104; x_wconf 88' lang='lat' dir='ltr'>in</span> <span class='ocrx_word' id='word_1_388' title='bbox 2438 3046 2681 3103; x_wconf 67' lang='lat' dir='ltr'>caeteris.</span> <span class='ocrx_word' id='word_1_389' title='bbox 2716 3044 2864 3112; x_wconf 87' lang='lat' dir='ltr'>Quid</span> <span class='ocrx_word' id='word_1_390' title='bbox 2897 3060 3035 3116; x_wconf 88' lang='lat' dir='ltr'>ergo</span> <span class='ocrx_word' id='word_1_391' title='bbox 3067 3057 3306 3099; x_wconf 88' lang='lat' dir='ltr'>necesse</span> <span class='ocrx_word' id='word_1_392' title='bbox 3353 3044 3443 3096; x_wconf 89' lang='lat' dir='ltr'>est</span> <span class='ocrx_word' id='word_1_393' title='bbox 3490 3040 3661 3095; x_wconf 89' lang='lat' dir='ltr'>toties</span> 
     </span>
    </p>
   </div>
   <div class='ocr_carea' id='block_1_57' title="bbox 2010 3127 3664 3194">
    <p class='ocr_par' dir='ltr' id='par_1_57' title="bbox 2010 3127 3664 3194">
     <span class='ocr_line' id='line_1_57' title="bbox 2010 3127 3664 3194; baseline -0.007 -1"><span class='ocrx_word' id='word_1_394' title='bbox 2010 3137 2224 3194; x_wconf 87' lang='lat' dir='ltr'>addere</span> <span class='ocrx_word' id='word_1_395' title='bbox 2252 3152 2363 3193; x_wconf 88' lang='lat' dir='ltr'>xxx</span> <span class='ocrx_word' id='word_1_396' title='bbox 2393 3139 2452 3193; x_wconf 90' lang='lat' dir='ltr'>et</span> <span class='ocrx_word' id='word_1_397' title='bbox 2480 3135 2775 3192; x_wconf 91' lang='lat' dir='ltr'>retrahere</span> <span class='ocrx_word' id='word_1_398' title='bbox 2795 3149 2931 3190; x_wconf 88' lang='lat' dir='ltr'>cum</span> <span class='ocrx_word' id='word_1_399' title='bbox 2960 3130 3189 3188; x_wconf 83' lang='lat' dir='ltr'>lunaris</span> <span class='ocrx_word' id='word_1_400' title='bbox 3213 3133 3355 3186; x_wconf 68' lang='lat' dir='ltr'>tetas</span> <span class='ocrx_word' id='word_1_401' title='bbox 3377 3127 3479 3184; x_wconf 89' lang='lat' dir='ltr'>illo</span> <span class='ocrx_word' id='word_1_402' title='bbox 3509 3144 3664 3184; x_wconf 85' lang='lat' dir='ltr'>anno</span> 
     </span>
    </p>
   </div>
   <div class='ocr_carea' id='block_1_58' title="bbox 2010 3217 3664 3300">
    <p class='ocr_par' dir='ltr' id='par_1_58' title="bbox 2010 3217 3664 3300">
     <span class='ocr_line' id='line_1_58' title="bbox 2010 3217 3664 3300; baseline -0.006 -18"><span class='ocrx_word' id='word_1_403' title='bbox 2010 3242 2114 3298; x_wconf 88' lang='lat' dir='ltr'>per</span> <span class='ocrx_word' id='word_1_404' title='bbox 2142 3224 2410 3300; x_wconf 85' lang='lat' dir='ltr'>singulas</span> <span class='ocrx_word' id='word_1_405' title='bbox 2435 3225 2726 3283; x_wconf 82' lang='lat' dir='ltr'>Kalendas</span> <span class='ocrx_word' id='word_1_406' title='bbox 2746 3237 2994 3280; x_wconf 89' lang='lat' dir='ltr'>numero</span> <span class='ocrx_word' id='word_1_407' title='bbox 3013 3218 3372 3293; x_wconf 89' lang='lat' dir='ltr'>regularium</span> <span class='ocrx_word' id='word_1_408' title='bbox 3400 3217 3664 3274; x_wconf 84' lang='lat' dir='ltr'>constet?</span> 
     </span>
    </p>
   </div>
   <div class='ocr_carea' id='block_1_59' title="bbox 2010 3307 3663 3386">
    <p class='ocr_par' dir='ltr' id='par_1_59' title="bbox 2010 3307 3663 3386">
     <span class='ocr_line' id='line_1_59' title="bbox 2010 3307 3663 3386; baseline -0.007 -15"><span class='ocrx_word' id='word_1_409' title='bbox 2010 3314 2095 3371; x_wconf 89' lang='lat' dir='ltr'>Oh</span> <span class='ocrx_word' id='word_1_410' title='bbox 2126 3315 2236 3372; x_wconf 92' lang='lat' dir='ltr'>hoc</span> <span class='ocrx_word' id='word_1_411' title='bbox 2279 3330 2347 3371; x_wconf 87' lang='lat' dir='ltr'>eo</span> <span class='ocrx_word' id='word_1_412' title='bbox 2378 3331 2533 3371; x_wconf 88' lang='lat' dir='ltr'>anno</span> <span class='ocrx_word' id='word_1_413' title='bbox 2582 3313 2758 3370; x_wconf 62' lang='lat' dir='ltr'>nulla;</span> <span class='ocrx_word' id='word_1_414' title='bbox 2807 3309 3267 3386; x_wconf 82' lang='lat' dir='ltr'>pronuntiantur</span> <span class='ocrx_word' id='word_1_415' title='bbox 3294 3310 3531 3379; x_wconf 56' lang='lat' dir='ltr'>epacta.</span> <span class='ocrx_word' id='word_1_416' title='bbox 3563 3307 3663 3361; x_wconf 90' lang='lat' dir='ltr'>Se-</span> 
     </span>
    </p>
   </div>
   <div class='ocr_carea' id='block_1_60' title="bbox 227 3393 3664 3503">
    <p class='ocr_par' dir='ltr' id='par_1_60' title="bbox 227 3393 3664 3503">
     <span class='ocr_line' id='line_1_60' title="bbox 227 3393 3664 3503; baseline 0 -52"><span class='ocrx_word' id='word_1_417' title='bbox 227 3393 451 3452; x_wconf 88' lang='lat' dir='ltr'>diebus</span> <span class='ocrx_word' id='word_1_418' title='bbox 480 3394 782 3466; x_wconf 86' lang='lat' dir='ltr'>evolvitur,</span> <span class='ocrx_word' id='word_1_419' title='bbox 811 3396 1079 3456; x_wconf 88' lang='lat' dir='ltr'>lunarem</span> <span class='ocrx_word' id='word_1_420' title='bbox 1107 3416 1303 3458; x_wconf 79' lang='lat' dir='ltr'>cccmv</span> <span class='ocrx_word' id='word_1_421' title='bbox 1322 3401 1550 3459; x_wconf 89' lang='lat' dir='ltr'>dierum</span> <span class='ocrx_word' id='word_1_422' title='bbox 1575 3420 1634 3459; x_wconf 83' lang='lat' dir='ltr'>x1</span> <span class='ocrx_word' id='word_1_423' title='bbox 1664 3407 1903 3477; x_wconf 90' lang='lat' dir='ltr'>superat</span> <span class='ocrx_word' id='word_1_424' title='bbox 1933 3408 1993 3503; x_wconf 65' lang='grc' dir='ltr'>α’</span> <span class='ocrx_word' id='word_1_425' title='bbox 2011 3403 2319 3476; x_wconf 89' lang='lat' dir='ltr'>quentium</span> <span class='ocrx_word' id='word_1_426' title='bbox 2350 3403 2579 3460; x_wconf 89' lang='lat' dir='ltr'>dierum</span> <span class='ocrx_word' id='word_1_427' title='bbox 2610 3405 2745 3476; x_wconf 87' lang='lat' dir='ltr'>post</span> <span class='ocrx_word' id='word_1_428' title='bbox 2775 3400 3085 3467; x_wconf 82' lang='lat' dir='ltr'>Kalendas,</span> <span class='ocrx_word' id='word_1_429' title='bbox 3118 3397 3320 3454; x_wconf 89' lang='lat' dir='ltr'>lunam</span> <span class='ocrx_word' id='word_1_430' title='bbox 3350 3395 3463 3452; x_wconf 91' lang='lat' dir='ltr'>hoc</span> <span class='ocrx_word' id='word_1_431' title='bbox 3490 3395 3664 3452; x_wconf 89' lang='lat' dir='ltr'>modo</span> 
     </span>
    </p>
   </div>
   <div class='ocr_carea' id='block_1_61' title="bbox 231 3482 1902 3560">
    <p class='ocr_par' dir='ltr' id='par_1_61' title="bbox 231 3482 1902 3560">
     <span class='ocr_line' id='line_1_61' title="bbox 231 3482 1902 3560; baseline 0.007 -21"><span class='ocrx_word' id='word_1_432' title='bbox 231 3482 474 3541; x_wconf 89' lang='lat' dir='ltr'>diebus.</span> <span class='ocrx_word' id='word_1_433' title='bbox 499 3485 657 3551; x_wconf 85' lang='lat' dir='ltr'>Quos</span> <span class='ocrx_word' id='word_1_434' title='bbox 687 3502 745 3541; x_wconf 87' lang='lat' dir='ltr'>xx</span> <span class='ocrx_word' id='word_1_435' title='bbox 775 3484 920 3556; x_wconf 89' lang='lat' dir='ltr'>dies,</span> <span class='ocrx_word' id='word_1_436' title='bbox 945 3487 1088 3560; x_wconf 89' lang='lat' dir='ltr'>quia</span> <span class='ocrx_word' id='word_1_437' title='bbox 1115 3487 1176 3546; x_wconf 90' lang='lat' dir='ltr'>in</span> <span class='ocrx_word' id='word_1_438' title='bbox 1208 3507 1362 3548; x_wconf 91' lang='lat' dir='ltr'>anno</span> <span class='ocrx_word' id='word_1_439' title='bbox 1392 3508 1500 3549; x_wconf 91' lang='lat' dir='ltr'>suo</span> <span class='ocrx_word' id='word_1_440' title='bbox 1530 3491 1674 3548; x_wconf 88' lang='lat' dir='ltr'>luna</span> <span class='ocrx_word' id='word_1_441' title='bbox 1702 3493 1902 3550; x_wconf 90' lang='lat' dir='ltr'>minus</span> 
     </span>
    </p>
   </div>
   <div class='ocr_carea' id='block_1_62' title="bbox 232 3570 1902 3647">
    <p class='ocr_par' dir='ltr' id='par_1_62' title="bbox 232 3570 1902 3647">
     <span class='ocr_line' id='line_1_62' title="bbox 232 3570 1902 3647; baseline 0.008 -20"><span class='ocrx_word' id='word_1_442' title='bbox 232 3570 699 3647; x_wconf 86' lang='lat' dir='ltr'>habet,singulis</span> <span class='ocrx_word' id='word_1_443' title='bbox 712 3573 882 3633; x_wconf 89' lang='lat' dir='ltr'>annis</span> <span class='ocrx_word' id='word_1_444' title='bbox 898 3576 972 3632; x_wconf 91' lang='lat' dir='ltr'>ad</span> <span class='ocrx_word' id='word_1_445' title='bbox 985 3576 1189 3635; x_wconf 90' lang='lat' dir='ltr'>lunam</span> <span class='ocrx_word' id='word_1_446' title='bbox 1203 3578 1598 3637; x_wconf 84' lang='lat' dir='ltr'>Kalendarum</span> <span class='ocrx_word' id='word_1_447' title='bbox 1609 3581 1902 3639; x_wconf 89' lang='lat' dir='ltr'>invenien-</span> 
     </span>
    </p>
   </div>
   <div class='ocr_carea' id='block_1_63' title="bbox 232 3661 1900 3735">
    <p class='ocr_par' dir='ltr' id='par_1_63' title="bbox 232 3661 1900 3735">
     <span class='ocr_line' id='line_1_63' title="bbox 232 3661 1900 3735; baseline 0.007 -19"><span class='ocrx_word' id='word_1_448' title='bbox 232 3661 376 3717; x_wconf 88' lang='lat' dir='ltr'>dam</span> <span class='ocrx_word' id='word_1_449' title='bbox 408 3678 516 3734; x_wconf 88' lang='lat' dir='ltr'>pro</span> <span class='ocrx_word' id='word_1_450' title='bbox 547 3662 769 3735; x_wconf 88' lang='lat' dir='ltr'>epactis</span> <span class='ocrx_word' id='word_1_451' title='bbox 788 3670 1198 3723; x_wconf 88' lang='lat' dir='ltr'>assumuntur.</span> <span class='ocrx_word' id='word_1_452' title='bbox 1219 3667 1509 3726; x_wconf 90' lang='lat' dir='ltr'>Omnibus</span> <span class='ocrx_word' id='word_1_453' title='bbox 1538 3670 1697 3727; x_wconf 91' lang='lat' dir='ltr'>enim</span> <span class='ocrx_word' id='word_1_454' title='bbox 1729 3670 1900 3727; x_wconf 91' lang='lat' dir='ltr'>annis</span> 
     </span>
    </p>
   </div>
   <div class='ocr_carea' id='block_1_64' title="bbox 229 3750 1900 3833">
    <p class='ocr_par' dir='ltr' id='par_1_64' title="bbox 229 3750 1900 3833">
     <span class='ocr_line' id='line_1_64' title="bbox 229 3750 1900 3833; baseline 0.007 -28"><span class='ocrx_word' id='word_1_455' title='bbox 229 3766 288 3805; x_wconf 90' lang='lat' dir='ltr'>xx</span> <span class='ocrx_word' id='word_1_456' title='bbox 323 3750 634 3807; x_wconf 88' lang='lat' dir='ltr'>adduntur</span> <span class='ocrx_word' id='word_1_457' title='bbox 659 3753 731 3807; x_wconf 89' lang='lat' dir='ltr'>ad</span> <span class='ocrx_word' id='word_1_458' title='bbox 757 3769 1071 3810; x_wconf 90' lang='lat' dir='ltr'>numerum</span> <span class='ocrx_word' id='word_1_459' title='bbox 1092 3761 1453 3829; x_wconf 89' lang='lat' dir='ltr'>epactarum,</span> <span class='ocrx_word' id='word_1_460' title='bbox 1478 3759 1618 3832; x_wconf 90' lang='lat' dir='ltr'>quia</span> <span class='ocrx_word' id='word_1_461' title='bbox 1647 3759 1900 3833; x_wconf 88' lang='lat' dir='ltr'>singulis</span> 
     </span>
    </p>
   </div>
   <div class='ocr_carea' id='block_1_65' title="bbox 230 3839 1899 3923">
    <p class='ocr_par' dir='ltr' id='par_1_65' title="bbox 230 3839 1899 3923">
     <span class='ocr_line' id='line_1_65' title="bbox 230 3839 1899 3923; baseline 0.006 -29"><span class='ocrx_word' id='word_1_462' title='bbox 230 3839 418 3895; x_wconf 87' lang='lat' dir='ltr'>annis</span> <span class='ocrx_word' id='word_1_463' title='bbox 441 3840 647 3896; x_wconf 85' lang='lat' dir='ltr'>eadem</span> <span class='ocrx_word' id='word_1_464' title='bbox 668 3841 865 3898; x_wconf 88' lang='lat' dir='ltr'>existit</span> <span class='ocrx_word' id='word_1_465' title='bbox 890 3859 1178 3902; x_wconf 89' lang='lat' dir='ltr'>annorum</span> <span class='ocrx_word' id='word_1_466' title='bbox 1203 3846 1592 3919; x_wconf 65' lang='lat' dir='ltr'>inaequalitas.</span> <span class='ocrx_word' id='word_1_467' title='bbox 1618 3848 1774 3905; x_wconf 91' lang='lat' dir='ltr'>Pone</span> <span class='ocrx_word' id='word_1_468' title='bbox 1790 3849 1899 3923; x_wconf 88' lang='lat' dir='ltr'>igi-</span> 
     </span>
    </p>
   </div>
   <div class='ocr_carea' id='block_1_66' title="bbox 228 3927 1899 4010">
    <p class='ocr_par' dir='ltr' id='par_1_66' title="bbox 228 3927 1899 4010">
     <span class='ocr_line' id='line_1_66' title="bbox 228 3927 1899 4010; baseline 0.008 -28"><span class='ocrx_word' id='word_1_469' title='bbox 228 3931 332 3983; x_wconf 92' lang='lat' dir='ltr'>tur</span> <span class='ocrx_word' id='word_1_470' title='bbox 362 3927 428 3984; x_wconf 92' lang='lat' dir='ltr'>in</span> <span class='ocrx_word' id='word_1_471' title='bbox 461 3928 653 4001; x_wconf 90' lang='lat' dir='ltr'>capite</span> <span class='ocrx_word' id='word_1_472' title='bbox 680 3935 1019 4003; x_wconf 84' lang='lat' dir='ltr'>epactarum</span> <span class='ocrx_word' id='word_1_473' title='bbox 1057 3951 1135 4001; x_wconf 89' lang='lat' dir='ltr'>xx,</span> <span class='ocrx_word' id='word_1_474' title='bbox 1169 3938 1227 3991; x_wconf 92' lang='lat' dir='ltr'>et</span> <span class='ocrx_word' id='word_1_475' title='bbox 1274 3935 1546 4010; x_wconf 85' lang='lat' dir='ltr'>singulis,</span> <span class='ocrx_word' id='word_1_476' title='bbox 1572 3940 1638 3993; x_wconf 88' lang='lat' dir='ltr'>ut</span> <span class='ocrx_word' id='word_1_477' title='bbox 1673 3937 1899 3995; x_wconf 88' lang='lat' dir='ltr'>dictum</span> 
     </span>
    </p>
   </div>
   <div class='ocr_carea' id='block_1_67' title="bbox 229 4016 1895 4095">
    <p class='ocr_par' dir='ltr' id='par_1_67' title="bbox 229 4016 1895 4095">
     <span class='ocr_line' id='line_1_67' title="bbox 229 4016 1895 4095; baseline 0.007 -23"><span class='ocrx_word' id='word_1_478' title='bbox 229 4021 345 4085; x_wconf 87' lang='lat' dir='ltr'>est,</span> <span class='ocrx_word' id='word_1_479' title='bbox 386 4016 567 4073; x_wconf 89' lang='lat' dir='ltr'>annis</span> <span class='ocrx_word' id='word_1_480' title='bbox 593 4017 797 4075; x_wconf 87' lang='lat' dir='ltr'>itidem</span> <span class='ocrx_word' id='word_1_481' title='bbox 819 4021 969 4078; x_wconf 90' lang='lat' dir='ltr'>adde</span> <span class='ocrx_word' id='word_1_482' title='bbox 998 4039 1056 4078; x_wconf 87' lang='lat' dir='ltr'>xx</span> <span class='ocrx_word' id='word_1_483' title='bbox 1087 4024 1195 4079; x_wconf 90' lang='lat' dir='ltr'>etsi</span> <span class='ocrx_word' id='word_1_484' title='bbox 1219 4024 1373 4082; x_wconf 89' lang='lat' dir='ltr'>ultra</span> <span class='ocrx_word' id='word_1_485' title='bbox 1389 4042 1501 4081; x_wconf 86' lang='lat' dir='ltr'>xxx</span> <span class='ocrx_word' id='word_1_486' title='bbox 1521 4026 1895 4095; x_wconf 82' lang='lat' dir='ltr'>excreverint,</span> 
     </span>
    </p>
   </div>
   <div class='ocr_carea' id='block_1_68' title="bbox 228 4107 1899 4186">
    <p class='ocr_par' dir='ltr' id='par_1_68' title="bbox 228 4107 1899 4186">
     <span class='ocr_line' id='line_1_68' title="bbox 228 4107 1899 4186; baseline 0.007 -25"><span class='ocrx_word' id='word_1_487' title='bbox 228 4120 422 4176; x_wconf 88' lang='lat' dir='ltr'>quem</span> <span class='ocrx_word' id='word_1_488' title='bbox 446 4121 761 4164; x_wconf 88' lang='lat' dir='ltr'>numerum</span> <span class='ocrx_word' id='word_1_489' title='bbox 782 4107 1009 4167; x_wconf 87' lang='lat' dir='ltr'>lunaris</span> <span class='ocrx_word' id='word_1_490' title='bbox 1030 4116 1169 4168; x_wconf 83' lang='lat' dir='ltr'>astas</span> <span class='ocrx_word' id='word_1_491' title='bbox 1190 4129 1494 4186; x_wconf 90' lang='lat' dir='ltr'>nunquam</span> <span class='ocrx_word' id='word_1_492' title='bbox 1526 4115 1766 4183; x_wconf 89' lang='lat' dir='ltr'>excedit,</span> <span class='ocrx_word' id='word_1_493' title='bbox 1788 4133 1899 4172; x_wconf 86' lang='lat' dir='ltr'>xxx</span> 
     </span>
    </p>
   </div>
   <div class='ocr_carea' id='block_1_69' title="bbox 228 4193 1894 4277">
    <p class='ocr_par' dir='ltr' id='par_1_69' title="bbox 228 4193 1894 4277">
     <span class='ocr_line' id='line_1_69' title="bbox 228 4193 1894 4277; baseline 0.005 -27"><span class='ocrx_word' id='word_1_494' title='bbox 228 4193 515 4263; x_wconf 86' lang='lat' dir='ltr'>sublatis,</span> <span class='ocrx_word' id='word_1_495' title='bbox 549 4198 788 4253; x_wconf 78' lang='lat' dir='ltr'>cteteros</span> <span class='ocrx_word' id='word_1_496' title='bbox 819 4196 1032 4255; x_wconf 89' lang='lat' dir='ltr'>habeto</span> <span class='ocrx_word' id='word_1_497' title='bbox 1063 4217 1166 4273; x_wconf 92' lang='lat' dir='ltr'>pro</span> <span class='ocrx_word' id='word_1_498' title='bbox 1199 4201 1439 4274; x_wconf 88' lang='lat' dir='ltr'>epactis.</span> <span class='ocrx_word' id='word_1_499' title='bbox 1462 4202 1635 4259; x_wconf 88' lang='lat' dir='ltr'>Verbi</span> <span class='ocrx_word' id='word_1_500' title='bbox 1666 4204 1854 4277; x_wconf 87' lang='lat' dir='ltr'>gratia</span> <span class='ocrx_word' id='word_1_501' title='bbox 1883 4222 1894 4259; x_wconf 90' lang='lat'><strong>:</strong></span> 
     </span>
    </p>
   </div>
   <div class='ocr_carea' id='block_1_70' title="bbox 228 4283 1898 4365">
    <p class='ocr_par' dir='ltr' id='par_1_70' title="bbox 228 4283 1898 4365">
     <span class='ocr_line' id='line_1_70' title="bbox 228 4283 1898 4365; baseline 0.008 -27"><span class='ocrx_word' id='word_1_502' title='bbox 228 4283 303 4339; x_wconf 86' lang='lat' dir='ltr'>ad</span> <span class='ocrx_word' id='word_1_503' title='bbox 327 4300 390 4340; x_wconf 89' lang='lat' dir='ltr'>xx</span> <span class='ocrx_word' id='word_1_504' title='bbox 414 4283 564 4341; x_wconf 85' lang='lat' dir='ltr'>adde</span> <span class='ocrx_word' id='word_1_505' title='bbox 583 4301 664 4353; x_wconf 87' lang='lat' dir='ltr'>xx,</span> <span class='ocrx_word' id='word_1_506' title='bbox 697 4285 850 4342; x_wconf 81' lang='lat' dir='ltr'>ﬁunt</span> <span class='ocrx_word' id='word_1_507' title='bbox 877 4304 1015 4343; x_wconf 85' lang='lat' dir='ltr'>xxxx.</span> <span class='ocrx_word' id='word_1_508' title='bbox 1042 4289 1160 4346; x_wconf 90' lang='lat' dir='ltr'>Ista</span> <span class='ocrx_word' id='word_1_509' title='bbox 1198 4290 1467 4362; x_wconf 88' lang='lat' dir='ltr'>sequitur</span> <span class='ocrx_word' id='word_1_510' title='bbox 1495 4297 1719 4365; x_wconf 89' lang='lat' dir='ltr'>epacta.</span> <span class='ocrx_word' id='word_1_511' title='bbox 1756 4294 1898 4350; x_wconf 89' lang='lat' dir='ltr'>Item</span> 
     </span>
    </p>
   </div>
   <div class='ocr_carea' id='block_1_71' title="bbox 207 4373 1900 4449">
    <p class='ocr_par' dir='ltr' id='par_1_71' title="bbox 207 4373 1900 4449">
     <span class='ocr_line' id='line_1_71' title="bbox 207 4373 1900 4449; baseline 0.006 -22"><span class='ocrx_word' id='word_1_512' title='bbox 207 4387 353 4428; x_wconf 82' lang='lat' dir='ltr'>xxxx</span> <span class='ocrx_word' id='word_1_513' title='bbox 398 4373 591 4447; x_wconf 89' lang='lat' dir='ltr'>junge</span> <span class='ocrx_word' id='word_1_514' title='bbox 619 4390 698 4442; x_wconf 85' lang='lat' dir='ltr'>xx,</span> <span class='ocrx_word' id='word_1_515' title='bbox 731 4374 883 4432; x_wconf 80' lang='lat' dir='ltr'>fiunt</span> <span class='ocrx_word' id='word_1_516' title='bbox 928 4393 1129 4434; x_wconf 86' lang='lat' dir='ltr'>xxxxxx.</span> <span class='ocrx_word' id='word_1_517' title='bbox 1154 4378 1365 4436; x_wconf 86' lang='lat' dir='ltr'>Recide</span> <span class='ocrx_word' id='word_1_518' title='bbox 1409 4396 1540 4449; x_wconf 88' lang='lat' dir='ltr'>xxx,</span> <span class='ocrx_word' id='word_1_519' title='bbox 1574 4386 1633 4437; x_wconf 89' lang='lat' dir='ltr'>et</span> <span class='ocrx_word' id='word_1_520' title='bbox 1661 4398 1726 4439; x_wconf 92' lang='grc' dir='ltr'>ιιι</span> <span class='ocrx_word' id='word_1_521' title='bbox 1768 4386 1900 4440; x_wconf 91' lang='lat' dir='ltr'>tene</span> 
     </span>
    </p>
   </div>
   <div class='ocr_carea' id='block_1_72' title="bbox 227 4463 1540 4535">
    <p class='ocr_par' dir='ltr' id='par_1_72' title="bbox 227 4463 1540 4535">
     <span class='ocr_line' id='line_1_72' title="bbox 227 4463 1540 4535; baseline 0.005 -19"><span class='ocrx_word' id='word_1_522' title='bbox 227 4475 341 4533; x_wconf 87' lang='lat' dir='ltr'>pro</span> <span class='ocrx_word' id='word_1_523' title='bbox 374 4463 602 4533; x_wconf 86' lang='lat' dir='ltr'>epactis</span> <span class='ocrx_word' id='word_1_524' title='bbox 634 4464 1042 4535; x_wconf 85' lang='lat' dir='ltr'>sequentibus.</span> <span class='ocrx_word' id='word_1_525' title='bbox 1074 4465 1168 4523; x_wconf 91' lang='lat' dir='ltr'>Sic</span> <span class='ocrx_word' id='word_1_526' title='bbox 1196 4467 1268 4523; x_wconf 92' lang='lat' dir='ltr'>de</span> <span class='ocrx_word' id='word_1_527' title='bbox 1297 4470 1540 4526; x_wconf 68' lang='lat' dir='ltr'>cmteris.</span> 
     </span>
    </p>
   </div>
   <div class='ocr_carea' id='block_1_73' title="bbox 879 4580 1273 4641">
    <p class='ocr_par' dir='ltr' id='par_1_73' title="bbox 879 4580 1273 4641">
     <span class='ocr_line' id='line_1_73' title="bbox 879 4580 1273 4641; baseline 0.003 -4"><span class='ocrx_word' id='word_1_528' title='bbox 879 4580 1113 4638; x_wconf 83' lang='lat' dir='ltr'>CAPUT</span> <span class='ocrx_word' id='word_1_529' title='bbox 1153 4581 1273 4641; x_wconf 88' lang='lat' dir='ltr'><strong>XII.</strong></span> 
     </span>
    </p>
   </div>
   <div class='ocr_carea' id='block_1_74' title="bbox 673 4668 1475 4743">
    <p class='ocr_par' dir='ltr' id='par_1_74' title="bbox 673 4668 1475 4743">
     <span class='ocr_line' id='line_1_74' title="bbox 673 4668 1475 4743; baseline 0.002 -18"><span class='ocrx_word' id='word_1_530' title='bbox 673 4668 762 4726; x_wconf 80' lang='lat' dir='ltr'><strong>Ad</strong></span> <span class='ocrx_word' id='word_1_531' title='bbox 787 4669 929 4742; x_wconf 87' lang='lat' dir='ltr'>quid</span> <span class='ocrx_word' id='word_1_532' title='bbox 952 4672 1182 4729; x_wconf 81' lang='lat' dir='ltr'>valeant</span> <span class='ocrx_word' id='word_1_533' title='bbox 1211 4681 1427 4743; x_wconf 78' lang='lat' dir='ltr'>epactaz</span> <span class='ocrx_word' id='word_1_534' title='bbox 1446 4673 1475 4727; x_wconf 89' lang='lat'><strong><em>?</em></strong></span> 
     </span>
    </p>
   </div>
   <div class='ocr_carea' id='block_1_75' title="bbox 300 4763 1976 4875">
    <p class='ocr_par' dir='ltr' id='par_1_75' title="bbox 300 4763 1976 4875">
     <span class='ocr_line' id='line_1_75' title="bbox 300 4763 1976 4875; baseline 0.007 -58"><span class='ocrx_word' id='word_1_535' title='bbox 300 4763 541 4837; x_wconf 69' lang='lat' dir='ltr'>Epactze</span> <span class='ocrx_word' id='word_1_536' title='bbox 574 4765 981 4875; x_wconf 62' lang='lat' dir='ltr'>superioribus</span> <span class='ocrx_word' id='word_1_537' title='bbox 1019 4769 1387 4875; x_wconf 75' lang='lat' dir='ltr'>regularibus</span> <span class='ocrx_word' id='word_1_538' title='bbox 1420 4772 1638 4875; x_wconf 64' lang='lat' dir='ltr'>juncta;</span> <span class='ocrx_word' id='word_1_539' title='bbox 1670 4776 1898 4829; x_wconf 66' lang='lat' dir='ltr'>aetatem</span> <span class='ocrx_word' id='word_1_540' title='bbox 1927 4809 1976 4875; x_wconf 70' lang='grc' dir='ltr'><strong>Β</strong></span> 
     </span>
    </p>
   </div>
   <div class='ocr_carea' id='block_1_76' title="bbox 223 4850 1893 4928">
    <p class='ocr_par' dir='ltr' id='par_1_76' title="bbox 223 4850 1893 4928">
     <span class='ocr_line' id='line_1_76' title="bbox 223 4850 1893 4928; baseline 0.005 -21"><span class='ocrx_word' id='word_1_541' title='bbox 223 4850 391 4908; x_wconf 71' lang='lat' dir='ltr'>luna:</span> <span class='ocrx_word' id='word_1_542' title='bbox 428 4869 532 4926; x_wconf 90' lang='lat' dir='ltr'>per</span> <span class='ocrx_word' id='word_1_543' title='bbox 562 4854 828 4928; x_wconf 89' lang='lat' dir='ltr'>singulas</span> <span class='ocrx_word' id='word_1_544' title='bbox 858 4856 1152 4915; x_wconf 86' lang='lat' dir='ltr'>Kalendas</span> <span class='ocrx_word' id='word_1_545' title='bbox 1184 4861 1503 4917; x_wconf 88' lang='lat' dir='ltr'>ostendunt</span> <span class='ocrx_word' id='word_1_546' title='bbox 1532 4860 1641 4917; x_wconf 91' lang='lat' dir='ltr'>hoc</span> <span class='ocrx_word' id='word_1_547' title='bbox 1670 4863 1844 4919; x_wconf 90' lang='lat' dir='ltr'>modo</span> <span class='ocrx_word' id='word_1_548' title='bbox 1879 4879 1893 4916; x_wconf 90' lang='lat'><strong>:</strong></span> 
     </span>
    </p>
   </div>
   <div class='ocr_carea' id='block_1_77' title="bbox 225 4941 1898 5024">
    <p class='ocr_par' dir='ltr' id='par_1_77' title="bbox 225 4941 1898 5024">
     <span class='ocr_line' id='line_1_77' title="bbox 225 4941 1898 5024; baseline 0.006 -26"><span class='ocrx_word' id='word_1_549' title='bbox 225 4957 410 4998; x_wconf 90' lang='lat' dir='ltr'>sume</span> <span class='ocrx_word' id='word_1_550' title='bbox 432 4941 730 5016; x_wconf 87' lang='lat' dir='ltr'>regulares</span> <span class='ocrx_word' id='word_1_551' title='bbox 749 4945 1039 5018; x_wconf 86' lang='lat' dir='ltr'>cujusque</span> <span class='ocrx_word' id='word_1_552' title='bbox 1056 4949 1300 5017; x_wconf 91' lang='lat' dir='ltr'>mensis,</span> <span class='ocrx_word' id='word_1_553' title='bbox 1316 4952 1371 5004; x_wconf 90' lang='lat' dir='ltr'>et</span> <span class='ocrx_word' id='word_1_554' title='bbox 1388 4948 1481 5005; x_wconf 90' lang='lat' dir='ltr'>his</span> <span class='ocrx_word' id='word_1_555' title='bbox 1497 4949 1646 5005; x_wconf 90' lang='lat' dir='ltr'>adde</span> <span class='ocrx_word' id='word_1_556' title='bbox 1663 4955 1898 5024; x_wconf 85' lang='lat' dir='ltr'>epactas</span> 
     </span>
    </p>
   </div>
   <div class='ocr_carea' id='block_1_78' title="bbox 227 5031 1897 5112">
    <p class='ocr_par' dir='ltr' id='par_1_78' title="bbox 227 5031 1897 5112">
     <span class='ocr_line' id='line_1_78' title="bbox 227 5031 1897 5112; baseline 0.007 -27"><span class='ocrx_word' id='word_1_557' title='bbox 227 5046 366 5103; x_wconf 70' lang='lat' dir='ltr'>qua:</span> <span class='ocrx_word' id='word_1_558' title='bbox 394 5031 636 5088; x_wconf 90' lang='lat' dir='ltr'>fuerunt</span> <span class='ocrx_word' id='word_1_559' title='bbox 650 5032 712 5089; x_wconf 90' lang='lat' dir='ltr'>in</span> <span class='ocrx_word' id='word_1_560' title='bbox 735 5033 832 5091; x_wconf 92' lang='lat' dir='ltr'>illo</span> <span class='ocrx_word' id='word_1_561' title='bbox 851 5052 1285 5109; x_wconf 89' lang='lat' dir='ltr'>anno,quarum</span> <span class='ocrx_word' id='word_1_562' title='bbox 1308 5054 1412 5110; x_wconf 91' lang='lat' dir='ltr'>per</span> <span class='ocrx_word' id='word_1_563' title='bbox 1432 5037 1695 5112; x_wconf 90' lang='lat' dir='ltr'>singulos</span> <span class='ocrx_word' id='word_1_564' title='bbox 1711 5057 1897 5097; x_wconf 91' lang='lat' dir='ltr'>annos</span> 
     </span>
    </p>
   </div>
   <div class='ocr_carea' id='block_1_79' title="bbox 220 5118 1895 5198">
    <p class='ocr_par' dir='ltr' id='par_1_79' title="bbox 220 5118 1895 5198">
     <span class='ocr_line' id='line_1_79' title="bbox 220 5118 1895 5198; baseline 0.008 -26"><span class='ocrx_word' id='word_1_565' title='bbox 220 5118 637 5177; x_wconf 86' lang='lat' dir='ltr'>inventionem</span> <span class='ocrx_word' id='word_1_566' title='bbox 673 5127 808 5196; x_wconf 91' lang='lat' dir='ltr'>post</span> <span class='ocrx_word' id='word_1_567' title='bbox 836 5126 1237 5194; x_wconf 79' lang='lat' dir='ltr'>ostendemus,</span> <span class='ocrx_word' id='word_1_568' title='bbox 1272 5130 1329 5182; x_wconf 88' lang='lat' dir='ltr'>et</span> <span class='ocrx_word' id='word_1_569' title='bbox 1367 5143 1541 5198; x_wconf 89' lang='lat' dir='ltr'>quem</span> <span class='ocrx_word' id='word_1_570' title='bbox 1583 5145 1895 5185; x_wconf 89' lang='lat' dir='ltr'>numerum</span> 
     </span>
    </p>
   </div>
   <div class='ocr_carea' id='block_1_80' title="bbox 224 5208 1896 5284">
    <p class='ocr_par' dir='ltr' id='par_1_80' title="bbox 224 5208 1896 5284">
     <span class='ocr_line' id='line_1_80' title="bbox 224 5208 1896 5284; baseline 0.006 -20"><span class='ocrx_word' id='word_1_571' title='bbox 224 5208 598 5275; x_wconf 78' lang='lat' dir='ltr'>suffecerint,</span> <span class='ocrx_word' id='word_1_572' title='bbox 627 5211 757 5283; x_wconf 86' lang='lat' dir='ltr'>ipsa</span> <span class='ocrx_word' id='word_1_573' title='bbox 785 5216 874 5269; x_wconf 93' lang='lat' dir='ltr'>est</span> <span class='ocrx_word' id='word_1_574' title='bbox 894 5217 1034 5271; x_wconf 65' lang='lat' dir='ltr'>tetas</span> <span class='ocrx_word' id='word_1_575' title='bbox 1066 5214 1218 5271; x_wconf 69' lang='lat' dir='ltr'>lunre</span> <span class='ocrx_word' id='word_1_576' title='bbox 1250 5215 1309 5270; x_wconf 93' lang='lat' dir='ltr'>in</span> <span class='ocrx_word' id='word_1_577' title='bbox 1339 5216 1631 5273; x_wconf 88' lang='lat' dir='ltr'>Kalendis.</span> <span class='ocrx_word' id='word_1_578' title='bbox 1661 5219 1823 5284; x_wconf 89' lang='lat' dir='ltr'>Quod</span> <span class='ocrx_word' id='word_1_579' title='bbox 1848 5219 1896 5274; x_wconf 88' lang='lat' dir='ltr'>si</span> 
     </span>
    </p>
   </div>
   <div class='ocr_carea' id='block_1_81' title="bbox 221 5297 1898 5374">
    <p class='ocr_par' dir='ltr' id='par_1_81' title="bbox 221 5297 1898 5374">
     <span class='ocr_line' id='line_1_81' title="bbox 221 5297 1898 5374; baseline 0.007 -23"><span class='ocrx_word' id='word_1_580' title='bbox 221 5297 620 5355; x_wconf 89' lang='lat' dir='ltr'>tricenarium</span> <span class='ocrx_word' id='word_1_581' title='bbox 644 5302 1017 5371; x_wconf 87' lang='lat' dir='ltr'>excesserint,</span> <span class='ocrx_word' id='word_1_582' title='bbox 1042 5302 1127 5359; x_wconf 89' lang='lat' dir='ltr'>eis</span> <span class='ocrx_word' id='word_1_583' title='bbox 1150 5302 1418 5372; x_wconf 85' lang='lat' dir='ltr'>sublatis,</span> <span class='ocrx_word' id='word_1_584' title='bbox 1443 5308 1586 5374; x_wconf 90' lang='lat' dir='ltr'>quot</span> <span class='ocrx_word' id='word_1_585' title='bbox 1608 5322 1898 5363; x_wconf 83' lang='lat' dir='ltr'>remanse-</span> 
     </span>
    </p>
   </div>
   <div class='ocr_carea' id='block_1_82' title="bbox 224 5385 739 5457">
    <p class='ocr_par' dir='ltr' id='par_1_82' title="bbox 224 5385 739 5457">
     <span class='ocr_line' id='line_1_82' title="bbox 224 5385 739 5457; baseline 0.008 -17"><span class='ocrx_word' id='word_1_586' title='bbox 224 5385 374 5457; x_wconf 89' lang='lat' dir='ltr'>rint,</span> <span class='ocrx_word' id='word_1_587' title='bbox 417 5390 582 5444; x_wconf 87' lang='lat' dir='ltr'>tanta</span> <span class='ocrx_word' id='word_1_588' title='bbox 610 5389 739 5445; x_wconf 91' lang='lat' dir='ltr'>erit.</span> 
     </span>
    </p>
   </div>
   <div class='ocr_carea' id='block_1_83' title="bbox 856 5490 1273 5548">
    <p class='ocr_par' dir='ltr' id='par_1_83' title="bbox 856 5490 1273 5548">
     <span class='ocr_line' id='line_1_83' title="bbox 856 5490 1273 5548; baseline -0.007 -2"><span class='ocrx_word' id='word_1_589' title='bbox 856 5490 1091 5548; x_wconf 88' lang='lat' dir='ltr'><strong>CAPUT</strong></span> <span class='ocrx_word' id='word_1_590' title='bbox 1129 5491 1273 5547; x_wconf 89' lang='lat' dir='ltr'>XIII.</span> 
     </span>
    </p>
   </div>
   <div class='ocr_carea' id='block_1_84' title="bbox 613 5578 1521 5650">
    <p class='ocr_par' dir='ltr' id='par_1_84' title="bbox 613 5578 1521 5650">
     <span class='ocr_line' id='line_1_84' title="bbox 613 5578 1521 5650; baseline 0.001 -15"><span class='ocrx_word' id='word_1_591' title='bbox 613 5580 734 5635; x_wconf 86' lang='lat' dir='ltr'>Cur</span> <span class='ocrx_word' id='word_1_592' title='bbox 758 5595 797 5635; x_wconf 87' lang='lat' dir='ltr'>a</span> <span class='ocrx_word' id='word_1_593' title='bbox 822 5581 1158 5650; x_wconf 82' lang='lat' dir='ltr'>Septembre</span> <span class='ocrx_word' id='word_1_594' title='bbox 1188 5578 1521 5650; x_wconf 83' lang='lat' dir='ltr'>incipiant?</span> 
     </span>
    </p>
   </div>
   <div class='ocr_carea' id='block_1_85' title="bbox 293 5673 1891 5750">
    <p class='ocr_par' dir='ltr' id='par_1_85' title="bbox 293 5673 1891 5750">
     <span class='ocr_line' id='line_1_85' title="bbox 293 5673 1891 5750; baseline 0.004 -21"><span class='ocrx_word' id='word_1_595' title='bbox 293 5673 539 5746; x_wconf 76' lang='lat' dir='ltr'>Epactae</span> <span class='ocrx_word' id='word_1_596' title='bbox 572 5675 696 5733; x_wconf 63' lang='lat' dir='ltr'>ista:</span> <span class='ocrx_word' id='word_1_597' title='bbox 730 5695 864 5736; x_wconf 90' lang='lat' dir='ltr'>cum</span> <span class='ocrx_word' id='word_1_598' title='bbox 906 5679 1031 5736; x_wconf 90' lang='lat' dir='ltr'>suis</span> <span class='ocrx_word' id='word_1_599' title='bbox 1064 5676 1452 5750; x_wconf 88' lang='lat' dir='ltr'>regularibus.</span> <span class='ocrx_word' id='word_1_600' title='bbox 1479 5678 1696 5736; x_wconf 86' lang='lat' dir='ltr'>Idcirco</span> <span class='ocrx_word' id='word_1_601' title='bbox 1728 5696 1763 5735; x_wconf 91' lang='lat' dir='ltr'>a</span> <span class='ocrx_word' id='word_1_602' title='bbox 1793 5680 1891 5736; x_wconf 84' lang='lat' dir='ltr'>Se-</span> 
     </span>
    </p>
   </div>
   <div class='ocr_carea' id='block_1_86' title="bbox 218 5762 1892 5840">
    <p class='ocr_par' dir='ltr' id='par_1_86' title="bbox 218 5762 1892 5840">
     <span class='ocr_line' id='line_1_86' title="bbox 218 5762 1892 5840; baseline 0.005 -23"><span class='ocrx_word' id='word_1_603' title='bbox 218 5762 490 5835; x_wconf 87' lang='lat' dir='ltr'>ptembri</span> <span class='ocrx_word' id='word_1_604' title='bbox 511 5763 749 5823; x_wconf 89' lang='lat' dir='ltr'>initium</span> <span class='ocrx_word' id='word_1_605' title='bbox 772 5771 1038 5838; x_wconf 88' lang='lat' dir='ltr'>sumunt,</span> <span class='ocrx_word' id='word_1_606' title='bbox 1055 5767 1212 5839; x_wconf 89' lang='lat' dir='ltr'>quod</span> <span class='ocrx_word' id='word_1_607' title='bbox 1234 5767 1537 5840; x_wconf 64' lang='lat' dir='ltr'>Egyptus,</span> <span class='ocrx_word' id='word_1_608' title='bbox 1553 5772 1892 5828; x_wconf 64' lang='lat' dir='ltr'>czcterarum</span> 
     </span>
    </p>
   </div>
   <div class='ocr_carea' id='block_1_87' title="bbox 215 5849 1892 5930">
    <p class='ocr_par' dir='ltr' id='par_1_87' title="bbox 215 5849 1892 5930">
     <span class='ocr_line' id='line_1_87' title="bbox 215 5849 1892 5930; baseline 0.007 -25"><span class='ocrx_word' id='word_1_609' title='bbox 215 5849 500 5923; x_wconf 86' lang='lat' dir='ltr'>gentium</span> <span class='ocrx_word' id='word_1_610' title='bbox 523 5853 582 5908; x_wconf 93' lang='lat' dir='ltr'>in</span> <span class='ocrx_word' id='word_1_611' title='bbox 608 5854 718 5912; x_wconf 88' lang='lat' dir='ltr'>hac</span> <span class='ocrx_word' id='word_1_612' title='bbox 744 5861 863 5913; x_wconf 89' lang='lat' dir='ltr'>arte</span> <span class='ocrx_word' id='word_1_613' title='bbox 885 5857 1187 5930; x_wconf 89' lang='lat' dir='ltr'>magistra,</span> <span class='ocrx_word' id='word_1_614' title='bbox 1215 5855 1286 5912; x_wconf 87' lang='lat' dir='ltr'>ab</span> <span class='ocrx_word' id='word_1_615' title='bbox 1308 5854 1418 5911; x_wconf 92' lang='lat' dir='ltr'>hoc</span> <span class='ocrx_word' id='word_1_616' title='bbox 1441 5872 1643 5914; x_wconf 87' lang='lat' dir='ltr'>mense</span> <span class='ocrx_word' id='word_1_617' title='bbox 1670 5875 1892 5916; x_wconf 89' lang='lat' dir='ltr'>annum</span> 
     </span>
    </p>
   </div>
   <div class='ocr_carea' id='block_1_88' title="bbox 212 5938 1891 6017">
    <p class='ocr_par' dir='ltr' id='par_1_88' title="bbox 212 5938 1891 6017">
     <span class='ocr_line' id='line_1_88' title="bbox 212 5938 1891 6017; baseline 0.005 -20"><span class='ocrx_word' id='word_1_618' title='bbox 212 5938 549 6004; x_wconf 88' lang='lat' dir='ltr'>inchoavit.</span> <span class='ocrx_word' id='word_1_619' title='bbox 578 5942 761 6017; x_wconf 89' lang='lat' dir='ltr'>Unde,</span> <span class='ocrx_word' id='word_1_620' title='bbox 795 5945 946 6006; x_wconf 90' lang='lat' dir='ltr'>sicut</span> <span class='ocrx_word' id='word_1_621' title='bbox 977 5946 1252 6007; x_wconf 80' lang='lat' dir='ltr'>Romanae</span> <span class='ocrx_word' id='word_1_622' title='bbox 1293 5944 1660 6016; x_wconf 82' lang='lat' dir='ltr'>antiquitatis</span> <span class='ocrx_word' id='word_1_623' title='bbox 1693 5952 1891 6006; x_wconf 82' lang='lat' dir='ltr'>aucto-</span> 
     </span>
    </p>
   </div>
   <div class='ocr_carea' id='block_1_89' title="bbox 2012 3483 3662 3566">
    <p class='ocr_par' dir='ltr' id='par_1_89' title="bbox 2012 3483 3662 3566">
     <span class='ocr_line' id='line_1_89' title="bbox 2012 3483 3662 3566; baseline -0.007 -16"><span class='ocrx_word' id='word_1_624' title='bbox 2012 3492 2287 3566; x_wconf 90' lang='lat' dir='ltr'>reperies.</span> <span class='ocrx_word' id='word_1_625' title='bbox 2316 3494 2495 3550; x_wconf 89' lang='lat' dir='ltr'>Sume</span> <span class='ocrx_word' id='word_1_626' title='bbox 2524 3491 2920 3565; x_wconf 76' lang='lat' dir='ltr'>praecedentes</span> <span class='ocrx_word' id='word_1_627' title='bbox 2964 3487 3232 3560; x_wconf 85' lang='lat' dir='ltr'>ejusdem</span> <span class='ocrx_word' id='word_1_628' title='bbox 3263 3483 3484 3540; x_wconf 88' lang='lat' dir='ltr'>mensis</span> <span class='ocrx_word' id='word_1_629' title='bbox 3517 3483 3662 3549; x_wconf 90' lang='lat' dir='ltr'>dies,</span> 
     </span>
    </p>
   </div>
   <div class='ocr_carea' id='block_1_90' title="bbox 2012 3570 3666 3649">
    <p class='ocr_par' dir='ltr' id='par_1_90' title="bbox 2012 3570 3666 3649">
     <span class='ocr_line' id='line_1_90' title="bbox 2012 3570 3666 3649; baseline -0.007 -12"><span class='ocrx_word' id='word_1_630' title='bbox 2012 3584 2070 3637; x_wconf 90' lang='lat' dir='ltr'>et</span> <span class='ocrx_word' id='word_1_631' title='bbox 2098 3581 2194 3637; x_wconf 91' lang='lat' dir='ltr'>his</span> <span class='ocrx_word' id='word_1_632' title='bbox 2223 3581 2373 3637; x_wconf 88' lang='lat' dir='ltr'>adde</span> <span class='ocrx_word' id='word_1_633' title='bbox 2402 3584 2633 3637; x_wconf 64' lang='lat' dir='ltr'>aetatem</span> <span class='ocrx_word' id='word_1_634' title='bbox 2676 3579 2830 3636; x_wconf 64' lang='lat' dir='ltr'>luna!</span> <span class='ocrx_word' id='word_1_635' title='bbox 2860 3593 2991 3649; x_wconf 62' lang='lat' dir='ltr'>qua</span> <span class='ocrx_word' id='word_1_636' title='bbox 3022 3574 3136 3631; x_wconf 86' lang='lat' dir='ltr'>fuit</span> <span class='ocrx_word' id='word_1_637' title='bbox 3176 3573 3235 3628; x_wconf 91' lang='lat' dir='ltr'>in</span> <span class='ocrx_word' id='word_1_638' title='bbox 3269 3570 3565 3628; x_wconf 84' lang='lat' dir='ltr'>Kalendis.</span> <span class='ocrx_word' id='word_1_639' title='bbox 3597 3572 3666 3626; x_wconf 89' lang='lat' dir='ltr'>Et</span> 
     </span>
    </p>
   </div>
   <div class='ocr_carea' id='block_1_91' title="bbox 2011 3657 3663 3743">
    <p class='ocr_par' dir='ltr' id='par_1_91' title="bbox 2011 3657 3663 3743">
     <span class='ocr_line' id='line_1_91' title="bbox 2011 3657 3663 3743; baseline -0.008 -18"><span class='ocrx_word' id='word_1_640' title='bbox 2011 3669 2203 3743; x_wconf 89' lang='lat' dir='ltr'>primo</span> <span class='ocrx_word' id='word_1_641' title='bbox 2225 3686 2410 3725; x_wconf 89' lang='lat' dir='ltr'>unum</span> <span class='ocrx_word' id='word_1_642' title='bbox 2433 3668 2588 3724; x_wconf 91' lang='lat' dir='ltr'>diem</span> <span class='ocrx_word' id='word_1_643' title='bbox 2621 3666 3016 3724; x_wconf 82' lang='lat' dir='ltr'>Kalendarum</span> <span class='ocrx_word' id='word_1_644' title='bbox 3038 3664 3226 3729; x_wconf 92' lang='lat' dir='ltr'>deme,</span> <span class='ocrx_word' id='word_1_645' title='bbox 3251 3658 3461 3731; x_wconf 89' lang='lat' dir='ltr'>reliqui</span> <span class='ocrx_word' id='word_1_646' title='bbox 3482 3658 3533 3715; x_wconf 90' lang='lat' dir='ltr'>si</span> <span class='ocrx_word' id='word_1_647' title='bbox 3554 3657 3663 3713; x_wconf 90' lang='lat' dir='ltr'>mi-</span> 
     </span>
    </p>
   </div>
   <div class='ocr_carea' id='block_1_92' title="bbox 2012 3746 3665 3830">
    <p class='ocr_par' dir='ltr' id='par_1_92' title="bbox 2012 3746 3665 3830">
     <span class='ocr_line' id='line_1_92' title="bbox 2012 3746 3665 3830; baseline -0.007 -16"><span class='ocrx_word' id='word_1_648' title='bbox 2012 3775 2125 3814; x_wconf 88' lang='lat' dir='ltr'>nus</span> <span class='ocrx_word' id='word_1_649' title='bbox 2170 3775 2283 3814; x_wconf 90' lang='lat' dir='ltr'>xxx</span> <span class='ocrx_word' id='word_1_650' title='bbox 2330 3757 2565 3823; x_wconf 82' lang='lat' dir='ltr'>fuerint,</span> <span class='ocrx_word' id='word_1_651' title='bbox 2595 3757 2725 3830; x_wconf 89' lang='lat' dir='ltr'>ipsa</span> <span class='ocrx_word' id='word_1_652' title='bbox 2762 3758 2853 3811; x_wconf 88' lang='lat' dir='ltr'>est</span> <span class='ocrx_word' id='word_1_653' title='bbox 2883 3756 3021 3810; x_wconf 71' lang='lat' dir='ltr'>mtas</span> <span class='ocrx_word' id='word_1_654' title='bbox 3049 3751 3226 3807; x_wconf 65' lang='lat' dir='ltr'>luna.</span> <span class='ocrx_word' id='word_1_655' title='bbox 3260 3748 3320 3805; x_wconf 89' lang='lat' dir='ltr'>Si</span> <span class='ocrx_word' id='word_1_656' title='bbox 3370 3746 3528 3804; x_wconf 86' lang='lat' dir='ltr'>ultra</span> <span class='ocrx_word' id='word_1_657' title='bbox 3551 3764 3665 3802; x_wconf 86' lang='lat' dir='ltr'>xxx</span> 
     </span>
    </p>
   </div>
   <div class='ocr_carea' id='block_1_93' title="bbox 2011 3835 3663 3920">
    <p class='ocr_par' dir='ltr' id='par_1_93' title="bbox 2011 3835 3663 3920">
     <span class='ocr_line' id='line_1_93' title="bbox 2011 3835 3663 3920; baseline -0.007 -16"><span class='ocrx_word' id='word_1_658' title='bbox 2011 3846 2422 3920; x_wconf 84' lang='lat' dir='ltr'>processerint,</span> <span class='ocrx_word' id='word_1_659' title='bbox 2454 3845 2574 3902; x_wconf 91' lang='lat' dir='ltr'>illis</span> <span class='ocrx_word' id='word_1_660' title='bbox 2604 3843 2857 3901; x_wconf 85' lang='lat' dir='ltr'>sublatis</span> <span class='ocrx_word' id='word_1_661' title='bbox 2887 3841 2989 3915; x_wconf 92' lang='lat' dir='ltr'>qui</span> <span class='ocrx_word' id='word_1_662' title='bbox 3020 3837 3438 3912; x_wconf 85' lang='lat' dir='ltr'>superluerint,</span> <span class='ocrx_word' id='word_1_663' title='bbox 3472 3835 3663 3909; x_wconf 90' lang='lat' dir='ltr'>ipsam</span> 
     </span>
    </p>
   </div>
   <div class='ocr_carea' id='block_1_94' title="bbox 2010 3925 3664 4007">
    <p class='ocr_par' dir='ltr' id='par_1_94' title="bbox 2010 3925 3664 4007">
     <span class='ocr_line' id='line_1_94' title="bbox 2010 3925 3664 4007; baseline -0.008 -15"><span class='ocrx_word' id='word_1_664' title='bbox 2010 3940 2239 3992; x_wconf 64' lang='lat' dir='ltr'>(etatem</span> <span class='ocrx_word' id='word_1_665' title='bbox 2262 3935 2414 3991; x_wconf 63' lang='lat' dir='ltr'>luna;</span> <span class='ocrx_word' id='word_1_666' title='bbox 2436 3935 2702 4007; x_wconf 91' lang='lat' dir='ltr'>prodent.</span> <span class='ocrx_word' id='word_1_667' title='bbox 2726 3936 2846 3988; x_wconf 86' lang='lat' dir='ltr'>Hoc</span> <span class='ocrx_word' id='word_1_668' title='bbox 2867 3934 3101 3987; x_wconf 88' lang='lat' dir='ltr'>tantum</span> <span class='ocrx_word' id='word_1_669' title='bbox 3124 3925 3504 3984; x_wconf 88' lang='lat' dir='ltr'>considerans</span> <span class='ocrx_word' id='word_1_670' title='bbox 3528 3928 3594 3981; x_wconf 92' lang='lat' dir='ltr'>ut</span> <span class='ocrx_word' id='word_1_671' title='bbox 3614 3925 3664 3982; x_wconf 90' lang='lat' dir='ltr'>si</span> 
     </span>
    </p>
   </div>
   <div class='ocr_carea' id='block_1_95' title="bbox 2010 4016 3661 4089">
    <p class='ocr_par' dir='ltr' id='par_1_95' title="bbox 2010 4016 3661 4089">
     <span class='ocr_line' id='line_1_95' title="bbox 2010 4016 3661 4089; baseline -0.007 -8"><span class='ocrx_word' id='word_1_672' title='bbox 2010 4023 2233 4081; x_wconf 90' lang='lat' dir='ltr'>mensis</span> <span class='ocrx_word' id='word_1_673' title='bbox 2263 4023 2361 4080; x_wconf 90' lang='lat' dir='ltr'>ille</span> <span class='ocrx_word' id='word_1_674' title='bbox 2390 4041 2500 4080; x_wconf 84' lang='lat' dir='ltr'>xxx</span> <span class='ocrx_word' id='word_1_675' title='bbox 2531 4024 2641 4079; x_wconf 87' lang='lat' dir='ltr'>fert</span> <span class='ocrx_word' id='word_1_676' title='bbox 2687 4022 2912 4089; x_wconf 89' lang='lat' dir='ltr'>lunam,</span> <span class='ocrx_word' id='word_1_677' title='bbox 2944 4035 3086 4086; x_wconf 88' lang='lat' dir='ltr'>xxx;</span> <span class='ocrx_word' id='word_1_678' title='bbox 3136 4016 3229 4073; x_wconf 91' lang='lat' dir='ltr'>sin</span> <span class='ocrx_word' id='word_1_679' title='bbox 3280 4018 3478 4072; x_wconf 89' lang='lat' dir='ltr'>autem</span> <span class='ocrx_word' id='word_1_680' title='bbox 3509 4031 3661 4081; x_wconf 85' lang='lat' dir='ltr'>xxxx,</span> 
     </span>
    </p>
   </div>
   <div class='ocr_carea' id='block_1_96' title="bbox 2010 4108 3076 4187">
    <p class='ocr_par' dir='ltr' id='par_1_96' title="bbox 2010 4108 3076 4187">
     <span class='ocr_line' id='line_1_96' title="bbox 2010 4108 3076 4187; baseline -0.008 -17"><span class='ocrx_word' id='word_1_681' title='bbox 2010 4130 2174 4187; x_wconf 75' lang='lat' dir='ltr'>teque</span> <span class='ocrx_word' id='word_1_682' title='bbox 2201 4130 2335 4170; x_wconf 87' lang='lat' dir='ltr'>xxxx</span> <span class='ocrx_word' id='word_1_683' title='bbox 2365 4113 2435 4168; x_wconf 92' lang='lat' dir='ltr'>de</span> <span class='ocrx_word' id='word_1_684' title='bbox 2469 4128 2708 4168; x_wconf 88' lang='lat' dir='ltr'>summa</span> <span class='ocrx_word' id='word_1_685' title='bbox 2737 4108 3076 4168; x_wconf 87' lang='lat' dir='ltr'>subtrahas.</span> 
     </span>
    </p>
   </div>
   <div class='ocr_carea' id='block_1_97' title="bbox 2639 4213 3028 4275">
    <p class='ocr_par' dir='ltr' id='par_1_97' title="bbox 2639 4213 3028 4275">
     <span class='ocr_line' id='line_1_97' title="bbox 2639 4213 3028 4275; baseline -0.015 0"><span class='ocrx_word' id='word_1_686' title='bbox 2639 4216 2873 4275; x_wconf 89' lang='lat' dir='ltr'><strong>CAPUT</strong></span> <span class='ocrx_word' id='word_1_687' title='bbox 2911 4213 3028 4270; x_wconf 87' lang='lat' dir='ltr'>XV.</span> 
     </span>
    </p>
   </div>
   <div class='ocr_carea' id='block_1_98' title="bbox 2223 4299 3447 4381">
    <p class='ocr_par' dir='ltr' id='par_1_98' title="bbox 2223 4299 3447 4381">
     <span class='ocr_line' id='line_1_98' title="bbox 2223 4299 3447 4381; baseline -0.016 -12"><span class='ocrx_word' id='word_1_688' title='bbox 2223 4308 2518 4380; x_wconf 79' lang='lat' dir='ltr'>Quomodo</span> <span class='ocrx_word' id='word_1_689' title='bbox 2555 4306 2812 4381; x_wconf 74' lang='lat' dir='ltr'>quotidie</span> <span class='ocrx_word' id='word_1_690' title='bbox 2843 4305 2981 4362; x_wconf 75' lang='lat' dir='ltr'>(una</span> <span class='ocrx_word' id='word_1_691' title='bbox 3011 4299 3447 4372; x_wconf 75' lang='lat' dir='ltr'>pronuntietur.</span> 
     </span>
    </p>
   </div>
   <div class='ocr_carea' id='block_1_99' title="bbox 2081 4392 3663 4481">
    <p class='ocr_par' dir='ltr' id='par_1_99' title="bbox 2081 4392 3663 4481">
     <span class='ocr_line' id='line_1_99' title="bbox 2081 4392 3663 4481; baseline -0.011 -16"><span class='ocrx_word' id='word_1_692' title='bbox 2081 4408 2142 4465; x_wconf 91' lang='lat' dir='ltr'>Si</span> <span class='ocrx_word' id='word_1_693' title='bbox 2175 4425 2277 4481; x_wconf 90' lang='lat' dir='ltr'>per</span> <span class='ocrx_word' id='word_1_694' title='bbox 2309 4407 2446 4464; x_wconf 91' lang='lat' dir='ltr'>anni</span> <span class='ocrx_word' id='word_1_695' title='bbox 2478 4406 2603 4464; x_wconf 91' lang='lat' dir='ltr'>dies</span> <span class='ocrx_word' id='word_1_696' title='bbox 2632 4405 2691 4461; x_wconf 91' lang='lat' dir='ltr'>id</span> <span class='ocrx_word' id='word_1_697' title='bbox 2722 4405 2919 4478; x_wconf 91' lang='lat' dir='ltr'>ipsum</span> <span class='ocrx_word' id='word_1_698' title='bbox 2959 4396 3308 4469; x_wconf 88' lang='lat' dir='ltr'>investigare</span> <span class='ocrx_word' id='word_1_699' title='bbox 3340 4392 3529 4481; x_wconf 88' lang='lat' dir='ltr'>cupis,</span> <span class='ocrx_word' id='word_1_700' title='bbox 3565 4409 3663 4449; x_wconf 89' lang='lat' dir='ltr'>su-</span> 
     </span>
    </p>
   </div>
   <div class='ocr_carea' id='block_1_100' title="bbox 2011 4480 3664 4569">
    <p class='ocr_par' dir='ltr' id='par_1_100' title="bbox 2011 4480 3664 4569">
     <span class='ocr_line' id='line_1_100' title="bbox 2011 4480 3664 4569; baseline -0.011 -14"><span class='ocrx_word' id='word_1_701' title='bbox 2011 4514 2105 4554; x_wconf 87' lang='lat' dir='ltr'>me</span> <span class='ocrx_word' id='word_1_702' title='bbox 2131 4480 2335 4554; x_wconf 83' lang='lat' dir='ltr'>omnes</span> <span class='ocrx_word' id='word_1_703' title='bbox 2366 4495 2689 4569; x_wconf 69' lang='lat' dir='ltr'>prmterx’tos</span> <span class='ocrx_word' id='word_1_704' title='bbox 2739 4491 2877 4550; x_wconf 87' lang='lat' dir='ltr'>anni</span> <span class='ocrx_word' id='word_1_705' title='bbox 2925 4489 3068 4556; x_wconf 90' lang='lat' dir='ltr'>dies,</span> <span class='ocrx_word' id='word_1_706' title='bbox 3104 4486 3161 4542; x_wconf 93' lang='lat' dir='ltr'>id</span> <span class='ocrx_word' id='word_1_707' title='bbox 3208 4488 3298 4541; x_wconf 91' lang='lat' dir='ltr'>est</span> <span class='ocrx_word' id='word_1_708' title='bbox 3324 4500 3359 4540; x_wconf 89' lang='lat' dir='ltr'>a</span> <span class='ocrx_word' id='word_1_709' title='bbox 3388 4480 3664 4538; x_wconf 88' lang='lat' dir='ltr'>Kalendis</span> 
     </span>
    </p>
   </div>
   <div class='ocr_carea' id='block_1_101' title="bbox 2008 4570 3663 4658">
    <p class='ocr_par' dir='ltr' id='par_1_101' title="bbox 2008 4570 3663 4658">
     <span class='ocr_line' id='line_1_101' title="bbox 2008 4570 3663 4658; baseline -0.012 -14"><span class='ocrx_word' id='word_1_710' title='bbox 2008 4586 2275 4644; x_wconf 83' lang='lat' dir='ltr'>Januarii</span> <span class='ocrx_word' id='word_1_711' title='bbox 2306 4601 2493 4658; x_wconf 91' lang='lat' dir='ltr'>usque</span> <span class='ocrx_word' id='word_1_712' title='bbox 2523 4583 2584 4640; x_wconf 90' lang='lat' dir='ltr'>in</span> <span class='ocrx_word' id='word_1_713' title='bbox 2613 4584 2767 4640; x_wconf 91' lang='lat' dir='ltr'>diem</span> <span class='ocrx_word' id='word_1_714' title='bbox 2792 4582 2851 4637; x_wconf 89' lang='lat' dir='ltr'>in</span> <span class='ocrx_word' id='word_1_715' title='bbox 2876 4595 2992 4652; x_wconf 92' lang='lat' dir='ltr'>quo</span> <span class='ocrx_word' id='word_1_716' title='bbox 3013 4572 3283 4648; x_wconf 89' lang='lat' dir='ltr'>requiris,</span> <span class='ocrx_word' id='word_1_717' title='bbox 3309 4570 3508 4629; x_wconf 86' lang='lat' dir='ltr'>addita</span> <span class='ocrx_word' id='word_1_718' title='bbox 3529 4573 3663 4625; x_wconf 72' lang='lat' dir='ltr'>tcta-</span> 
     </span>
    </p>
   </div>
   <div class='ocr_carea' id='block_1_102' title="bbox 2010 4658 3664 4747">
    <p class='ocr_par' dir='ltr' id='par_1_102' title="bbox 2010 4658 3664 4747">
     <span class='ocr_line' id='line_1_102' title="bbox 2010 4658 3664 4747; baseline -0.012 -15"><span class='ocrx_word' id='word_1_719' title='bbox 2010 4680 2067 4732; x_wconf 89' lang='lat' dir='ltr'>te</span> <span class='ocrx_word' id='word_1_720' title='bbox 2096 4675 2249 4732; x_wconf 70' lang='lat' dir='ltr'>luna:</span> <span class='ocrx_word' id='word_1_721' title='bbox 2280 4691 2409 4747; x_wconf 70' lang='lat' dir='ltr'>quae</span> <span class='ocrx_word' id='word_1_722' title='bbox 2441 4674 2553 4730; x_wconf 88' lang='lat' dir='ltr'>fuit</span> <span class='ocrx_word' id='word_1_723' title='bbox 2592 4672 2654 4729; x_wconf 87' lang='lat' dir='ltr'>in</span> <span class='ocrx_word' id='word_1_724' title='bbox 2685 4670 2831 4745; x_wconf 89' lang='lat' dir='ltr'>ipsis</span> <span class='ocrx_word' id='word_1_725' title='bbox 2863 4664 3137 4725; x_wconf 85' lang='lat' dir='ltr'>Kalendis</span> <span class='ocrx_word' id='word_1_726' title='bbox 3167 4659 3454 4729; x_wconf 88' lang='lat' dir='ltr'>Januarii,</span> <span class='ocrx_word' id='word_1_727' title='bbox 3487 4663 3545 4715; x_wconf 93' lang='lat' dir='ltr'>et</span> <span class='ocrx_word' id='word_1_728' title='bbox 3575 4658 3664 4713; x_wconf 89' lang='lat' dir='ltr'>in-</span> 
     </span>
    </p>
   </div>
   <div class='ocr_carea' id='block_1_103' title="bbox 2011 4747 3666 4837">
    <p class='ocr_par' dir='ltr' id='par_1_103' title="bbox 2011 4747 3666 4837">
     <span class='ocr_line' id='line_1_103' title="bbox 2011 4747 3666 4837; baseline -0.011 -17"><span class='ocrx_word' id='word_1_729' title='bbox 2011 4762 2219 4837; x_wconf 89' lang='lat' dir='ltr'>primis</span> <span class='ocrx_word' id='word_1_730' title='bbox 2249 4779 2435 4820; x_wconf 90' lang='lat' dir='ltr'>unum</span> <span class='ocrx_word' id='word_1_731' title='bbox 2467 4759 2749 4819; x_wconf 89' lang='lat' dir='ltr'>subtrahe</span> <span class='ocrx_word' id='word_1_732' title='bbox 2797 4760 3032 4832; x_wconf 89' lang='lat' dir='ltr'>propter</span> <span class='ocrx_word' id='word_1_733' title='bbox 3072 4750 3381 4811; x_wconf 88' lang='lat' dir='ltr'>Kalendas.</span> <span class='ocrx_word' id='word_1_734' title='bbox 3417 4747 3666 4804; x_wconf 77' lang='lat' dir='ltr'>Caeteros</span> 
     </span>
    </p>
   </div>
   <div class='ocr_carea' id='block_1_104' title="bbox 2006 4838 3663 4921">
    <p class='ocr_par' dir='ltr' id='par_1_104' title="bbox 2006 4838 3663 4921">
     <span class='ocr_line' id='line_1_104' title="bbox 2006 4838 3663 4921; baseline -0.011 -13"><span class='ocrx_word' id='word_1_735' title='bbox 2006 4852 2055 4909; x_wconf 90' lang='lat' dir='ltr'>si</span> <span class='ocrx_word' id='word_1_736' title='bbox 2086 4852 2158 4908; x_wconf 87' lang='lat' dir='ltr'>ad</span> <span class='ocrx_word' id='word_1_737' title='bbox 2191 4851 2300 4907; x_wconf 93' lang='lat' dir='ltr'>hoc</span> <span class='ocrx_word' id='word_1_738' title='bbox 2320 4849 2695 4915; x_wconf 76' lang='lat' dir='ltr'>excreverint,</span> <span class='ocrx_word' id='word_1_739' title='bbox 2720 4864 2824 4921; x_wconf 90' lang='lat' dir='ltr'>per</span> <span class='ocrx_word' id='word_1_740' title='bbox 2846 4862 2938 4902; x_wconf 86' lang='lat' dir='ltr'>Lxx</span> <span class='ocrx_word' id='word_1_741' title='bbox 2959 4842 3196 4917; x_wconf 88' lang='lat' dir='ltr'>partire,</span> <span class='ocrx_word' id='word_1_742' title='bbox 3222 4839 3324 4912; x_wconf 91' lang='lat' dir='ltr'>qui</span> <span class='ocrx_word' id='word_1_743' title='bbox 3356 4840 3496 4894; x_wconf 91' lang='lat' dir='ltr'>sunt</span> <span class='ocrx_word' id='word_1_744' title='bbox 3518 4838 3663 4892; x_wconf 82' lang='lat' dir='ltr'>dua-</span> 
     </span>
    </p>
   </div>
   <div class='ocr_carea' id='block_1_105' title="bbox 2007 4924 3661 5008">
    <p class='ocr_par' dir='ltr' id='par_1_105' title="bbox 2007 4924 3661 5008">
     <span class='ocr_line' id='line_1_105' title="bbox 2007 4924 3661 5008; baseline -0.011 -12"><span class='ocrx_word' id='word_1_745' title='bbox 2007 4956 2138 4996; x_wconf 91' lang='lat' dir='ltr'>rum</span> <span class='ocrx_word' id='word_1_746' title='bbox 2167 4938 2542 4994; x_wconf 86' lang='lat' dir='ltr'>lunationum</span> <span class='ocrx_word' id='word_1_747' title='bbox 2576 4937 2729 5003; x_wconf 90' lang='lat' dir='ltr'>dies;</span> <span class='ocrx_word' id='word_1_748' title='bbox 2784 4933 2884 5008; x_wconf 90' lang='lat' dir='ltr'>qui</span> <span class='ocrx_word' id='word_1_749' title='bbox 2916 4935 3140 4989; x_wconf 87' lang='lat' dir='ltr'>restant</span> <span class='ocrx_word' id='word_1_750' title='bbox 3187 4929 3478 5000; x_wconf 88' lang='lat' dir='ltr'>cujusque</span> <span class='ocrx_word' id='word_1_751' title='bbox 3522 4924 3661 4991; x_wconf 91' lang='lat' dir='ltr'>diei,</span> 
     </span>
    </p>
   </div>
   <div class='ocr_carea' id='block_1_106' title="bbox 2005 5020 3666 5099">
    <p class='ocr_par' dir='ltr' id='par_1_106' title="bbox 2005 5020 3666 5099">
     <span class='ocr_line' id='line_1_106' title="bbox 2005 5020 3666 5099; baseline -0.011 -14"><span class='ocrx_word' id='word_1_752' title='bbox 2005 5029 2157 5086; x_wconf 68' lang='lat' dir='ltr'>luna:</span> <span class='ocrx_word' id='word_1_753' title='bbox 2190 5030 2419 5084; x_wconf 64' lang='lat' dir='ltr'>aetatem</span> <span class='ocrx_word' id='word_1_754' title='bbox 2455 5025 2743 5099; x_wconf 86' lang='lat' dir='ltr'>pandunt.</span> <span class='ocrx_word' id='word_1_755' title='bbox 2779 5023 2943 5090; x_wconf 89' lang='lat' dir='ltr'>Quod</span> <span class='ocrx_word' id='word_1_756' title='bbox 2993 5020 3044 5077; x_wconf 92' lang='lat' dir='ltr'>si</span> <span class='ocrx_word' id='word_1_757' title='bbox 3092 5022 3213 5081; x_wconf 88' lang='lat' dir='ltr'>toto</span> <span class='ocrx_word' id='word_1_758' title='bbox 3265 5029 3513 5071; x_wconf 89' lang='lat' dir='ltr'>numero</span> <span class='ocrx_word' id='word_1_759' title='bbox 3562 5030 3666 5085; x_wconf 87' lang='lat' dir='ltr'>per</span> 
     </span>
    </p>
   </div>
   <div class='ocr_carea' id='block_1_107' title="bbox 2006 5102 3662 5189">
    <p class='ocr_par' dir='ltr' id='par_1_107' title="bbox 2006 5102 3662 5189">
     <span class='ocr_line' id='line_1_107' title="bbox 2006 5102 3662 5189; baseline -0.011 -15"><span class='ocrx_word' id='word_1_760' title='bbox 2006 5135 2098 5174; x_wconf 85' lang='lat' dir='ltr'>Lxx</span> <span class='ocrx_word' id='word_1_761' title='bbox 2124 5131 2376 5189; x_wconf 87' lang='lat' dir='ltr'>expenso</span> <span class='ocrx_word' id='word_1_762' title='bbox 2416 5114 2499 5170; x_wconf 90' lang='lat' dir='ltr'>nil</span> <span class='ocrx_word' id='word_1_763' title='bbox 2552 5112 2927 5187; x_wconf 85' lang='lat' dir='ltr'>superfuerit,</span> <span class='ocrx_word' id='word_1_764' title='bbox 2960 5109 3048 5165; x_wconf 93' lang='lat' dir='ltr'>vel</span> <span class='ocrx_word' id='word_1_765' title='bbox 3099 5106 3202 5180; x_wconf 91' lang='lat' dir='ltr'>qui</span> <span class='ocrx_word' id='word_1_766' title='bbox 3252 5102 3662 5169; x_wconf 86' lang='lat' dir='ltr'>remanserint,</span> 
     </span>
    </p>
   </div>
   <div class='ocr_carea' id='block_1_108' title="bbox 2005 5196 3664 5269">
    <p class='ocr_par' dir='ltr' id='par_1_108' title="bbox 2005 5196 3664 5269">
     <span class='ocr_line' id='line_1_108' title="bbox 2005 5196 3664 5269; baseline -0.011 -7"><span class='ocrx_word' id='word_1_767' title='bbox 2005 5202 2385 5269; x_wconf 84' lang='lat' dir='ltr'>tricenarium</span> <span class='ocrx_word' id='word_1_768' title='bbox 2437 5220 2751 5259; x_wconf 89' lang='lat' dir='ltr'>numerum</span> <span class='ocrx_word' id='word_1_769' title='bbox 2802 5196 3177 5264; x_wconf 81' lang='lat' dir='ltr'>excesserint,</span> <span class='ocrx_word' id='word_1_770' title='bbox 3211 5196 3285 5250; x_wconf 87' lang='lat' dir='ltr'>ad</span> <span class='ocrx_word' id='word_1_771' title='bbox 3330 5210 3417 5249; x_wconf 79' lang='lat' dir='ltr'>1.1x</span> <span class='ocrx_word' id='word_1_772' title='bbox 3467 5196 3664 5247; x_wconf 86' lang='lat' dir='ltr'>tamen</span> 
     </span>
    </p>
   </div>
   <div class='ocr_carea' id='block_1_109' title="bbox 2005 5280 3661 5366">
    <p class='ocr_par' dir='ltr' id='par_1_109' title="bbox 2005 5280 3661 5366">
     <span class='ocr_line' id='line_1_109' title="bbox 2005 5280 3661 5366; baseline -0.011 -16"><span class='ocrx_word' id='word_1_773' title='bbox 2005 5313 2121 5352; x_wconf 88' lang='lat' dir='ltr'>non</span> <span class='ocrx_word' id='word_1_774' title='bbox 2176 5293 2564 5366; x_wconf 87' lang='lat' dir='ltr'>pervenerint,</span> <span class='ocrx_word' id='word_1_775' title='bbox 2609 5290 2860 5347; x_wconf 82' lang='lat' dir='ltr'>sublatis</span> <span class='ocrx_word' id='word_1_776' title='bbox 2902 5305 3030 5353; x_wconf 84' lang='lat' dir='ltr'>xxx,</span> <span class='ocrx_word' id='word_1_777' title='bbox 3063 5290 3207 5358; x_wconf 71' lang='lat' dir='ltr'>quot</span> <span class='ocrx_word' id='word_1_778' title='bbox 3252 5280 3661 5343; x_wconf 83' lang='lat' dir='ltr'>remanserint,</span> 
     </span>
    </p>
   </div>
   <div class='ocr_carea' id='block_1_110' title="bbox 2004 5369 3659 5457">
    <p class='ocr_par' dir='ltr' id='par_1_110' title="bbox 2004 5369 3659 5457">
     <span class='ocr_line' id='line_1_110' title="bbox 2004 5369 3659 5457; baseline -0.012 -17"><span class='ocrx_word' id='word_1_779' title='bbox 2004 5384 2134 5457; x_wconf 88' lang='lat' dir='ltr'>ipsa</span> <span class='ocrx_word' id='word_1_780' title='bbox 2163 5385 2303 5437; x_wconf 71' lang='lat' dir='ltr'>tetas</span> <span class='ocrx_word' id='word_1_781' title='bbox 2323 5380 2476 5436; x_wconf 64' lang='lat' dir='ltr'>luna:</span> <span class='ocrx_word' id='word_1_782' title='bbox 2499 5384 2606 5438; x_wconf 86' lang='lat' dir='ltr'>est.</span> <span class='ocrx_word' id='word_1_783' title='bbox 2634 5380 2694 5437; x_wconf 90' lang='lat' dir='ltr'>In</span> <span class='ocrx_word' id='word_1_784' title='bbox 2718 5381 2829 5435; x_wconf 92' lang='lat' dir='ltr'>hoc</span> <span class='ocrx_word' id='word_1_785' title='bbox 2862 5377 3212 5451; x_wconf 89' lang='lat' dir='ltr'>argumento</span> <span class='ocrx_word' id='word_1_786' title='bbox 3244 5369 3483 5428; x_wconf 88' lang='lat' dir='ltr'>bissexti</span> <span class='ocrx_word' id='word_1_787' title='bbox 3506 5369 3659 5423; x_wconf 85' lang='lat' dir='ltr'>diem</span> 
     </span>
    </p>
   </div>
   <div class='ocr_carea' id='block_1_111' title="bbox 2005 5469 2517 5530">
    <p class='ocr_par' dir='ltr' id='par_1_111' title="bbox 2005 5469 2517 5530">
     <span class='ocr_line' id='line_1_111' title="bbox 2005 5469 2517 5530; baseline -0.008 -1"><span class='ocrx_word' id='word_1_788' title='bbox 2005 5490 2121 5530; x_wconf 90' lang='lat' dir='ltr'>non</span> <span class='ocrx_word' id='word_1_789' title='bbox 2154 5469 2517 5528; x_wconf 87' lang='lat' dir='ltr'>numerabis.</span> 
     </span>
    </p>
   </div>
   <div class='ocr_carea' id='block_1_112' title="bbox 2625 5564 3039 5624">
    <p class='ocr_par' dir='ltr' id='par_1_112' title="bbox 2625 5564 3039 5624">
     <span class='ocr_line' id='line_1_112' title="bbox 2625 5564 3039 5624; baseline -0.014 0"><span class='ocrx_word' id='word_1_790' title='bbox 2625 5567 2858 5624; x_wconf 84' lang='lat' dir='ltr'><strong>CAPUT</strong></span> <span class='ocrx_word' id='word_1_791' title='bbox 2895 5564 3039 5620; x_wconf 89' lang='lat' dir='ltr'>XVI.</span> 
     </span>
    </p>
   </div>
   <div class='ocr_carea' id='block_1_113' title="bbox 2031 5641 3635 5719">
    <p class='ocr_par' dir='ltr' id='par_1_113' title="bbox 2031 5641 3635 5719">
     <span class='ocr_line' id='line_1_113' title="bbox 2031 5641 3635 5719; baseline -0.014 -3"><span class='ocrx_word' id='word_1_792' title='bbox 2031 5661 2146 5718; x_wconf 84' lang='lat' dir='ltr'>Cur</span> <span class='ocrx_word' id='word_1_793' title='bbox 2174 5675 2324 5717; x_wconf 81' lang='lat' dir='ltr'>nunc</span> <span class='ocrx_word' id='word_1_794' title='bbox 2356 5672 2563 5715; x_wconf 87' lang='lat' dir='ltr'>xxxma</span> <span class='ocrx_word' id='word_1_795' title='bbox 2592 5673 2744 5716; x_wconf 80' lang='lat' dir='ltr'>nunc</span> <span class='ocrx_word' id='word_1_796' title='bbox 2772 5668 2987 5713; x_wconf 85' lang='lat' dir='ltr'>xxxxna</span> <span class='ocrx_word' id='word_1_797' title='bbox 3011 5654 3154 5710; x_wconf 84' lang='lat' dir='ltr'>luna</span> <span class='ocrx_word' id='word_1_798' title='bbox 3182 5641 3635 5719; x_wconf 73' lang='lat' dir='ltr'>pronuntietur?</span> 
     </span>
    </p>
   </div>
   <div class='ocr_carea' id='block_1_114' title="bbox 2074 5742 3658 5839">
    <p class='ocr_par' dir='ltr' id='par_1_114' title="bbox 2074 5742 3658 5839">
     <span class='ocr_line' id='line_1_114' title="bbox 2074 5742 3658 5839; baseline -0.02 -16"><span class='ocrx_word' id='word_1_799' title='bbox 2074 5769 2333 5839; x_wconf 91' lang='lat' dir='ltr'>Tempus</span> <span class='ocrx_word' id='word_1_800' title='bbox 2365 5768 2454 5821; x_wconf 90' lang='lat' dir='ltr'>est</span> <span class='ocrx_word' id='word_1_801' title='bbox 2497 5764 2787 5837; x_wconf 86' lang='lat' dir='ltr'>expedire,</span> <span class='ocrx_word' id='word_1_802' title='bbox 2823 5761 2978 5833; x_wconf 90' lang='lat' dir='ltr'>quod</span> <span class='ocrx_word' id='word_1_803' title='bbox 3029 5770 3210 5826; x_wconf 89' lang='lat' dir='ltr'>supra</span> <span class='ocrx_word' id='word_1_804' title='bbox 3255 5742 3658 5822; x_wconf 79' lang='lat' dir='ltr'>promisimus,</span> 
     </span>
    </p>
   </div>
   <div class='ocr_carea' id='block_1_115' title="bbox 2002 5843 3657 5914">
    <p class='ocr_par' dir='ltr' id='par_1_115' title="bbox 2002 5843 3657 5914">
     <span class='ocr_line' id='line_1_115' title="bbox 2002 5843 3657 5914; baseline -0.02 0"><span class='ocrx_word' id='word_1_805' title='bbox 2002 5875 2107 5914; x_wconf 90' lang='lat' dir='ltr'>cur</span> <span class='ocrx_word' id='word_1_806' title='bbox 2137 5872 2293 5911; x_wconf 90' lang='lat' dir='ltr'>nunc</span> <span class='ocrx_word' id='word_1_807' title='bbox 2335 5852 2558 5910; x_wconf 90' lang='lat' dir='ltr'>scilicet</span> <span class='ocrx_word' id='word_1_808' title='bbox 2602 5853 2743 5910; x_wconf 90' lang='lat' dir='ltr'>luna</span> <span class='ocrx_word' id='word_1_809' title='bbox 2794 5864 2949 5906; x_wconf 89' lang='lat' dir='ltr'>nunc</span> <span class='ocrx_word' id='word_1_810' title='bbox 2978 5858 3207 5907; x_wconf 88' lang='lat' dir='ltr'>xxxma,</span> <span class='ocrx_word' id='word_1_811' title='bbox 3238 5849 3392 5892; x_wconf 89' lang='lat' dir='ltr'>nunc</span> <span class='ocrx_word' id='word_1_812' title='bbox 3420 5843 3657 5882; x_wconf 84' lang='lat' dir='ltr'>xxxxma</span> 
     </span>
    </p>
   </div>
   <div class='ocr_carea' id='block_1_116' title="bbox 2001 5916 3650 6020">
    <p class='ocr_par' dir='ltr' id='par_1_116' title="bbox 2001 5916 3650 6020">
     <span class='ocr_line' id='line_1_116' title="bbox 2001 5916 3650 6020; baseline -0.015 -16"><span class='ocrx_word' id='word_1_813' title='bbox 2001 5941 2420 6020; x_wconf 85' lang='lat' dir='ltr'>computetur?</span> <span class='ocrx_word' id='word_1_814' title='bbox 2449 5940 2535 6000; x_wconf 90' lang='lat' dir='ltr'><strong>Ad</strong></span> <span class='ocrx_word' id='word_1_815' title='bbox 2579 5939 2736 6015; x_wconf 88' lang='lat' dir='ltr'>quod</span> <span class='ocrx_word' id='word_1_816' title='bbox 2783 5934 3043 6010; x_wconf 85' lang='lat' dir='ltr'>apertius</span> <span class='ocrx_word' id='word_1_817' title='bbox 3073 5917 3503 6000; x_wconf 87' lang='lat' dir='ltr'>inspiciendum</span> <span class='ocrx_word' id='word_1_818' title='bbox 3537 5916 3650 5979; x_wconf 59' lang='lat' dir='ltr'>est,</span> 
     </span>
    </p>
   </div>
  </div>
