1955 3191
144 206 183 244 31
672 204 883 240 HELPERICI
902 204 955 235 ΜΟ

1047 204 1078 235 Eli
1099 204 1130 235 S.
1155 205 1279 237 GALLI.
1811 208 1854 239 32

142 283 200 303 non
213 275 457 303 uniformeslunae
470 273 634 311 computari
645 281 771 307 menses,
780 273 830 301 sed
842 272 967 301 alterum
983 271 1011 306 Α
1023 273 1154 308 Vabutur,
1172 278 1204 302 ut
1217 283 1257 303 xu
1272 283 1388 312 semper
1403 274 1510 304 exactis
1528 274 1730 305 lunationibus
1746 284 1764 304 ει
1778 284 1852 305 xxxxa

142 329 206 348 esse
216 322 288 357 'quo
312 320 464 348 zodiacum
486 319 624 355 pervolat,
642 318 772 346 alterum.
792 326 850 354 quo
876 317 968 348 solem

140 366 211 394 luna
226 364 423 400 consequitur.
436 366 503 397 Qua:
515 366 621 391 cuncta
633 366 665 391 ut
676 363 877 391 manifestiora
887 362 972 394 ﬁant,

140 411 297 439 dicendum
313 410 343 437 in
356 410 480 446 singulis
492 409 585 445 signis
596 409 701 445 primo,
715 408 822 436 dehinc
837 407 866 435 in
878 406 968 435 totius

140 454 270 491 signiferi
291 454 464 482 lustratione
479 456 623 490 quantum
649 452 790 489 temporis
813 452 966 488 expendat.

140 500 177 527 Ut
192 508 209 526 a
224 498 425 526 solertioribus
437 506 493 525 non
507 498 569 525 sine
586 506 693 534 magna
703 496 852 533 diligentia
868 497 969 532 proba-

140 547 201 571 tunx
219 546 273 577 est,
290 543 361 570 luna
377 543 610 578 unumquodque
626 543 744 579 signum
763 551 797 570 ex
812 540 967 569 duodecim

140 589 256 617 duobxxs
279 587 385 615 diebus
400 589 428 615 ct
444 596 493 615 sex
516 587 607 619 horis,
625 595 657 614 ac
673 587 750 614 bisse
775 586 865 614 unius
890 586 967 613 liora:

138 628 252 657 transit.
267 629 328 656 Due
338 636 406 663 ergo
423 628 578 656 duodecies
589 628 662 655 duos
674 627 746 661 dies,
758 630 786 655 ct
800 627 874 655 fiunt
888 635 964 655 xxxx.

140 679 212 706 ltcnx
228 682 315 703 senas
328 674 426 707 horas,
439 681 502 708 quae
514 672 542 699 in
555 671 680 708 singulis
692 672 785 708 signis
797 675 964 708 supersunt,

140 719 295 749 duodecies
311 717 484 753 multiplica.
502 719 530 744 et
544 717 636 745 habes
652 726 725 744 LXXII
742 717 829 745 horas
844 726 908 753 qua:
924 717 965 745 fa-

142 767 225 795 ciunt
239 766 298 792 tres
313 762 385 795 dies,
397 761 530 798 singulos
540 770 606 789 xxxv
621 762 769 789 horarum.
784 762 842 790 Hos
857 770 888 790 xxx
903 762 965 791 dies

133 813 227 848 junge
252 806 453 844 superioribus
474 815 550 840 xxxv,
572 809 602 834 et
624 807 700 834 ﬁunt
721 815 809 836 xxvxx.
826 807 967 843 Superest

138 857 234 885 adhuc
245 855 275 882 in
287 852 412 889 singulis
421 851 513 888 signis
525 850 614 879 bissis
623 851 710 879 unius
722 852 810 880 horae.
818 852 848 880 Si
857 852 964 888 quaris

137 902 208 938 quid
224 900 263 928 sit
277 897 377 932 bissis,
388 896 461 926 scito
475 896 585 925 bisscm
601 896 657 924 diei
673 897 908 933 uniuscujusque
922 897 963 925 rei

136 948 211 975 duas
231 946 328 982 partes
350 942 467 994 sublata
487 941 582 998 tertia.
600 941 748 977 Quidquid
760 941 842 998 ‘enim
857 941 887 991 in
903 944 962 970 tres
978 958 1002 998 Β

136 999 237 1027 aequas
249 987 382 1017 diviseris
404 988 501 1022 partes
517 986 584 1019 [alia
604 994 715 1018 manus,
725 986 769 1014 vel
791 986 960 1022 portiones],
978 986 1007 998 Ἦ

135 1041 319 1071 unaquaeque
335 1039 436 1060 earum
456 1030 546 1058 triens
566 1030 609 1059 vel
628 1030 702 1059 trien
719 1030 892 1067 appellatur.
905 1031 960 1059 Ho-

135 1088 201 1108 rum
216 1086 275 1106 uno
286 1075 412 1110 sublato,
426 1074 532 1111 reliqui
542 1075 600 1102 duo
612 1074 662 1111 qui
675 1077 828 1104 remanent
841 1075 961 1103 trientes

134 1123 256 1154 insimul
271 1122 317 1150 bis
332 1122 482 1150 vocantur.
500 1119 591 1149 Bissis
611 1119 701 1156 igitur
716 1120 780 1148 dum
796 1122 893 1157 partes
909 1120 961 1148 ho-

136 1179 173 1198 rai
190 1170 269 1198 sunt.
286 1165 445 1195 Duodecim
460 1172 528 1201 ergo
544 1164 638 1193 bisses
654 1167 717 1194 octo
734 1165 844 1193 faciunt
862 1165 959 1199 horas,

136 1213 215 1242 binis
238 1220 290 1248 per
311 1213 370 1239 tres
386 1209 481 1238 bisses
497 1209 674 1245 supputetis.
690 1210 817 1246 Apparet
831 1209 960 1246 ergo.lu-

134 1266 203 1287 nam
220 1265 297 1285 xxvxx
311 1255 414 1283 diebus
428 1256 456 1282 et
471 1262 521 1282 vxxx
534 1253 615 1283 horis
626 1255 720 1284 totum
737 1254 848 1284 ambire
863 1254 959 1282 zodia-

134 1311 217 1336 cum;
234 1303 262 1329 et
276 1301 337 1328 haec
358 1301 402 1327 est
416 1307 476 1328 una
491 1298 604 1334 species
626 1298 774 1327 mensium
798 1298 957 1329 lunarium.

133 1348 189 1376 Sed
201 1346 273 1383 quia
284 1344 428 1373 naturalis
440 1344 517 1372 luna:
529 1343 640 1373 mensis
649 1343 686 1372 ab
698 1344 869 1374 accensione
880 1352 959 1372 com-

133 1393 263 1429 putatur,
281 1390 346 1426 ipsa
357 1391 456 1417 autem
471 1388 542 1418 luna
560 1388 590 1416 in
605 1390 665 1416 toto
680 1387 735 1419 hoc
758 1388 851 1424 spatio
867 1388 958 1419 solem

132 1446 189 1465 non
201 1434 401 1470 consequitur,
413 1435 446 1461 ut
456 1433 492 1461 ab
505 1441 537 1463 eo
549 1432 766 1466 maecendatur,
779 1432 835 1461 nisi
852 1433 958 1461 additis

132 1481 248 1508 duobus
259 1479 364 1507 diebus
373 1480 401 1506 et
416 1486 444 1505 xv
458 1476 548 1510 horis,
562 1476 608 1504 his
624 1477 659 1504 ad
674 1477 957 1512 superiores-junctis

132 1531 263 1553 mensem
279 1523 413 1550 lunarem
427 1529 494 1549 xxxx
509 1520 623 1550 dierum
639 1522 667 1548 et
687 1520 880 1551 xu'horarum
893 1529 957 1549 esse

132 1571 267 1598 fatemur.
284 1566 358 1599 Quia
381 1573 447 1593 vero
463 1573 503 1592 xxx
518 1564 596 1593 hora:
622 1572 673 1600 pro
693 1564 810 1600 integro
835 1564 881 1593 die
906 1573 956 1593 ne-

132 1613 244 1649 queunt
254 1609 428 1646 computari,
438 1611 467 1637 et
478 1616 569 1637 unum
581 1608 659 1638 diem
670 1608 789 1649 difﬁcile
800 1611 844 1639 est
856 1610 953 1646 [suppL

131 1644 264 1685 invenire
278 1644 408 1691 vel-quid
430 1654 542 1686 simile},
559 1648 721 1689 praesertim
745 1661 813 1682 eum
839 1644 958 1683 alternis
974 1644 1003 1685 Cn.

131 1702 244 1730 vicibus
259 1699 357 1728 media
375 1699 423 1727 die
446 1706 479 1727 ac
504 1700 588 1728 nocte
612 1698 800 1734 perhibeatur
823 1698 953 1734 accendi,

132 1749 250 1784 propter
268 1744 438 1773 facilitatem
460 1742 650 1780 computandi
665 1751 725 1772 una
739 1743 801 1772 vice
814 1752 854 1772 xu
877 1744 955 1773 horta

131 1791 315 1823 intermissae,
333 1789 424 1817 altera
446 1790 543 1816 autem
563 1797 598 1816 ex
612 1790 736 1823 utraque
750 1788 901 1817 lunatione
916 1788 955 1817 si-

132 1836 192 1864 mul
209 1835 335 1863 collecta:
351 1842 403 1870 pro
417 1833 531 1869 integro
546 1832 594 1861 die
609 1834 826 1868 computantur,
843 1835 871 1861 et
885 1835 956 1861 tunc

132 1881 202 1908 luna
216 1888 321 1908 xxvma
336 1877 552 1914 pronuntiatur.
569 1877 656 1905 Porro
672 1877 714 1905 illi
729 1878 787 1906 duo
802 1887 868 1906 vero
881 1878 954 1911 dies,

132 1925 258 1961 quicum
267 1922 418 1959 quaternis
428 1921 509 1950 horis
521 1923 586 1957 post
594 1929 746 1950 emensum
756 1922 908 1950 zodiacum
919 1923 956 1950 ad

132 1967 371 2004 consequendum
383 1966 474 1994 solem
486 1965 562 1994 lunae
575 1968 743 2001 supersunt,
757 1975 809 2002 per
821 1976 861 1995 xxx
876 1967 957 1995 luna-

131 2014 226 2041 tioncs
235 2012 266 2039 in
277 2019 369 2038 unum
382 2009 494 2038 collecti
504 2018 569 2038 xxvx
581 2009 644 2038 dies
655 2010 775 2038 insimul
787 2011 955 2044 conficiunt,

132 2066 195 2094 quin
210 2058 254 2084 est
268 2064 328 2083 una
342 2055 418 2082 luna:
435 2054 585 2082 zodiantea
609 2055 780 2090 perugratio,
800 2055 865 2083 licet
881 2064 957 2083 unus

132 2101 207 2130 desit
230 2100 304 2128 dies.
321 2100 356 2128 Et
379 2098 435 2127 hoc
450 2099 590 2134 estquod
614 2099 684 2126 dicit
707 2099 844 2127 dominus
870 2101 955 2130 Beda,

131 2146 232 2174 lunam
260 2143 447 2174 tredeciesin
470 2152 508 2171 xxx
534 2143 596 2171 suis
625 2144 775 2171 mensibus
806 2145 956 2172 zodiacum

134 2196 312 2226 percurrere.
331 2187 364 2216 Hi
378 2196 481 2216 omnes
492 2188 554 2216 dies
570 2187 598 2216 in
616 2196 763 2215 summam
778 2187 884 2216 reducti
901 2189 958 2215 elli-

134 2235 215 2262 ciunt
235 2233 371 2262 lunarem
397 2240 507 2261 annum
533 2240 631 2261 cccxixv
656 2232 779 2260 dierum.
798 2232 958 2260 Duodecics

132 2278 210 2307 enim
225 2286 302 2311 xxxx,
315 2285 463 2306 cccxnvxxx.
481 2276 640 2305 Duodecim
658 2278 754 2304 autem
766 2276 843 2304 hora:
854 2276 959 2304 duode-

132 2322 189 2350 cies
206 2322 300 2349 ductos
317 2324 386 2349 sunt
402 2330 493 2355 excxv,
505 2323 532 2348 ct
549 2321 658 2348 faciunt
671 2320 732 2348 dies
748 2329 785 2354 vx,
798 2320 847 2356 qui
860 2320 956 2355 juncti

132 2366 343 2403 superioribus,
355 2374 455 2394 ccccxv
470 2366 605 2398 reddunt,
617 2365 666 2400 qui
684 2367 762 2398 sunt,
775 2366 807 2392 ut
817 2363 955 2398 diximus,

131 2411 192 2439 dies
203 2410 272 2439 anni
283 2410 407 2444 lunaris,
420 2418 506 2446 quem
519 2410 633 2437 constat
648 2411 722 2435 retro
735 2415 850 2444 semper
861 2408 956 2437 obser-

130 2458 240 2489 vatum,
258 2454 411 2488 duodenis,
429 2462 503 2489 ques
527 2452 596 2486 dixi,
612 2452 764 2480 mensibus
781 2452 822 2480 ita
841 2461 956 2489 semper

131 2499 356 2533 alternantibus,
373 2501 401 2527 et
416 2507 493 2526 unxxs
509 2497 644 2530 tricenos,
662 2497 734 2524 alter
751 2497 955 2526 undetricenos

130 2545 251 2573 haberet
275 2544 347 2578 dies,
365 2551 519 2579 quousque
543 2542 613 2570 Julii
629 2542 751 2570 Caesaris
776 2542 894 2570 solertia
909 2551 954 2571 so-

130 2590 199 2617 laris
216 2590 350 2624 repertus
367 2590 410 2623 est
426 2595 532 2619 annus,
550 2595 601 2622 pro
624 2595 656 2613 eo
681 2586 756 2621 quod
775 2586 886 2614 lunaris
903 2595 954 2614 un-

130 2643 185 2661 xxus
209 2634 239 2660 in
264 2630 547 2667 multis,vacillarct,
566 2633 593 2658 et
618 2630 688 2658 solis
712 2630 811 2658 cursui
839 2631 955 2667 penitus

130 2686 187 2704 noxi
207 2676 382 2704 conveniret.

428 2737 545 2765 CAPUT
570 2738 653 2766 XVII.

131 2795 166 2821 Ut
176 2801 193 2820 a
205 2792 347 2820 veteribus
365 2791 477 2819 lunaris
494 2795 607 2819 tantum
621 2793 789 2820 obseruatus
800 2791 836 2819 sit
846 2799 954 2825 annua,-

148 2838 175 2861 οι
186 2841 240 2861 cur
247 2832 332 2860 modo
343 2839 524 2869 communem
533 2831 664 2860 dicamus
674 2836 702 2859 et
711 2832 955 2860 embolx'smalcmi

166 2902 208 2930 Ita
223 2901 301 2930 enim
317 2900 364 2929 ille
380 2909 396 2929 a
411 2898 557 2930 veteribus
568 2899 674 2929 ercis
686 2908 718 2929 ac
733 2899 844 2929 Latinis
860 2900 955 2929 obser-

1025 317 1175 347 lunatione
1190 323 1361 356 sequentem
1382 320 1555 350 inchoarent
1568 330 1690 353 annum.
1708 321 1767 349 Sed
1780 330 1852 351 cum

1024 371 1100 399 saepe
1120 363 1247 392 eveniret
1269 368 1387 401 propter
1409 374 1438 393 xx
1462 365 1535 399 dies,
1552 374 1626 401 quos
1651 366 1748 394 lunari
1771 375 1853 394 anno

1024 408 1125 435 deesse
1140 409 1279 442 diximus,
1294 412 1326 437 ut
1336 409 1450 437 hiberni
1466 418 1582 438 menses
1594 410 1702 444 zestivo,
1714 412 1742 438 et
1756 410 1852 438 cestivi

1024 452 1093 480 item
1109 453 1238 489 hyberno
1256 456 1442 482 occurrerent
1461 455 1592 490 tempore
1608 455 1686 490 (nam
1703 463 1755 491 per
1769 457 1851 482 octo-

1023 506 1076 525 nos
1092 506 1184 525 annos
1195 498 1288 526 tribus
1300 499 1510 535 regradabatur
1525 499 1687 535 mensibus)
1703 501 1852 527 statutum

1022 544 1066 569 est
1082 544 1113 569 ut
1126 544 1225 570 octavo
1240 551 1316 570 anno
1331 552 1366 571 xc
1380 544 1442 571 dies
1462 543 1714 577 intercalarentur,
1731 544 1781 580 qui
1799 553 1851 580 per

1022 589 1063 614 tot
1093 595 1186 615 annos
1206 596 1239 615 ex
1263 588 1389 616 xxndcnis
1421 588 1523 616 diebus
1538 590 1566 615 et
1582 589 1696 616 duobus
1726 588 1848 616 bissexti

1022 635 1217 660 accesserunt.
1230 633 1287 660 Nos
1300 641 1367 660 vero
1383 635 1500 669 propter
1510 633 1680 661 Paschalem
1692 634 1847 661 observan-

1020 676 1092 704 tiam
1109 685 1198 713 quam
1215 686 1271 704 non
1287 677 1342 704 nisi
1358 686 1405 705 xxv
1416 677 1485 704 luna
1501 679 1566 713 post
1581 677 1787 713 mquinoetium
1800 686 1847 705 cc-

1020 720 1132 749 lebrare
1149 721 1192 749 fas
1216 724 1268 755 est,
1286 729 1456 749 communes
1473 723 1500 748 ct
1519 721 1735 751 embolismales
1752 731 1848 751 annos

1021 766 1050 793 in
1066 765 1137 793 luna
1151 766 1257 793 habere
1273 766 1414 802 coepimus
1436 765 1490 793 hoc
1506 767 1593 794 modo
1610 775 1616 793 ε
1634 766 1657 793 si
1674 767 1791 802 quando
1807 776 1847 795 xxx

1019 811 1128 839 exactis
1144 810 1346 839 lunationibus
1359 819 1422 838 eam
1440 810 1620 839 lunationem
1632 819 1695 847 quze
1711 811 1848 847 sequitur

1018 856 1061 883 vel
1078 856 1107 883 in
1123 856 1187 893 ipso
1203 855 1387 892 aequinoctio,
1401 855 1443 883 vel
1456 864 1488 883 eo
1506 858 1653 885 transacto
1668 865 1764 885 xxvam
1782 865 1847 885 eve-

1019 900 1082 929 nire
1097 900 1260 937 contigerit,
1273 901 1309 929 ab
1326 901 1419 936 ipsius
1431 908 1497 929 mox
1508 902 1679 929 accensione
1693 902 1848 938 sequentis

1019 946 1087 974 anni
1111 945 1271 982 primordia
1295 945 1452 979 sumimus,
1479 946 1660 982 przecedente
1684 954 1771 980 anno,
1794 947 1847 983 qui
1882 976 1885 979 _

1017 990 1184 1019 communis
1200 990 1319 1024 exstitit,
1337 999 1377 1018 xxx
1397 990 1609 1024 lunationibus,
1627 990 1731 1018 diebus
1746 999 1848 1019 cccuv

1016 1035 1180 1063 terminato.
1193 1036 1228 1063 At
1244 1035 1268 1063 si
1283 1043 1323 1063 xxx
1339 1035 1447 1063 exactis
1470 1034 1680 1069 lunationibus,
1697 1044 1762 1063 xxva
1777 1044 1847 1071 pro-

1016 1080 1145 1114 cesserit,
1154 1082 1217 1107 tum
1229 1079 1308 1107 illam
1322 1079 1658 1116 prxecedentijungimus
1670 1080 1845 1113 anno,datis

1015 1124 1125 1152 eisdem
1133 1124 1306 1160 praecedenti
1314 1132 1390 1151 anno
1396 1132 1446 1151 xxxx
1452 1124 1653 1154 lunationibus
1660 1125 1847 1152 etcccnxxxxv

1015 1168 1127 1202 diebus.
1145 1169 1180 1197 Et
1198 1168 1246 1196 hic
1268 1176 1363 1196 annus
1379 1168 1600 1203 embolismalis,
1617 1168 1645 1196 id
1668 1171 1722 1202 est,
1739 1177 1846 1205 super-

1015 1222 1149 1241 crescens
1174 1212 1290 1247 dicitur,
1314 1214 1509 1250 praecedentes
1534 1215 1633 1241 autem
1657 1221 1844 1247 communes,

1015 1259 1092 1294 quod
1122 1266 1237 1294 semper
1266 1266 1286 1285 xx
1315 1257 1441 1293 aequales
1466 1258 1640 1294 preacedant,
1666 1260 1785 1294 excepto
1811 1258 1843 1285 in

1014 1304 1143 1339 ogdoade
1159 1305 1186 1330 et
1200 1302 1346 1330 endccade
1360 1310 1487 1338 quorum
1509 1304 1668 1339 utrumque
1684 1311 1760 1330 unus
1777 1304 1844 1331 ἴδη-

1014 1350 1077 1375 tum
1093 1347 1258 1375 communis
1274 1355 1370 1375 annus
1386 1346 1532 1383 przscedit.
1544 1347 1609 1374 Haec
1623 1347 1659 1375 de
1673 1346 1844 1376 diversitate

1014 1400 1159 1420 annorum
1174 1391 1278 1419 solaris
1293 1393 1322 1418 et
1335 1391 1459 1424 lunaris,
1477 1391 1679 1418 communium
1695 1394 1724 1419 et
1740 1392 1845 1420 embo-

1013 1437 1167 1464 lismorum
1192 1444 1270 1463 nunc
1296 1435 1397 1471 paucis
1424 1435 1500 1463 dicta
1516 1437 1595 1463 sunt.
1613 1436 1642 1463 Si
1658 1444 1717 1471 an
1741 1438 1845 1464 autem

1012 1482 1133 1514 restant,
1141 1488 1207 1508 cum
1219 1480 1254 1507 ad
1267 1480 1365 1515 ipsum
1376 1479 1493 1507 Pasehm
1504 1479 1663 1508 terminum
1671 1480 1845 1509 venerimus

1012 1525 1227 1561 explicandum,
1244 1525 1331 1560 prout
1356 1523 1496 1559 possibile
1519 1524 1616 1558 fuerit,
1633 1532 1844 1561 exsequemur.

1011 1570 1087 1598 Sane
1100 1569 1132 1596 in
1147 1568 1221 1596 serie
1238 1571 1404 1604 temporum
1425 1568 1624 1603 computanda
1641 1577 1720 1596 nunc
1734 1569 1847 1597 solaris

1012 1613 1091 1647 anni,
1108 1613 1158 1649 qui
1174 1612 1279 1641 certior
1292 1611 1427 1645 habetur,
1444 1611 1555 1639 calculo
1571 1611 1692 1640 utimur.

1310 1691 1426 1722 CAPUT
1446 1692 1534 1721 XVIII

1012 1762 1091 1795 Unde
1111 1761 1301 1797 conﬁciantur
1322 1760 1414 1795 saltus
1433 1760 1516 1793 (unm,
1533 1760 1578 1788 vel
1600 1760 1648 1789 ubi
1668 1760 1774 1789 rectius
1790 1762 1841 1789 in-

1328 1800 1520 1828 terminatur.

1047 1880 1105 1907 Hoc
1127 1878 1189 1906 loco
1214 1885 1376 1912 congruum
1392 1875 1507 1903 videtur
1520 1876 1556 1904 de
1571 1877 1647 1904 saltu
1672 1876 1749 1904 lunm
1773 1886 1841 1913 qua:

1012 1931 1171 1961 possumus
1186 1921 1331 1957 explicare
1345 1921 1582 1956 sumendumque
1596 1922 1632 1949 ab
1648 1921 1712 1958 ipsa
1726 1921 1841 1958 origine

1012 1976 1125 1998 censeo.
1143 1966 1276 1995 Diximus
1292 1974 1382 2001 supra
1399 1965 1501 1993 lunam
1526 1972 1561 1993 ex
1583 1974 1641 2001 quo
1665 1967 1712 1993 die
1735 1975 1752 1994 a
1778 1967 1842 1995 sole

1012 2012 1120 2048 recepit
1135 2013 1200 2047 post
1214 2019 1263 2038 xxx
1277 2010 1338 2038 dies
1354 2012 1382 2038 et
1396 2010 1484 2037 horas
1500 2019 1539 2037 xxx
1556 2019 1659 2038 rursus
1674 2010 1768 2038 eidem
1785 2012 1842 2039 soli

1013 2057 1178 2089 succedere,
1195 2057 1223 2083 et
1237 2054 1318 2083 hunc
1332 2062 1465 2084 mensem
1480 2063 1545 2082 esse
1561 2054 1611 2090 qui
1627 2063 1738 2083 annum
1755 2055 1840 2084 luna-

1014 2110 1085 2135 rem,
1103 2100 1127 2128 εἰ
1148 2099 1315 2127 communis
1339 2098 1377 2126 sit
1399 2107 1449 2132 xu,
1466 2098 1674 2127 embolismum
1698 2108 1765 2128 vero
1789 2109 1840 2128 xxxx

1014 2146 1199 2182 computatus
1210 2143 1352 2179 perﬁciat.
1365 2143 1420 2171 Sed
1433 2143 1647 2179 deprehensum
1659 2147 1703 2172 est
1712 2144 1840 2181 singulis

1014 2189 1175 2222 mensibus,
1192 2196 1244 2216 nec
1259 2188 1330 2215 dum
1345 2196 1404 2215 vxxa
1425 2187 1497 2215 hora
1512 2190 1638 2223 peracta,
1655 2188 1747 2216 solem
1762 2198 1779 2216 α
1794 2189 1840 2217 lu-

1015 2244 1052 2264 na
1066 2233 1216 2268 consequi,
1233 2232 1421 2268 vicissimquc
1445 2232 1517 2260 luna
1540 2241 1557 2260 a
1581 2233 1640 2261 sole
1664 2234 1794 2267 accendi,
1811 2238 1840 2262 et

1015 2281 1123 2309 restare
1138 2286 1171 2305 ex
1186 2284 1268 2305 eaem
1294 2276 1367 2305 hora
1382 2284 1472 2305 xxxma
1487 2285 1539 2314 per
1563 2277 1702 2314 singulos
1718 2286 1836 2306 menses

973 2332 1040 2366 Dﬂxv
1055 2324 1213 2356 momenta,
1230 2324 1258 2349 ct
1281 2321 1398 2349 unciam
1424 2321 1513 2350 unius
1536 2321 1678 2350 momenti
1693 2325 1722 2350 et
1745 2331 1839 2350 unum

990 2364 995 2373 ’
1013 2371 1156 2398 atomum.
1177 2367 1244 2399 Quae
1261 2374 1288 2393 xv
1304 2368 1452 2394 momenta
1467 2375 1518 2402 per
1533 2366 1664 2402 singulos
1680 2375 1797 2395 menses
1809 2367 1840 2395 in

1010 2414 1125 2442 tantum
1132 2412 1342 2446 augmentantxx
1348 2419 1369 2443 r,
1375 2412 1463 2445 utper
1469 2419 1516 2438 xxx
1525 2419 1617 2439 annos
1624 2410 1770 2449 integrum
1778 2420 1840 2448 pcr-

1010 2456 1111 2485 ﬁciant
1119 2455 1195 2483 diem
1206 2463 1211 2481 :
1221 2462 1308 2490 quem
1317 2454 1394 2483 diem
1405 2463 1469 2482 xxxo
1481 2462 1596 2490 semper
1604 2463 1680 2482 anno
1690 2455 1755 2491 ipsa
1763 2457 1841 2484 tran-

1010 2501 1088 2529 silire
1098 2499 1173 2536 cogit
1185 2498 1363 2532 imminutio,
1372 2507 1407 2527 ne
1416 2501 1444 2527 ct
1454 2498 1566 2527 lunaris
1576 2499 1729 2528 calculatio
1740 2502 1769 2528 et
1779 2502 1841 2528 tota

1010 2546 1144 2574 turbetur
1167 2542 1315 2571 l‘usel‘xalis
1335 2543 1525 2571 observantia!
1542 2543 1624 2572 ratio.
1642 2545 1714 2571 Nam
1742 2544 1768 2571 si
1793 2554 1840 2573 ne-

1009 2590 1137 2626 gligatur
1152 2588 1199 2615 ille
1215 2588 1287 2622 dies,
1301 2587 1412 2616 eveniet
1428 2590 1459 2615 ut
1475 2590 1540 2624 post
1554 2597 1591 2617 xv
1605 2588 1713 2618 xxxales
1730 2589 1837 2625 cyclos,

1009 2635 1038 2662 id
1054 2636 1098 2663 est
1113 2635 1178 2670 post
1193 2642 1285 2660 annos
1297 2641 1431 2667 ceLxxxv,
1444 2642 1511 2661 cum
1523 2633 1628 2661 debeas
1645 2633 1745 2661 lunam
1757 2642 1838 2661 com-

1010 2681 1112 2715 putare
1129 2678 1264 2714 primam,
1283 2679 1416 2704 occurrat
1430 2686 1494 2711 xva,
1507 2678 1535 2705 id
1551 2680 1595 2705 est
1608 2677 1694 2713 plena
1710 2677 1789 2705 luna.
1804 2679 1839 2705 Et

1009 2724 1137 2755 econtra,
1164 2730 1231 2753 cum
1261 2730 1315 2749 xva
1339 2724 1535 2757 computatur,
1562 2724 1701 2758 appareat
1729 2722 1836 2757 prima.

1010 2768 1065 2795 Sed
1082 2770 1114 2794 ut
1129 2768 1227 2802 aperte
1239 2765 1347 2795 clareat
1361 2766 1486 2801 qualiter
1497 2766 1545 2794 ille
1556 2766 1619 2794 dies
1630 2766 1771 2804 paulatim
1786 2767 1838 2795 mi-

1009 2812 1125 2839 nuendo
1147 2819 1240 2846 usque
1264 2811 1299 2838 ad
1325 2811 1470 2846 integrum
1497 2811 1622 2846 deﬁciat,
1640 2810 1710 2847 quia
1732 2811 1836 2840 xxxalis

1010 2855 1161 2883 mensibus
1177 2864 1205 2883 xv
1220 2857 1369 2884 momenta
1384 2855 1559 2892 unciamque
1575 2856 1715 2885 momenti
1732 2858 1760 2884 et
1775 2858 1836 2886 ato-

1009 2909 1093 2930 mum
1107 2901 1227 2937 perdere
1243 2900 1358 2935 dicitur,
1370 2900 1499 2936 primum
1510 2909 1611 2930 omnes
1626 2909 1675 2930 xxx
1689 2908 1835 2929 annorum
