3910 6448
1499 103 1781 110 -ο-
1860 103 1895 106 -

247 508 331 569 33
1573 506 1805 567 LIBER
1848 490 2392 568 nE'COMPU'i‘o.
3591 511 3669 571 34

246 630 488 707 inermes
516 642 659 713 qnot
689 640 809 697 sint
844 639 1171 705 videamus,
1206 644 1271 694 ut
1304 638 1675 712 singulorum
1707 625 1996 713 prcita-th
2014 630 2349 706 Novembri,
2379 641 2445 695 ut
2492 637 2662 694 multi
2694 636 2939 703 faeiunt,
2973 634 3292 709 distuleris,
3326 642 3376 697 'si
3407 649 3672 700 occurret

250 735 449 786 torum
468 734 901 787 momentorum
924 728 1354 800 uneiarumque
1370 733 1429 783 et
1454 732 1785 785 atomorum
1809 743 1914 789 uu-

254 833 485 875 merum
519 817 880 891 colligentes,
902 822 1078 890 atque
1108 834 1176 873 ex
1205 816 1300 872 bis
1332 830 1540 872 rursus
1571 815 1750 873 horas
1780 832 1915 872 eon-

256 907 538 977 ﬁeientes,
556 907 872 981 probemus
903 906 952 962 si
973 905 1267 981 integrum
1292 906 1447 962 diem
1477 922 1610 961 xxrv
1630 905 1911 961 horarum

254 996 496 1054 reddere
522 997 774 1071 possint.
795 995 1237 1053 Decemnovalis
1268 995 1413 1069 eyeli
1434 1011 1650 1050 ccxxxv
1679 1010 1912 1050 menses

250 1085 393 1141 hinc
423 1104 550 1142 esse
572 1084 867 1160 colligitur
895 1086 1049 1158 quod
1073 1102 1208 1141 cum
1230 1102 1310 1140 xu
1332 1100 1675 1140 communes
1701 1083 1914 1139 duode-

255 1191 469 1230 norum
502 1174 729 1231 scilicet
754 1176 1073 1241 mensium,
1104 1191 1185 1230 vn
1234 1191 1370 1229 vero
1419 1172 1818 1239 embolismos,
1853 1171 1911 1226 id

255 1268 365 1334 est,
398 1280 500 1319 xm
533 1264 827 1320 mensium
860 1267 1091 1320 constat
1115 1278 1302 1318 annos
1332 1262 1567 1318 habere.
1590 1259 1913 1317 Duodecies

254 1357 454 1410 autem
486 1371 586 1423 χιι,
621 1350 723 1425 qui
756 1356 895 1408 sunt
923 1368 1109 1419 cxuv,
1142 1356 1199 1408 et
1226 1350 1508 1407 tredecics
1556 1367 1656 1417 vn,
1690 1349 1790 1421 qui
1836 1349 1916 1405 fa-

250 1442 420 1498 ciunt
450 1460 561 1510 XCI,
581 1442 837 1498 'insimul
868 1441 1042 1515 positi
1071 1456 1289 1497 ecxxxv
1318 1439 1650 1512 perﬁciunt,
1675 1440 1775 1511 qui
1809 1454 1915 1494 nu-

254 1548 455 1588 merus
479 1536 686 1604 quater
708 1532 922 1588 ductus
941 1547 1187 1586 nccecxr.
1203 1529 1397 1584 reddit
1412 1529 1522 1585 hoc
1542 1529 1716 1584 modo
1738 1544 1753 1583 :
1777 1543 1916 1599 qua-

252 1624 348 1677 ter
376 1638 631 1694 namque
661 1639 731 1678 cc
756 1624 898 1678 sunt
925 1634 1141 1676 nec:ch
1168 1623 1226 1675 et
1255 1632 1312 1675 Iv
1357 1616 1554 1672 triniei
1584 1633 1713 1686 cxx,
1745 1616 1913 1672 item-

254 1726 375 1784 que
402 1728 476 1766 xx
505 1710 852 1785 praedictum
886 1722 1222 1777 numerum,
1246 1706 1305 1762 id
1338 1711 1447 1774 est,
1461 1720 1636 1762 occec
1663 1704 1919 1778 complet

252 1798 370 1856 hoc
401 1799 599 1868 modo,
622 1804 750 1871 quis
775 1802 865 1855 est
906 1808 1148 1853 Summa
1195 1797 1619 1868 quaternorum
1648 1792 1915 1850 momen-

226 1891 457 1946 ‘tdrum
488 1889 560 1945 de
589 1885 841 1960 singulis
856 1898 960 1943 ’χιχ
982 1900 1276 1943 annorum
1306 1881 1613 1940 mensibus
1646 1878 1915 1939 collecto-

226 1974 416 2034 ‘rum.
462 1978 602 2045 Quae
645 1977 968 2041 momenta,
999 1973 1141 2047 quia
1187 1970 1363 2030 horas
1412 1971 1603 2029 facere
1643 1972 1995 2088 possuntyc‘t3

242 2066 288 2088 1.
310 2083 367 2088 Α-
398 2065 592 2088 --.ιε-Α
626 2060 1061 2088 -_.__':_1-_-_.--_
1098 2061 1239 2088 n.-:-
1267 2060 1416 2088 λικε...
1439 2060 1578 2088 1.-....
1603 2078 1663 2088 ..ν
1682 2057 1917 2088 ..κ-...ιερ-

242 2066 371 2123 hoc
393 2065 595 2122 ordine
623 2060 1084 2121 consideremus.
1098 2061 1247 2128 Quia
1265 2060 1420 2117 enim
1439 2060 1585 2118 hora
1603 2078 1663 2116 rv
1682 2057 1917 2133 punctis

251 2151 736 2226 constat,singuli
757 2157 952 2209 autem
980 2150 1183 2224 puncti
1207 2149 1373 2205 denis
1394 2147 1919 2217 momentis,horas

252 2240 532 2315 singulas
553 2240 872 2297 metiamur
893 2255 997 2312 per
1014 2255 1097 2294 xc
1125 2240 1442 2305 momenta,
1468 2241 1525 2293 et
1549 2236 1919 2293 inveniemus

238 2333 321 2387 'in
353 2329 756 2405 suprascripto
788 2330 1221 2385 momentorum
1276 2341 1519 2383 numero
1566 2342 1707 2382 xxm
1740 2325 1920 2381 semis

252 2419 440 2477 horas
469 2418 580 2475 hoc
608 2418 783 2474 modo
818 2434 831 2473 :
867 2417 1219 2490 quadragies
1251 2432 1323 2472 xx
1373 2419 1430 2473 et
1467 2414 1617 2471 terni
1648 2428 1916 2482 necccxx,

256 2508 380 2567 alia
407 2525 481 2564 xx
504 2510 803 2564 momenta
832 2505 1056 2562 faciunt
1077 2503 1384 2563 dimidiam
1408 2504 1636 2573 horam,
1669 2508 1726 2561 et
1755 2507 1917 2571 sunt,

256 2602 328 2655 ut
379 2596 601 2653 dictum
651 2600 758 2664 est,
790 2608 931 2651 χχιιι
983 2594 1163 2651 semis
1210 2593 1388 2650 horae.
1425 2593 1539 2650 Sed
1590 2597 1656 2648 ut
1692 2592 1920 2665 ‘integ‘es

258 2687 392 2743 dies
420 2702 551 2742 xxiv
579 2685 861 2741 horarum
895 2682 1256 2758 perficiatur,
1274 2683 1518 2739 alteram
1550 2682 1732 2755 hujus
1763 2680 1920 2738 horae

259 2775 637 2833 medietatem
669 2790 737 2830 ex
759 2772 947 2830 nnciis
969 2772 1320 2844 atomisque,
1337 2786 1465 2845 quae
1488 2769 1741 2844 singulis
1758 2782 1922 2826 men-

258 2866 432 2922 sibus
444 2864 746 2939 quaternis
764 2863 976 2919 additze
993 2860 1473 2931 sunt,momentis
1492 2858 1917 2933 ‘compleamus.

238 2950 451 3012 “Uncia
480 2953 830 3009 duodecima
850 2967 988 3024 pars
1009 2955 1097 3006 est
1123 2948 1440 3021 cujuslibet
1481 2947 1920 3005 rei.Duodecim

258 3043 425 3100 enim
443 3042 629 3099 unciae
651 3043 1015 3117 momentum
1037 3039 1281 3095 faciunt.
1298 3038 1482 3111 Igitur
1501 3037 1686 3094 uncia:
1700 3050 1922 3092 'ccxxxv

258 3131 491 3190 faciunt
522 3134 820 3185 momenta
842 3143 1048 3184 novem
1070 3132 1127 3183 et
1148 3128 1370 3194 decem,
1396 3128 1454 3182 et
1483 3128 1791 3182 remanent
1816 3141 1918 3180 vn.

256 3219 592 3279 Duodecies
612 3219 770 3274 enim
792 3217 927 3273 deni
951 3221 1008 3273 et
1038 3215 1246 3273 noveni
1286 3215 1730 3271 ducenti‘xxvm
1760 3216 1920 3281 sunt,

258 3315 321 3369 et
347 3310 675 3377 remanent,
708 3312 776 3362 ut
813 3307 1038 3361 dictum
1071 3310 1178 3374 est,
1210 3303 1401 3360 uncias
1427 3318 1511 3361 vn
1551 3305 1622 3360 de
1653 3300 1922 3360 ducentis

258 3417 433 3458 xxxv.
450 3397 673 3465 Quibus
702 3412 781 3451 vn
804 3394 995 3451 unciis
1014 3394 1091 3450 ad
1115 3392 1533 3467 complendum
1557 3396 1925 3449 momentum

262 3505 399 3545 una;
419 3502 453 3543 v
470 3489 610 3542 sunt
631 3483 932 3551 addenda),
948 3494 1097 3555 quas
1112 3480 1331 3537 atomis
1363 3494 1595 3549 ccxxxv,
1611 3480 1713 3553 qui
1732 3478 1924 3537 adhuc

263 3577 611 3650 supersunt,
628 3570 828 3628 taliter
860 3568 1265 3645 suppleamus,
1281 3562 1531 3642 singulis
1561 3567 1752 3627 unciis
1770 3580 1925 3626 ‘vau

262 3672 497 3724 atomos
531 3658 914 3720 attribuentes
946 3660 1027 3717 ita
1059 3676 1072 3714 :
1109 3654 1461 3733 quadragies
1494 3659 1711 3733 septies
1760 3656 1925 3730 quini

262 3760 410 3812 sunt
439 3766 673 3809 ccxxxv.
689 3751 806 3807 Has
823 3767 863 3807 v
894 3748 1099 3806 uncias
1115 3750 1302 3821 junge
1323 3745 1726 3821 superioribus
1740 3760 1846 3816 xu,
1869 3748 1927 3803 et

261 3846 423 3902 ﬁunt
448 3841 623 3911 xu,id
655 3842 1131 3896 estmomentum
1154 3837 1472 3911 integrum,
1488 3838 1646 3909 quod
1667 3842 1927 3894 momen-

262 3941 395 3992 tum
421 3934 610 4006 junge
632 3930 703 3987 ad
728 3926 1031 4002 superiora
1062 3944 1176 3996 xxx,
1196 3931 1253 3983 et
1278 3926 1460 3983 habes
1490 3942 1565 3982 xx
1601 3928 1922 3994 momenta,

260 4026 323 4081 id
356 4028 448 4080 est
468 4020 776 4078 dimidiam
798 4019 1034 4087 horam;
1058 4033 1235 4090 quam
1263 4028 1443 4089 Supra
1461 4033 1600 4072 xxm
1621 4014 1798 4072 semis
1820 4015 1924 4071 ho-

260 4115 347 4170 ris
380 4114 719 4179 anneetens,
746 4108 1006 4165 invenies
1040 4107 1213 4164 horas
1243 4120 1397 4161 χχιν.
1431 4105 1490 4161 id
1519 4109 1609 4162 est
1636 4105 1792 4161 diem
1835 4105 1925 4160 in-

260 4209 520 4278 tegrum,
537 4216 713 4274 quem
735 4214 907 4256 nemo
931 4197 1156 4255 decimo
1181 4208 1414 4269 semper
1434 4211 1586 4252 anno
1608 4193 1923 4264 transilire,

264 4297 323 4350 et
344 4291 422 4349 ob
452 4291 511 4347 id
544 4287 753 4347 saltem
776 4287 930 4344 lunae
959 4285 1156 4344 vocari
1174 4284 1464 4343 hactenus
1488 4281 1753 4358 exposita
1774 4282 1929 4356 cogit

265 4380 440 4450 ratio,
475 4379 558 4436 ita
588 4382 655 4436 ut
683 4374 926 4450 reliquis
957 4370 1102 4432 luna
1128 4392 1241 4432 xxx
1265 4379 1324 4432 et
1349 4370 1924 4448 undetrig‘esimahid

264 4474 360 4529 est
385 4466 668 4541 vicesima
694 4483 755 4524 Ix
802 4460 1042 4524 alternis
1087 4464 1314 4523 vicibus
1362 4466 1754 4539 computetur,
1784 4464 1927 4517 tunc

264 4564 388 4619 tres
439 4572 574 4617 χχιχ
601 4555 727 4615 sine
759 4552 883 4613 ulla
915 4568 1068 4613 xxxa
1092 4552 1540 4629 interpositione
1585 4550 1924 4625 procedant.

260 4638 381 4719 Qui
410 4648 538 4706 dies
566 4644 917 4723 praecedenti
951 4645 1106 4702 (stati
1130 4645 1434 4702 detractus
1464 4640 1805 4715 sequentem
1834 4638 1927 4697 lu-

258 4740 573 4798 ‘nationem
595 4740 717 4794 tota
734 4734 1136 4809 die'majorem
1164 4732 1492 4808 computari
1522 4730 1661 4788 facit
1677 4728 1789 4788 hoc
1808 4745 1941 4786 mo-t

271 4830 344 4886 do
377 4845 393 4885 :
429 4826 480 4884 si
507 4827 666 4884 enim
695 4824 972 4883 hesterno
1016 4824 1111 4881 die
1156 4840 1389 4881 xxxxam
1440 4820 1927 4897 prenuntiaveris,

270 4917 447 4976 hodie
492 4918 725 4986 xxxam,
760 4913 1016 4973 crastino
1065 4910 1343 4988 primam,
1376 4915 1433 4969 et
1462 4910 1744 4986 pestridie
1787 4914 1928 4966 nam

272 5004 603 5081 computari
663 5020 901 5062 necesse
959 5007 1066 5061 est.
1098 5005 1173 5060 At
1228 5004 1279 5059 si
1330 5002 1606 5059 hesterno
1663 4999 1932 5058 similiter

272 5112 507 5154 xxxxam
539 5094 955 5168 pronuntians,
972 5090 1168 5162 hodie,
1182 5109 1331 5149 xxxa
1349 5088 1660 5161 transilite,
1676 5089 1930 5164 primam

275 5187 461 5257 dicas,
496 5201 625 5242 cras
656 5200 818 5253 nam,
851 5183 1128 5257 perendie
1156 5199 1319 5239 mam
1363 5185 1702 5255 computare
1731 5179 1929 5236 debes.

274 5276 346 5334 Et
364 5277 476 5333 hoc
492 5280 582 5332 est
593 5275 749 5347 quod
762 5273 905 5331 dicit
916 5272 1193 5331 dominus
1220 5272 1376 5329 Beda
1395 5272 1454 5328 in
1474 5270 1687 5329 minori
1705 5268 1929 5326 libello:

272 5356 485 5423 adimit
501 5363 661 5421 enim
682 5364 871 5421 saltus
888 5358 1046 5421 lunae
1066 5367 1321 5432 noctem,
1338 5358 1501 5418 addit
1515 5376 1648 5417 vero
1678 5361 1926 5415 «atatem.

277 5457 461 5523 Quem
484 5452 641 5511 diem
664 5454 894 5510 diverso
912 5451 1040 5510 loco
1063 5450 1491 5519 intermittunt;
1522 5449 1627 5506 sed
1666 5445 1812 5504 mihi
1853 5446 1933 5503 vi-

279 5545 451 5602 detur
477 5542 619 5618 quia
649 5542 978 5601 secundum
1006 5532 1305 5616 Egyptios
1333 5543 1567 5614 epactas
1598 5556 1632 5596 a
1669 5538 1930 5611 Septem-

278 5632 368 5691 bri
388 5632 760 5705 inchoamus,
774 5637 842 5691 ut
864 5631 1191 5691 secundum
1215 5626 1347 5687 illos
1368 5629 1429 5687 in
1448 5627 1591 5687 luna
1612 5625 1755 5685 Julii
1775 5642 1934 5684 men-

278 5723 362 5783 sis
383 5716 552 5781 illum
575 5724 872 5803 praeterire
892 5718 1234 5795 debeamus,
1249 5738 1323 5782 ne
1342 5717 1715 5803 sequentium
1733 5716 1936 5777 Kalen-

279 5815 490 5876 uarum
500 5810 732 5875 lunaris
751 5812 1021 5875 turbetur
1040 5809 1418 5891 computatio.
1433 5808 1579 5883 Quia
1590 5808 1639 5871 si
1660 5810 1719 5871 in
1733 5824 1934 5871 mense

2006 2591 2205 2649 “horas
2271 2591 2490 2665 reperis
2514 2636 2529 2662 ,

2017 726 2161 783 luna
2184 727 2510 784 secundum
2532 730 2874 799 cpactarum
2897 726 3183 784 rationem
3216 746 3249 783 a
3264 728 3553 788 Kalendis
3578 732 3674 790 Se-

2018 815 2327 887 ptembris,
2351 832 2457 888 per
2474 818 2596 871 tres
2617 813 2944 882 menses,id
2966 819 3056 871 est
3084 822 3273 888 usque
3289 816 3350 873 in
3383 818 3672 878 Kalendas

2018 903 2385 973 Decembris;
2420 904 2575 976 quod
2603 905 2653 960 si
2686 903 2745 959 in
2786 921 2853 960 eo
2890 903 3038 972 loco,
3071 903 3130 960 id
3191 909 3281 962 est
3305 906 3366 962 in
3396 907 3574 977 Julio,
3608 913 3675 965 ut

2023 993 2148 1049 Kal.
2165 994 2406 1066 Aug.,ut
2426 992 2705 1058 diximus,
2720 992 2874 1049 diem
2896 992 3056 1049 hunc
3075 994 3396 1064 transllias,
3410 995 3470 1052 in
3494 999 3673 1054 unius

1955 1149 1958 1152 _
2018 1086 2253 1137 tantum
2275 1081 2526 1154 Augusti
2551 1079 2824 1137 Kalendis
2846 1082 2917 1137 ab
2934 1086 3270 1154 cpactarum
3296 1083 3543 1143 lectione
3560 1087 3675 1143 dis-

2022 1176 2193 1228 sonat
2217 1170 2379 1227 luna.

2646 1256 2879 1316 CAPUT
2916 1259 3051 1316 XIX.

2205 1348 2354 1420 Qum
2380 1349 2542 1406 horis
2571 1350 2709 1406 (una
2734 1349 2924 1407 luceat
2949 1350 3191 1421 singulis
3216 1348 3491 1409 noctibus.

2095 1441 2247 1505 Quot
2272 1439 2436 1495 horis
2462 1438 2611 1495 luna
2650 1456 2752 1511 per
2790 1438 3056 1511 singulas
3096 1444 3298 1496 noctes
3334 1440 3527 1499 luceat
3565 1443 3676 1499 hoc

2024 1528 2198 1585 modo
2229 1527 2457 1600 collige.
2490 1527 2684 1583 Primo
2715 1528 2862 1583 scito
2901 1545 3032 1584 eam
3062 1545 3131 1584 ex
3163 1546 3279 1601 quo
3306 1547 3343 1585 a
3372 1530 3492 1586 sole
3518 1548 3674 1588 rece-

2024 1617 2171 1673 dens
2201 1616 2393 1689 prima
2422 1615 2658 1684 dicitur,
2680 1634 2871 1689 usque
2898 1619 2971 1674 ad
3001 1636 3075 1674 xv
3101 1634 3216 1691 quo
3242 1616 3477 1693 longius
3507 1621 3580 1676 ab
3610 1638 3677 1677 eo

2024 1706 2296 1762 recedere
2340 1722 2459 1762 non
2511 1710 2723 1779 potest,
2758 1705 3008 1779 singulis
3039 1696 3311 1764 noctibus
3360 1712 3679 1780 quaternos

2008 1798 2279 1867 ‘punctos
2322 1792 2473 1851 lucis
2520 1804 2642 1852 “suae
2691 1799 2984 1852 οιιθιιιειιῖο
3034 1796 3266 1865 addere,
3314 1796 3679 1871 totidemque

2026 1876 2301 1957 deinceps
2329 1883 2778 1957 repr'oximando
2796 1884 2894 1941 sol
2944 1900 3012 1939 ex
3050 1883 3235 1941 altera
3263 1889 3428 1960 parte
3464 1880 3679 1944 circuli

2025 1986 2216 2044 usque
2232 1972 2303 2028 ad
2316 1978 2437 2028 xxx
2455 1968 3100 2030 imminuere£uandin
3122 1988 3259 2047 ergo
3280 1973 3339 2031 in
3358 1979 3679 2050 augmento

2029 2063 2136 2129 est,
2169 2060 2228 2116 id
2277 2063 2363 2116 est
2413 2076 2605 2133 usque
2636 2062 2707 2117 ad
2737 2079 2831 2130 xv,
2865 2061 2937 2117 ad
2985 2061 3302 2119 lucen'dum
3352 2060 3682 2139 multiplica

2028 2150 2157 2220 ejus
2179 2154 2407 2206 (etatem
2430 2152 2654 2222 quater,
2671 2156 2726 2207 et
2748 2166 2814 2207 ex
2835 2148 2928 2207 his
2947 2166 3095 2223 quos
3112 2151 3405 2209 inveneris
3422 2155 3678 2227 punctis,

2008 2237 2202 2294 “facito
2244 2238 2421 2294 horas
2453 2237 2717 2312 singulas
2764 2254 2871 2311 per
2900 2240 3113 2311 quinos
3144 2246 3414 2313 punctus.
3446 2243 3531 2300 Ad
3562 2259 3680 2301 non

2027 2325 2345 2383 lucendum
2375 2338 2510 2384 vero
2562 2340 2899 2395 numerum,
2934 2328 3035 2401 qui
3083 2333 3172 2385 est
3220 2325 3292 2387 ab
3340 2331 3468 2403 ejus
3516 2337 3681 2390 aetate

2029 2428 2217 2487 usque
2267 2416 2338 2471 ad
2387 2433 2482 2482 xv,
2514 2415 2719 2473 itidem
2766 2414 3116 2490 multiplica,
3150 2422 3206 2473 et
3250 2418 3426 2477 factis
3474 2422 3681 2478 exinde

2028 2520 2237 2560 rursus
2264 2503 2449 2573 horis,
2481 2504 2542 2560 in
2580 2521 2879 2562 summam
2929 2505 3161 2579 collige;
3196 2506 3333 2564 etsi
3361 2509 3422 2564 in
3451 2513 3573 2567 toto
3600 2528 3680 2567 xu

2608 2597 2762 2650 recte
2835 2600 3211 2668 computasse
3281 2599 3339 2653 te
3432 2599 3677 2655 noveris.

2028 2681 2351 2754 Postquam
2383 2698 2518 2738 vero
2556 2683 2889 2740 decressere
2916 2684 3108 2756 erepit,
3130 2684 3190 2740 id
3232 2689 3321 2742 est
3344 2702 3385 2742 a
3412 2702 3489 2743 xv
3516 2687 3679 2743 dein-

2010 2782 2187 2843 ceps,
2211 2771 2284 2826 ad
2310 2770 2629 2827 lucendum
2652 2771 2979 2845 multiplica
2999 2789 3335 2845 numerum,
3360 2776 3460 2848 qui
3488 2780 3580 2833 est
3606 2776 3678 2833 ab

2010 2861 2159 2932 ‘ejus
2198 2863 2365 2916 atate
2393 2877 2582 2933 usque
2611 2876 2748 2930 xxx;
2784 2861 2856 2917 ad
2888 2879 3004 2917 non
3030 2862 3353 2921 lucendum
3382 2879 3515 2921 vero
3546 2883 3581 2922 a
3604 2874 3682 2924 xv

2031 2962 2220 3021 usque
2252 2950 2325 3005 ad
2355 2950 2486 3021 ejus
2515 2953 2766 3019 nitatem,
2791 2952 2992 3024 sicque
3022 2956 3125 3025 per
3152 2955 3350 3009 omnia
3380 2955 3583 3024 facias,
3616 2959 3683 3011 ut

2030 3037 2253 3093 dictum
2282 3042 2373 3094 est
2417 3055 2618 3111 supra.
2654 3038 2831 3095 Porro
2870 3056 2998 3109 xva,
3032 3041 3173 3113 quia
3216 3043 3393 3114 plena
3421 3048 3529 3114 est,
3559 3047 3684 3101 tota

2004 3131 2201 3183 “nocte
2232 3127 2406 3183 lucet.
2434 3129 2653 3193 Quater
2682 3129 2840 3184 enim
2872 3130 3153 3201 quindeni
3186 3147 3256 3186 LX
3286 3136 3427 3188 sunt
3455 3134 3680 3206 puncti,

2032 3221 2089 3272 et
2117 3217 2342 3272 faciunt
2386 3216 2564 3273 horas
2612 3234 2714 3273 χιι.
2766 3218 3017 3275 Econtra
3061 3219 3145 3274 nil
3190 3219 3348 3277 lucet
3388 3239 3557 3292 xxxa,
3590 3227 3682 3277 ut-

2032 3309 2166 3378 pote
2215 3305 2325 3361 soli
2383 3306 2709 3378 supposita,
2753 3308 2883 3379 ejus
2939 3309 3147 3380 majori
3204 3308 3428 3366 lumine
3475 3312 3686 3368 obscu-

2032 3398 2176 3450 rata.
2235 3394 2397 3451 Hane
2452 3394 2659 3451 horam
2713 3395 2894 3452 Graeci
2958 3398 3221 3470 synodon
3277 3406 3514 3471 vocant,
3577 3401 3684 3457 La-

2031 3483 2141 3538 tini
2198 3486 2395 3539 autem
2450 3483 2699 3549 coitum,
2757 3486 2914 3555 quod
2971 3489 3100 3541 tum
3169 3489 3387 3559 pariter
3452 3490 3685 3562 utrique

2034 3576 2259 3628 coeant.

2667 3660 2900 3719 CAPUT
2938 3661 3050 3719 XX.

2176 3753 2302 3820 Qua
2331 3754 2479 3807 hora
2511 3750 2741 3821 eclipsis
2768 3752 2903 3808 solis
2932 3768 3003 3810 ac
3028 3754 3179 3815 lunae
3213 3756 3537 3825 proveniat.

2107 3841 2229 3906 Quo
2261 3843 2522 3913 tempore
2549 3838 2805 3913 eclipsis,
2840 3840 2897 3896 id
2929 3845 3037 3911 est,
3070 3843 3333 3900 defectus
3363 3844 3503 3901 solis
3533 3848 3681 3902 acci-

2035 3927 2169 3983 dere
2200 3926 2386 3985 solet?
2408 3927 2620 3997 Primo,
2644 3928 2693 3984 si
2725 3927 2929 3987 lunam
2953 3931 3155 3987 eadem
3180 3931 3334 3989 linea
3363 3949 3480 4007 qua
3499 3932 3682 3991 solem

2033 4015 2165 4072 vehi
2189 4016 2518 4090 contigerit.
2541 4016 2845 4089 Siquidem
2878 4017 3123 4096 latitudo
3154 4022 3416 4096 signiferi
3445 4041 3523 4080 xu
3550 4042 3682 4097 par-

2030 4105 2195 4162 tibus
2221 4106 2502 4176 tenditur,
2527 4120 2779 4179 quarum
2802 4110 3056 4166 mediam
3086 4115 3317 4167 tantum
3339 4112 3425 4168 sol
3455 4130 3682 4187 peram-

2035 4194 2219 4252 bulat.
2236 4195 2399 4252 Lnna
2416 4199 2616 4252 autem
2636 4206 2741 4269 per
2762 4200 2945 4254 totam
2958 4200 3087 4271 ers
3108 4199 3479 4258 latitudinem
3500 4219 3512 4259 :
3530 4208 3687 4259 terra

2034 4286 2253 4354 autem,
2280 4288 2480 4359 utpote
2508 4286 2688 4342 totius
2710 4287 3310 4345 mundanze‘centrum
3339 4289 3601 4364 Spbierae,
3624 4294 3686 4347 in

2014 4373 2230 4430 “medio
2260 4374 2469 4431 mundi
2494 4372 2704 4440 locata,
2731 4373 2922 4431 eidem
2953 4376 3150 4448 potius
3180 4379 3463 4434 medianae
3492 4380 3690 4452 subja-

2036 4466 2127 4519 eet
2153 4462 2327 4537 parti.
2360 4461 2525 4520 Unde
2556 4476 2789 4536 semper
2831 4463 3092 4521 ambitur
3118 4480 3154 4522 a
3181 4464 3323 4523 sole.
3356 4464 3503 4523 Cum
3549 4474 3687 4542 ergo

2036 4550 2123 4609 sol
2155 4562 2354 4624 supra,
2385 4550 2529 4609 luna
2580 4551 2800 4609 feratur
2829 4553 3003 4622 intra,
3034 4557 3190 4610 terra
3226 4559 3423 4613 autem
3453 4557 3689 4630 utrique

2016 4646 2019 4649 ’
2036 4641 2115 4698 sit
2144 4641 2430 4714 subjecta,
2454 4640 2592 4712 illis,
2614 4640 2738 4698 sole
2757 4641 2981 4700 scilicet
3001 4648 3058 4700 et
3078 4645 3218 4701 luna
3238 4645 3297 4700 in
3320 4645 3516 4702 media
3533 4644 3691 4703 linea

2037 4730 2405 4802 coeuntibus,
2437 4746 2675 4792 necesse
2687 4734 2955 4790 estterrae
2986 4730 3176 4790 eidem
3207 4732 3374 4791 lineae
3414 4735 3690 4808 subjectae

2036 4821 2233 4877 lunari
2265 4819 2499 4893 objeetu
2530 4821 2782 4880 solerem
2814 4821 3081 4880 subtrahi
3113 4828 3518 4900 conspectum.
3540 4824 3693 4883 Cum

2006 4986 2009 4987 ν
2035 4926 2172 4968 vero
2192 4927 2261 4966 ex
2288 4906 2404 4966 alia
2427 4908 2690 4983 qualibet
2716 4915 2881 4984 parte
2901 4926 2970 4970 ex
2999 4913 3285 4971 duodenis
3316 4914 3584 4988 partibus
3613 4915 3692 4972 si-

2016 4998 2248 5073 gniferi
2278 5014 2489 5056 xxxma
2536 4999 2679 5057 luna
2714 5000 2824 5057 soli
2854 5001 3192 5076 opponitur,
3225 5002 3365 5075 quia
3392 5002 3477 5061 illi
3526 5003 3692 5061 lineae

2039 5093 2195 5145 terra
2223 5088 2489 5160 subjecta
2517 5105 2633 5146 non
2663 5092 2770 5159 est,
2794 5106 2900 5146 nec
2930 5089 3075 5148 luna
3105 5091 3256 5148 inter
3283 5106 3412 5148 eam
3433 5096 3490 5148 et
3509 5093 3691 5151 solem

2010 5183 2151 5249 "est,
2184 5177 2312 5250 ejus
2342 5176 2541 5234 lumen
2570 5178 2741 5236 nobis
2779 5180 3062 5236 duntaxat
3092 5182 3151 5237 in
3182 5185 3336 5239 terra
3364 5183 3571 5256 positis
3600 5200 3692 5240 ce-

2041 5267 2162 5325 lare
2191 5285 2307 5324 non
2338 5271 2549 5341 potest.
2573 5264 2643 5324 Et
2661 5269 2798 5324 inde
2817 5273 2907 5325 est
2925 5271 3082 5342 quod
3116 5271 3175 5326 in
3196 5270 3451 5345 singulis
3474 5273 3693 5329 mensi-

2039 5359 2152 5415 bus
2181 5356 2323 5415 solis
2348 5357 2611 5431 patimur
2648 5356 2913 5429 eclipsin.
2948 5359 3196 5416 Lunaris
3228 5370 3369 5417 sane
3407 5361 3689 5431 defectus,

2039 5449 2142 5521 qui
2175 5447 2330 5504 circa
2358 5445 2773 5520 plenilunium,
2803 5447 2864 5503 id
2913 5451 3022 5518 est,
3055 5447 3143 5506 vel
3187 5460 3321 5508 xIva
3347 5448 3435 5508 Vel
3464 5464 3574 5506 xva
3602 5450 3692 5506 vel

2034 5554 2168 5595 xvxa
2194 5534 2338 5594 luna
2365 5538 2698 5612 cvntingere
2726 5535 2897 5608 solet,
2916 5538 3185 5609 quamvis
3205 5538 3469 5613 ejusdem
3500 5536 3690 5609 lineae,

2028 5626 2326 5685 medianae
2356 5625 2596 5700 scilicet,
2622 5628 2846 5685 ratione
2875 5628 3195 5704 contingat,
3219 5626 3584 5686 dissimiliter
3610 5630 3692 5688 ta-

2039 5732 2178 5781 men
2209 5714 2535 5779 confieitur.
2554 5716 2796 5779 Constat
2814 5717 2972 5779 enim
3002 5716 3205 5780 lunam
3237 5715 3538 5797 preprlum
3571 5734 3689 5774 non

2038 5806 2255 5870 habere
2280 5810 2500 5879 lumen,
2526 5811 2629 5870 sed
2651 5813 2711 5869 in
2733 5812 2975 5868 modum
2996 5811 3217 5885 speculi
3239 5829 3273 5869 a
3301 5807 3421 5867 sole
3450 5805 3691 5862 irradia-
