3910 6388
312 398 393 457 35
1373 390 1788 454 HELPERICI
1831 386 2186 451 MONACHI
2227 388 2292 450 S.
2341 390 2599 451 GALLI.
3657 390 3745 451 36

316 537 438 588 tam
472 530 859 602 resplendere.
885 527 1047 584 Unde
1073 542 1377 598 nunquam
1409 525 1600 582 lucere
1632 528 1823 599 potest
1852 521 1968 580 nisi
1995 518 2053 589 Α
2081 526 2167 577 est
2188 521 2272 577 sol
2295 522 2464 595 signo
2486 528 2748 578 moratus
2782 524 2874 590 sit,
2898 523 3281 595 exparaadicta
3299 524 3559 597 partium
3578 540 3744 582 sum-

318 621 499 676 radiis
537 622 839 692 penetrata
878 616 1189 674 solaribus.
1225 615 1319 672 Sol
1360 620 1577 685 autem,
1611 615 1752 687 quia
1792 612 1970 670 octies

316 726 426 766 sua
456 707 861 782 magnitudine
892 712 1107 763 terram
1137 706 1334 773 vincit,
1363 709 1429 761 ut
1457 705 1661 762 subtili
1692 703 1970 775 indagine

316 801 612 870 repertum
642 800 749 864 est,
776 813 1081 869 nunquam
1116 796 1188 850 ab
1216 811 1286 850 ea
1314 796 1472 849 totus
1503 794 1619 867 tegi
1652 797 1754 849 aut
1782 790 1971 848 occul-

313 887 423 941 tari
458 890 666 959 potest,
700 886 844 957 quin
875 885 1071 941 radios
1101 902 1241 941 suos
1286 887 1344 940 et
1382 899 1518 939 cum
1558 883 1669 938 sub
1698 882 1827 955 ipsa
1855 884 1963 948 est,

315 976 575 1047 undique
607 976 678 1030 ad
713 975 1017 1047 superiora
1044 976 1323 1042 remittat,
1346 972 1558 1029 umbra
1578 976 1743 1027 terra:
1766 972 1968 1026 contra

314 1065 568 1118 mediam
602 1063 865 1134 signiferi
897 1062 1243 1131 lineam,eui
1276 1062 1471 1134 potius
1494 1062 1841 1133 subjaeet,et
1864 1075 1968 1131 per

310 1168 491 1223 quam
522 1151 666 1209 solis
709 1156 797 1208 est
850 1153 976 1219 iter,
1012 1151 1190 1207 altius
1238 1155 1598 1224 penetrante.
1630 1150 1777 1204 Cum
1828 1166 1964 1221 ergo

310 1243 486 1314 plena
514 1241 657 1298 luna
683 1241 1097 1314 hemisphaerio
1120 1258 1154 1296 a
1184 1239 1304 1297 sole
1327 1240 1554 1296 distans
1573 1256 1677 1312 per
1695 1238 1963 1295 eamdem

309 1331 567 1390 mediam
587 1331 771 1386 fertur
788 1330 1189 1402 lineam,quia,
1209 1328 1329 1385 sole
1352 1328 1627 1385 inferiora
1655 1331 1962 1402 penetran-

308 1425 386 1491 te,
420 1421 612 1492 ipsam
642 1419 846 1475 lunam
876 1436 1111 1475 necesse
1143 1423 1230 1474 est
1256 1418 1535 1474 scandere
1561 1416 1887 1489 superiora,
1908 1420 1966 1472 et

308 1513 547 1567 econtra
573 1508 716 1578 sole,
748 1509 807 1565 id
847 1515 935 1564 est
966 1525 1142 1580 super
1190 1513 1403 1564 terram
1452 1507 1801 1580 hypcrygeo,
1836 1507 1965 1579 ipsa

307 1598 452 1657 luna
480 1597 735 1655 efﬁcitur
773 1598 883 1653 sub
932 1601 1088 1653 terra
1137 1597 1421 1670 hypogea,
1454 1612 1691 1652 necesse
1720 1598 1811 1652 est
1834 1610 1961 1651 eam

306 1686 429 1744 sive
457 1686 749 1744 infernam
787 1687 1031 1742 deﬁcere
1079 1684 1198 1742 sive
1247 1701 1587 1759 supernam,
1616 1687 1816 1758 utpote
1861 1700 1966 1757 per

307 1775 581 1835 umbram
612 1779 778 1831 terra:
802 1775 1190 1842 incedentem,
1214 1777 1271 1831 et
1290 1789 1667 1846 nequaquam
1687 1773 1809 1830 sole
1831 1788 1963 1831 eam

2081 628 2197 679 ma,
2222 612 2284 667 in
2310 611 2525 683 quibus
2556 613 2823 683 partibus
2856 612 3055 668 lunam
3078 629 3112 667 a
3133 611 3253 667 sole
3274 616 3560 669 remotam
3582 614 3745 671 inve-

2078 718 2271 770 neras,
2304 700 2502 773 ipsum
2534 718 2846 759 numerum
2879 717 3121 758 sumens
3149 702 3318 758 dabis
3341 703 3534 759 eidem
3564 703 3742 779 signo

2078 790 2150 845 ad
2184 790 2538 863 explendum
2571 790 2682 846 iter
2718 790 2889 857 solis;
2932 789 3181 862 reliqoos
3219 808 3353 847 vero
3383 792 3486 871 qui
3529 810 3742 866 super-

2077 881 2296 936 fuerint
2308 881 2380 936 de
2400 898 2637 936 summa
2655 880 3322 953 partium,scquentibus
3344 898 3448 953 per
3464 882 3741 939 ordinem

2077 969 2264 1041 signis
2294 986 2400 1042 per
2426 968 2678 1025 tricenos
2709 969 3041 1041 disperties.
3073 971 3143 1025 Et
3173 971 3265 1025 eui
3299 970 3466 1044 signo
3497 989 3611 1027 xxx
3640 973 3741 1028 de-

2077 1058 2313 1126 fuerint,
2346 1058 2406 1112 in
2455 1075 2522 1114 eo
2551 1058 2754 1115 lunam
2805 1076 2936 1115 esse
2984 1060 3211 1115 noveris
3261 1059 3321 1114 in
3371 1065 3494 1116 tota
3544 1060 3737 1133 ipsius

2075 1152 2259 1219 parte,
2293 1153 2437 1219 quot
2465 1146 2548 1201 illi
2581 1148 2749 1221 signo
2780 1166 2850 1204 ex
2879 1148 3121 1220 praefata
3167 1166 3403 1206 summa
3450 1167 3735 1222 provene-

2075 1235 2379 1302 rint.Quod
2411 1238 2458 1291 si
2493 1236 2553 1292 in
2583 1253 2819 1291 summa
2850 1237 3105 1309 partium
3136 1242 3223 1293 tot
3250 1238 3621 1295 solummodo
3647 1243 3739 1299 in-

2072 1324 2298 1381 veneris
2327 1329 2471 1397 quot
2500 1327 2692 1381 adhuc
2724 1327 2847 1382 dics
2878 1325 2939 1381 in
2969 1342 3035 1382 eo
3057 1344 3173 1399 quo
3205 1332 3294 1384 est
3321 1328 3488 1401 signo
3520 1330 3736 1403 degere

2072 1413 2270 1481 habet,
2304 1420 2404 1471 aut
2433 1414 2655 1487 aliquid
2702 1415 2922 1482 minus,
2958 1415 3017 1471 in
3050 1417 3255 1473 eodem
3305 1419 3471 1491 signo
3523 1418 3733 1475 lunam

2073 1521 2207 1559 eum
2242 1504 2363 1559 sole
2395 1522 2523 1560 esse
2552 1505 2726 1570 scito;
2760 1505 2916 1578 quod
2948 1504 3097 1561 solet
3125 1506 3389 1563 accidere
3423 1507 3614 1577 prima
3639 1509 3735 1565 vel

2072 1593 2333 1649 secunda
2358 1592 2518 1662 luna,
2550 1593 2740 1665 posito
2770 1593 2891 1651 sole
2922 1595 2982 1649 in
3014 1594 3312 1667 prioribus
3340 1597 3629 1669 cujusque
3648 1600 3733 1655 si-

2073 1681 2172 1756 gni
2224 1681 2511 1755 partibus.
2560 1682 2662 1739 Sin
2709 1687 2905 1739 autem
2954 1682 3250 1741 intentum
3299 1702 3582 1743 numerus
3629 1686 3735 1744 ille

2072 1771 2330 1845 partium
2362 1772 2698 1847 excreverit,
2730 1776 2797 1828 ut
2842 1770 2927 1828 illi
2959 1770 3128 1846 signo
3157 1773 3219 1829 in
3248 1790 3365 1848 quo
3397 1779 3487 1832 est
3514 1775 3602 1832 001
3630 1793 3740 1834 ex-

306 1881 469 1923 more
497 1863 669 1927 solito
708 1865 1074 1938 respiciente.
1102 1864 1175 1961 at
1217 1864 1266 1921 si
1299 1880 1401 1937 per
1430 1862 1607 1961 aliam
1638 1861 1964 1961 quamlibet
1988 1891 2040 1961 Β
2071 1859 2247 1961 pleto,
2281 1861 2524 1961 reliquis
2555 1861 2831 1961 omnibus
2879 1861 3078 1961 signis.
3116 1880 3246 1931 xxx,
3281 1867 3478 1961 patres
3526 1882 3741 1937 prove-

305 1957 693 2027 utrarumque
739 1954 1067 2028 positarum
1108 1952 1402 2010 linearum
1448 1952 1688 2019 feratur,
1739 1951 1958 2024 quibus

302 2047 460 2099 terra
507 2044 580 2101 ob
627 2044 719 2100 sui
751 2043 1126 2116 exiguitatem
1176 2041 1364 2099 solare
1412 2058 1719 2114 nunquam
1767 2045 1959 2115 potest

303 2133 564 2188 adimere
596 2132 821 2201 lumen,
841 2132 971 2205 ipsa
1000 2131 1143 2187 luna
1169 2131 1587 2188 adumbraticzs
1606 2129 1772 2187 110001
1792 2147 1956 2187 exor-

304 2220 586 2278 bitatione
605 2221 756 2278 lucis
777 2238 895 2277 sua:
917 2221 1203 2277 damnum
1222 2219 1374 2276 valet
1394 2220 1668 2293 effugere,
1693 2220 1751 2275 id
1772 2223 1881 2288 est,
1905 2220 1955 2277 si

300 2311 390 2368 vel
421 2310 732 2369 sublimior
762 2310 833 2366 ad
883 2311 1143 2377 boream,
1175 2308 1262 2365 vel
1293 2309 1550 2365 divexior
1579 2308 1699 2365 0010
1737 2309 1960 2366 feratur

303 2401 376 2457 ad
409 2404 699 2476 austrum.
735 2401 805 2456 Et
835 2398 957 2456 hzec
989 2403 1076 2455 est
1105 2398 1245 2455 item
1294 2398 1440 2455 ratio
1470 2415 1577 2455 cur
1625 2415 1741 2455 non
1795 2400 1955 2455 omni

302 2488 624 2562 plenilunio
653 2489 798 2546 luna
827 2488 1059 2545 deficiat
1096 2505 1437 2561 quanquam
1486 2486 1755 2544 nonnulli
1805 2505 1957 2545 asse-

303 2582 436 2635 rant
464 2582 802 2652 utrumque,
827 2582 884 2634 et
913 2577 1096 2634 solem
1127 2577 1351 2634 scilicet
1379 2581 1436 2632 et
1458 2578 1685 2647 lunam,
1711 2594 1840 2634 raro
1863 2595 1956 2633 su-

302 2685 499 2740 perne,
532 2668 867 2740 frequenter
910 2672 1105 2723 autem
1156 2667 1402 2723 inferius
1423 2652 1696 2723 deﬁcere.
1731 2667 1814 2722 0b
1844 2666 1953 2723 hu-

290 2758 559 2829 jusmodi
591 2774 830 2816 causam
850 2757 1089 2830 010110ιο
1110 2756 1304 2814 media
1324 2756 1478 2813 linea
1501 2756 1766 2829 ecliptica
1786 2772 1954 2812 voca-

302 2850 417 2915 tur,
444 2847 600 2919 quod
632 2849 942 2919 utriusque
973 2847 1254 2915 defectus,
1278 2845 1487 2902 solaris
1517 2862 1584 2901 ac
1611 2844 1855 2912 lunaris,
1879 2844 1957 2901 sit

303 2952 501 2991 causa.
526 2935 718 2993 Claret
734 2952 874 3013 ergo
905 2934 1089 2990 solem
1122 2933 1183 2988 in
1213 2951 1323 2989 sua
1349 2933 1551 3004 eelipsi
1575 2932 1720 2987 nihil
1744 2931 1953 2997 minui,

300 3042 363 3081 se
393 3042 523 3083 non,
540 3025 671 3093 ejus
714 3016 955 3095 aspectu
994 3022 1276 3077 fraudari.
1312 3022 1537 3077 Lunam
1575 3037 1707 3075 vero
1737 3020 1961 3091 eclipti-

303 3129 434 3168 cam
464 3110 699 3184 penitus
736 3110 959 3165 lumine
995 3108 1229 3181 privari,
1263 3110 1421 3181 quod
1461 3114 1700 3180 tangere
1728 3108 1959 3163 videtur

300 3200 602 3273 Virgilius,
636 3215 771 3255 cum
802 3197 885 3254 ait
914 3214 928 3251 :

489 3297 736 3349 Defectus
764 3296 892 3346 solis
920 3296 1112 3357 varios,
1145 3295 1394 3361 lunaeque
1424 3295 1654 3346 labores.

303 3390 556 3446 Labores
585 3388 744 3443 enim
774 3386 926 3445 lunae
972 3387 1101 3459 ipsa
1131 3403 1259 3458 quae
1290 3386 1511 3458 patitur
1554 3384 1798 3442 luminis
1826 3384 1951 3442 dis-

303 3478 514 3550 pendia
538 3481 724 3534 vocat.

919 3593 1152 3650 CAPUT
1190 3592 1330 3648 XXI.

535 3689 604 3741 In
631 3699 743 3757 quo
772 3685 939 3755 signa
965 3684 1043 3740 sit
1072 3685 1211 3740 (una
1236 3683 1479 3754 singuli:
1506 3682 1721 3739 diebus.

375 3810 439 3866 In
464 3826 581 3882 quo
611 3810 781 3884 signo
802 3808 944 3865 luna
964 3814 1227 3865 moretur
1255 3808 1533 3881 quotidie,
1557 3807 1645 3864 vel
1668 3812 1810 3879 quot
1830 3823 1957 3882 par-

302 3901 461 3956 tibus
492 3917 525 3954 a
549 3899 673 3954 sole
703 3915 807 3969 per
828 3898 1094 3970 singulos
1115 3897 1241 3954 dies
1272 3896 1597 3970 elongetur,
1621 3896 1729 3953 hoc
1753 3896 1957 3952 ordine

302 3986 701 4061 investigabis.
719 3988 897 4042 Sume
928 4003 1159 4059 semper
1179 3989 1407 4043 atatem
1438 3985 1612 4052 lunaa,
1637 3989 1955 4059 quotaeun-

304 4094 417 4150 que
450 4076 643 4144 fuerit,
677 4079 736 4132 at
766 4074 1092 4148 multiplica
1135 4078 1360 4148 quater,
1394 4076 1709 4148 ipsumque
1748 4091 1956 4131 rursus

303 4182 617 4223 numerum
666 4170 756 4221 ter
798 4164 1024 4233 ducito;
1059 4168 1116 4223 et
1147 4169 1284 4238 quot
1316 4165 1377 4221 in
1428 4180 1664 4222 summa
1713 4163 1953 4237 reperis,

303 4259 388 4313 tot
417 4254 683 4329 partibus
704 4271 832 4323 eam
866 4272 899 4313 a
929 4254 1049 4312 sole
1082 4254 1310 4314 noveris
1341 4253 1648 4328 disparari,
1673 4252 1729 4309 id
1762 4257 1870 4321 est,
1894 4251 1953 4311 in

304 4361 369 4401 eo
399 4343 524 4402 loco
568 4345 773 4419 degere
804 4344 877 4409 ad
910 4361 1085 4418 quem
1117 4349 1399 4403 venturus
1430 4344 1505 4401 sit
1537 4341 1622 4400 sol
1654 4346 1787 4416 post
1816 4342 1955 4398 toti-

305 4435 436 4490 dem
470 4433 613 4491 dies.
648 4434 849 4495 Partes
896 4436 1053 4492 enim
1097 4433 1241 4492 istas
1285 4433 1430 4491 nihil
1461 4433 1619 4490 aliud
1652 4448 1779 4489 esse
1811 4431 1955 4487 dici-

306 4541 439 4580 mus
467 4540 645 4597 quam
678 4522 1052 4597 quotidianos
1074 4541 1177 4598 per
1206 4523 1509 4580 zodiacum
1533 4521 1674 4579 solis
1695 4536 1958 4594 progres-

2068 1950 2235 2008 niant
2263 1968 2368 2024 per
2395 1950 2634 2024 singula
2663 1950 2834 2024 signa
2853 1968 3042 2025 usque
3064 1951 3204 2008 item
3235 1953 3308 2009 ad
3328 1951 3476 2009 illud
3504 1952 3566 2010 in
3609 1970 3736 2027 quo

2067 2040 2250 2097 solem
2286 2057 2414 2097 esse
2445 2045 2669 2097 certum
2697 2045 2805 2112 est,
2840 2045 2898 2096 et
2926 2039 3151 2113 aliquot
3185 2046 3382 2114 partes
3422 2043 3736 2116 superfue-

2067 2133 2205 2202 rint,
2235 2131 2438 2186 itidem
2469 2130 2530 2185 in
2560 2147 2628 2186 eo
2658 2131 2827 2203 signo
2853 2129 3072 2202 pariter
3096 2147 3195 2188 eos
3221 2148 3351 2188 esse
3378 2136 3628 2189 constat.
3654 2133 3733 2190 Et

2065 2219 2176 2276 1100
2198 2220 2459 2276 accidere
2481 2218 2628 2274 solet
2647 2236 2822 2274 xxvm
2844 2217 2931 2273 vel
2954 2236 3089 2275 χχιχ
3108 2218 3399 2289 11100,οο10
3419 2221 3479 2277 10
3501 2226 3731 2294 postre-

2066 2301 2179 2355 mis
2210 2299 2362 2373 signi
2393 2298 2661 2371 partibus
2686 2298 3072 2371 degente.Sed
3097 2297 3242 2356 illud
3265 2302 3536 2374 superius
3557 2302 3616 2357 in
3641 2318 3733 2359 re»-

2065 2389 2327 2446 eessione
2349 2405 2382 2444 a
2403 2385 2543 2456 sole,
2559 2386 2669 2446 hoc
2686 2403 2822 2444 vero
2844 2387 3133 2461 contingit
3154 2388 3213 2445 in
3232 2389 3734 2462 reproximatione

2065 2478 2217 2535 lunae
2246 2478 2319 2535 ad
2351 2475 2555 2533 solem.
2590 2479 2888 2544 Quantum
2918 2476 3076 2533 enim
3124 2494 3227 2550 per
3277 2477 3542 2553 singulos
3592 2480 3728 2536 dies

2064 2566 2372 2639 elongatur
2416 2565 2488 2620 ab
2535 2582 2621 2635 eo,
2658 2565 2934 2621 recedens
2982 2582 3051 2621 ex
3103 2582 3221 2621 una
3270 2570 3465 2638 partes
3514 2566 3730 2623 circuli

2066 2673 2253 2728 usque
2274 2655 2346 2711 ad
2370 2654 2871 2728 hemisphaerium,
2892 2654 3048 2726 quod
3070 2659 3160 2709 est
3179 2672 3280 2723 xv;
3306 2660 3536 2711 tantum
3561 2660 3726 2711 tenet

2066 2747 2341 2817 deinceps
2362 2744 2552 2799 eidem
2575 2743 2683 2799 soli
2702 2741 3039 2815 proximans
3057 2760 3124 2798 ex
3141 2742 3325 2800 altera
3345 2746 3725 2818 parte,donec

2066 2835 2138 2890 ad
2161 2836 2418 2906 signum,
2444 2832 2561 2888 imo
2585 2833 2656 2888 ad
2679 2832 2944 2888 eamdem
2967 2831 3154 2905 ipsius
3186 2832 3338 2905 signi
3362 2838 3612 2906 partem,
3636 2851 3729 2890 vo-

2066 2922 2211 2987 niat,
2246 2920 2346 2976 ubi
2386 2937 2522 2977 eum
2572 2920 2888 2990 reliquerat
2937 2924 3059 2975 toto
3109 2926 3416 2994 peragrato
3462 2921 3725 2989 zodiaca,

2066 3009 2243 3082 quod,
2277 3012 2343 3064 ut
2380 3008 2604 3063 dictum
2654 3012 2745 3062 est
2792 3008 3086 3079 superius,
3118 3027 3272 3065 xxvn
3317 3011 3526 3067 diebus
3555 3016 3615 3068 et
3645 3028 3729 3068 vn

2065 3097 2227 3153 horis
2258 3095 2505 3167 perficit.
2530 3095 2644 3151 Sed
2673 3094 2812 3166 quia
2842 3094 2971 3165 jam
3000 3096 3082 3150 ibi
3114 3096 3297 3152 solem
3330 3116 3446 3154 non
3480 3099 3729 3169 invenit,

2067 3188 2270 3259 utpote
2317 3201 2470 3240 xxvn
2519 3183 2808 3256 partibus,
2860 3184 2920 3239 in
2970 3183 3185 3257 quibus
3234 3185 3365 3257 ipsa
3410 3189 3727 3244 zodiacum

1981 3259 2026 3328 ί]
2060 3276 2430 3342 lustraverat,
2446 3273 2653 3329 exinde
2676 3271 3035 3346 elongatum,
3053 3278 3186 3346 post
3208 3273 3522 3330 circuitum
3548 3278 3730 3351 signi-

2061 3366 2250 3423 ferum
2274 3362 2505 3419 duobus
2527 3361 2732 3417 diebus
2755 3366 2812 3417 et
2834 3379 2891 3417 1v
2919 3361 3080 3418 horis
3102 3362 3432 3435 perﬁciens,
3455 3366 3615 3437 quod
3639 3366 3730 3424 sol

2063 3452 2358 3528 przedictis
2373 3468 2527 3509 xxvn
2543 3450 2750 3507 diebus
2773 3455 2939 3507 etvm
2960 3450 3121 3507 horis
3144 3458 3467 3525 peregerat,
3484 3470 3725 3513 rursum

2066 3559 2200 3600 eum
2232 3541 2376 3598 luna
2405 3540 2805 3613 consequitur,
2831 3545 2889 3596 et
2909 3539 3100 3596 eidem
3131 3542 3454 3598 succedens
3484 3542 3726 3615 penitus

2066 3633 2438 3697 obscuratur,
2470 3634 2528 3687 et
2557 3646 2702 3686 xxva
2729 3630 3011 3699 efﬁcitur;
3046 3630 3145 3702 qui
3176 3631 3353 3687 etiam
3385 3631 3511 3688 dies
3540 3631 3725 3688 inter-

2066 3723 2296 3777 lunium
2328 3720 2477 3776 solet
2506 3718 2807 3792 appellari,
2844 3720 2998 3791 quod
3040 3719 3192 3775 inter
3229 3720 3513 3777 defectam
3543 3726 3603 3777 et
3633 3739 3724 3777 re-

2068 3816 2406 3868 nascentem
2433 3810 2510 3864 sit
2540 3807 2762 3865 lunam.

2682 3916 2914 3972 CAPUT
2960 3917 3109 3974 XXII

2067 4016 2194 4082 Qua
2217 3994 2363 4067 hora
2387 4011 2525 4064 (una
2544 4006 2921 4077 accendatur,
2936 4008 3023 4064 vel
3040 4023 3154 4078 qua
3177 4009 3236 4064 in
3256 4024 3363 4064 sua
3387 4009 3725 4065 accendant

2660 4086 2845 4134 mutet
2874 4086 3122 4135 atatem.

2138 4172 2197 4228 Si
2230 4187 2402 4227 nosse
2431 4170 2598 4240 cupis
2630 4184 2747 4239 qua
2776 4166 2921 4225 hora
2963 4168 3077 4226 diei
3119 4168 3260 4226 luna
3299 4169 3659 4225 accendatur
3690 4185 3723 4224 0

2066 4261 2208 4327 0010,
2241 4260 2299 4315 id
2333 4264 2423 4316 est
2462 4262 2652 4315 mutet
2697 4261 2947 4327 mtatem,
2979 4257 3110 4315 vide
3138 4264 3353 4332 quotus
3403 4257 3479 4314 sit
3527 4274 3722 4314 annus

2066 4351 2226 4407 illius
2257 4347 2402 4420 cycli
2434 4348 2532 4420 qui
2558 4345 2789 4420 proprie
2813 4345 3034 4404 lunaris
3062 4347 3300 4417 dicitur,
3325 4348 3496 4420 cujus
3528 4347 3725 4406 inven-

2068 4440 2286 4496 tionem
2334 4440 2467 4510 post
2513 4436 2876 4504 docebimus,
2926 4442 2984 4492 et
3032 4452 3343 4494 numerum
3392 4434 3724 4508 multiplica

2067 4527 2401 4602 quinquies,
2416 4526 2626 4598 hisque
2648 4525 2797 4581 adde
2817 4527 3140 4598 praeteritos
3160 4525 3298 4584 anni
3321 4525 3444 4583 dies
3472 4542 3506 4581 a
3539 4525 3721 4584 Kalen

304 4629 429 4669 sus.
462 4612 605 4669 Item
638 4612 698 4668 in
737 4614 940 4671 eodem
972 4617 1318 4686 argumento
1346 4612 1594 4686 probare
1626 4609 1950 4682 contendis,
1981 4630 2031 4698 Β
2065 4620 2157 4677 dis
2180 4613 2444 4674 Januarii
2469 4632 2655 4687 usque
2678 4614 2748 4670 ad
2772 4632 2907 4670 eum
2932 4615 3088 4671 diem
3111 4616 3182 4673 de
3204 4633 3319 4689 quo
3343 4615 3733 4689 qumﬁ3,0ui.

303 4702 363 4757 10
398 4719 513 4774 quo
544 4703 713 4776 signo
743 4702 883 4760 luna
908 4704 1109 4760 eodem
1133 4702 1226 4758 die
1246 4700 1565 4758 consistat?
1595 4700 1856 4756 Primum
1876 4701 1957 4758 vi-

307 4793 440 4848 deto
466 4792 526 4847 in
559 4809 674 4864 quo
706 4793 793 4849 sol
826 4794 953 4866 ipso
975 4796 1235 4848 moretur
1256 4792 1369 4859 die,
1394 4795 1451 4848 et
1481 4792 1539 4846 in
1560 4794 1739 4863 quota
1768 4789 1953 4863 ipsius

188 4886 197 4892 '
306 4881 454 4955 signi
487 4886 670 4955 parte,
693 4881 751 4937 id
774 4887 1041 4955 est,quot
1069 4881 1288 4938 ibidem
1309 4881 1434 4939 dies
1453 4885 1684 4939 exactos
1710 4882 1958 4940 habeat?

305 4972 376 5027 Et
404 4969 544 5043 quia
583 4972 1051 5043 unumquodque
1080 4971 1317 5043 signum
1347 4971 1669 5044 perlabitur
1713 4972 1800 5029 sol
1846 4990 1957 5030 xxx

308 5061 535 5129 diebus,
561 5077 767 5116 rursus
788 5059 978 5115 videto
999 5063 1143 5131 quot
1158 5059 1232 5115 ab
1255 5076 1322 5116 eo
1345 5060 1470 5117 dies
1492 5064 1830 5117 remaneant
1851 5080 1956 5118 us-

309 5166 424 5222 que
453 5149 524 5203 ad
556 5166 687 5217 xxx,
710 5148 768 5203 id
800 5150 889 5204 cst
937 5148 1009 5204 ad
1059 5147 1505 5220 complctionem
1556 5149 1749 5223 signi?
1790 5152 1953 5216 Quod

310 5239 549 5293 inventu
581 5235 925 5291 facillimum
965 5239 1072 5305 est,
1106 5253 1240 5293 cum
1274 5237 1359 5294 sol
1404 5238 1638 5311 singula
1659 5240 1826 5313 signa
1848 5258 1963 5296 non

310 5324 681 5381 solummodo
713 5326 887 5383 certis
915 5325 1240 5397 mensibus,
1275 5327 1375 5384 sed
1408 5333 1465 5385 et
1496 5328 1667 5384 certis
1700 5329 1963 5401 ipsorum

312 5411 607 5469 mensium
648 5414 819 5471 adeat
850 5412 1076 5487 diebus,
1101 5418 1388 5490 praecipue
1416 5436 1489 5475 xv
1520 5415 1644 5475 Kal.
1678 5420 1965 5493 cujusque

312 5500 555 5570 mensis,
589 5502 797 5574 quinta
825 5503 1051 5561 decima
1082 5505 1175 5561 die
1207 5507 1330 5563 Kal.
1363 5507 1545 5580 April.
1578 5508 1836 5581 primum
1870 5527 1964 5566 zo-

313 5590 464 5648 diaci
496 5592 734 5666 signum
780 5594 1138 5669 ingrediens,
1172 5596 1231 5652 id
1278 5601 1368 5654 est
1393 5597 1666 5654 Arietem.
1702 5599 1965 5672 Cumque

311 5682 615 5748 inventum
649 5683 823 5751 fuerit
851 5688 993 5761 quot
1023 5684 1213 5745 adhuc
1246 5687 1373 5749 dies
1401 5687 1462 5751 in
1494 5702 1559 5747 co
1591 5702 1706 5767 quo
1738 5692 1964 5766 positus

2063 4712 2176 4767 bus
2196 4709 2258 4763 in
2281 4722 2468 4763 unum
2489 4703 2741 4761 redactis
2761 4702 2822 4759 in
2846 4705 2999 4761 infra
3019 4723 3089 4761 ιχ
3108 4706 3454 4774 manserint,
3470 4710 3558 4761 tot
3581 4722 3733 4777 punr

2065 4806 2192 4857 ctos
2223 4813 2355 4853 esse
2404 4795 2558 4850 scias
2606 4792 2886 4851 horarum
2936 4793 3124 4866 ipsius
3175 4796 3324 4865 diei;
3356 4800 3414 4851 et
3458 4794 3730 4868 singulas

2063 4891 2241 4946 horas
2261 4903 2366 4959 per
2386 4885 2597 4956 quinos
2620 4890 2869 4956 punctos
2891 4889 3336 4956 computans,ea
3352 4883 3498 4940 hora
3517 4883 3727 4941 lunam

2066 4977 2287 5036 attendi
2313 4973 2561 5043 noveris,
2576 4973 2671 5028 cui
2695 4972 2953 5045 quinque
2975 4974 3270 5031 defuerint
3292 4975 3495 5047 puncti
3518 4971 3580 5029 in
3604 4978 3727 5032 toto

2063 5068 2251 5141 ipsius
2281 5065 2438 5120 horae
2469 5068 2707 5136 puncto,
2741 5068 2883 5135 quot
2914 5063 3112 5135 quinis
3141 5067 3485 5119 caaterarum
3516 5079 3726 5136 super-

2064 5157 2282 5214 fuerint
2310 5154 2610 5210 horarum.
2636 5151 2696 5208 Si
2716 5170 2850 5209 vero
2876 5154 3155 5225 praefatus
3186 5168 3469 5211 numerus
3490 5168 3727 5226 sexago

2072 5247 2307 5304 narium
2337 5241 2668 5311 excesserit,
2691 5242 2911 5315 partire
2939 5259 3098 5310 eum,
3121 5242 3220 5315 qui
3253 5245 3393 5298 sunt
3423 5239 3603 5297 unius
3624 5258 3725 5298 cu-

2064 5338 2284 5409 jusque
2305 5334 2441 5405 diei,
2456 5333 2515 5389 id
2539 5337 2628 5389 est
2647 5350 2747 5402 xu,
2761 5331 3039 5388 horarum
3060 5332 3348 5405 puncti,et
3368 5331 3466 5404 qui
3490 5347 3722 5387 reman-

2074 5426 2278 5495 serint,
2301 5423 2461 5481 illius
2491 5422 2604 5480 diei
2634 5427 2883 5495 punetos
2904 5439 3033 5479 esse
3053 5420 3459 5479 memento.Ee
3481 5420 3718 5492 quibus,

2074 5517 2228 5573 sicut
2257 5517 2650 5571 monstratum
2681 5516 2790 5580 est,
2814 5512 2988 5570 horas
3019 5512 3260 5582 faciens,
3284 5514 3462 5583 quota
3490 5509 3637 5565 hora
3666 5513 3722 5565 et

2074 5611 2250 5682 quoto
2279 5605 2467 5678 ipsius
2491 5601 2646 5659 hora:
2676 5607 2892 5675 puncto
2922 5602 3065 5659 luna
3084 5602 3272 5677 ipsius
3293 5598 3407 5660 diei
3437 5600 3721 5658 accenda-

2071 5702 2188 5782 tur,
2217 5696 2495 5779 invenies.
2528 5692 2695 5778 Quod
2723 5692 2774 5760 si
2802 5697 3033 5781 tanturn
3063 5708 3133 5755 La
3161 5690 3397 5767 fuerint,
3432 5696 3537 5753 aut
3568 5688 3722 5756 ultra
