3910 6460
207 481 275 541 37
1258 546 1265 555 ,
1501 478 1736 541 LIBER
1777 476 1881 539 DE
1923 475 2321 541 conpu'ro.
3450 427 3461 435 i
3537 483 3617 563 ξε

207 612 1160 688 progredientibus,a2qualiterque
1177 628 1278 685 per
1299 629 1367 668 1.x
1397 611 1629 686 partitis
1662 611 1742 667 nil
1765 628 1862 668 su-
1881 612 1939 681 Α
1969 627 2104 668 nem
2118 612 2395 678 sui,unde
2406 617 2462 667 et
2476 611 3612 688 quinquennium(legmideturlustrum).

207 704 502 777 perfuerit,
536 701 889 761 duodecima
914 702 1029 759 dici
1060 702 1223 770 hora,
1241 707 1296 757 et
1322 701 1486 773 ΥΟ,ίὰ
1522 700 1855 771 cst,ultimo

207 794 471 864 ejusdem
516 793 672 849 horai
711 796 928 866 puncto
977 790 1140 848 illam
1172 791 1411 848 accendi
1461 790 1710 860 noveris,
1744 790 1856 847 hoc

209 886 430 939 certum
464 882 689 938 habens
710 898 1016 953 nunquam
1047 881 1107 936 in
1138 885 1323 949 nocte,
1348 882 1447 936 sed
1475 897 1706 952 semper
1723 896 1854 936 eam

208 972 263 1026 in
297 970 391 1028 die
420 970 683 1028 accendi.
711 972 784 1026 At
812 970 863 1026 si
896 987 998 1043 per
1023 970 1177 1026 diem
1199 974 1615 1043 argumentum
1645 986 1763 1042 qua
1793 968 1854 1024 in

209 1078 314 1118 sua
345 1062 689 1117 accensione
737 1064 925 1116 mutet
954 1064 1203 1128 nitatem,
1238 1058 1494 1114 invenire
1532 1059 1851 1127 desideras,

208 1150 512 1222 praefatum
547 1150 773 1222 cyclum
801 1149 987 1204 sexies
1019 1148 1366 1219 multiplica,
1398 1154 1456 1203 et
1484 1152 1628 1221 quot
1654 1148 1716 1203 in
1758 1165 1854 1203 su-
1933 1161 1938 1164 '

206 1239 416 1312 periori
430 1255 676 1295 numero
696 1238 1029 1294 scxenarios
1050 1237 1551 1303 habueris,tothis
1573 1237 1856 1293 monades

208 1328 376 1398 adde,
420 1327 641 1397 junctis
686 1326 932 1398 insuper
974 1326 1209 1398 punctis
1274 1326 1391 1381 illis
1437 1327 1538 1397 qui
1591 1326 1858 1382 sextariis

208 1416 621 1489 superl‘uerint.
655 1417 766 1483 Qui
796 1414 846 1472 si
885 1416 1040 1471 ultra
1084 1433 1195 1471 xxx
1242 1416 1617 1482 excreverint,
1654 1415 1855 1472 recisis

206 1510 492 1578 quotquot
509 1505 909 1578 superfuerint
930 1522 1059 1573 xxx,
1076 1504 1178 1577 qui
1202 1506 1611 1573 remanserint,
1626 1509 1854 1561 aetatem

207 1596 313 1649 tibi
344 1595 605 1668 pandent
634 1610 812 1667 quam
844 1594 986 1649 luna
1023 1594 1083 1648 iu
1133 1594 1277 1649 hora
1323 1612 1444 1648 sua:
1492 1595 1855 1650 accensionis

204 1689 296 1739 est
343 1682 630 1757 lugressa.
684 1683 978 1740 Hactenus
1027 1682 1137 1737 hac
1185 1683 1531 1755 quotidiana
1578 1684 1858 1739 dicuntur

204 1777 578 1846 argumenta,
609 1776 753 1845 quot
784 1770 1036 1845 singulis
1086 1776 1394 1828 mutentur
1438 1772 1686 1839 diebus;
1719 1772 1857 1829 hinc

202 1863 276 1919 ad
311 1879 511 1920 annua
535 1862 864 1918 veniamus.

794 1958 1028 2016 CAPUT
1067 1958 1261 2016 XXIII.

278 2051 526 2120 Qualiter
545 2051 861 2106 inveniatur
887 2051 1026 2105 anni
1052 2049 1119 2105 ab
1144 2052 1519 2106 incarnatione
1545 2051 1784 2107 Domini.

274 2141 541 2196 Primum
574 2139 755 2214 igitur
784 2157 969 2195 annos
1020 2139 1094 2195 ab
1142 2139 1546 2197 incarnatione
1601 2141 1857 2208 Domini,

201 2227 461 2302 qualiter
490 2226 822 2300 inveniendi
855 2227 994 2296 sint,
1027 2228 1352 2294 videamus,
1384 2232 1451 2284 ut
1479 2246 1583 2301 per
1621 2245 1720 2284 eos
1751 2246 1856 2284 cae-

200 2324 330 2374 tera
359 2321 710 2391 argumenta
738 2316 1333 2388 reperiamus.Annos
1364 2317 1545 2390 igitur
1574 2318 1647 2374 ab
1678 2319 1861 2374 incar-

201 2408 443 2463 natione
473 2406 727 2472 Domini,
760 2411 902 2478 quot
933 2406 1073 2474 sint,
1105 2406 1471 2475 inventurus,
1506 2425 1673 2464 sume
1703 2409 1857 2465 ordi-

200 2498 371 2553 dines
404 2495 793 2551 indictionum
824 2511 951 2566 qua:
990 2495 1249 2551 ﬂuerunt
1299 2496 1370 2551 ab
1421 2496 1549 2569 ipsa
1598 2497 1860 2553 incarna-

200 2586 362 2642 tione
394 2602 581 2658 usque
602 2584 851 2652 nunc,id
884 2589 973 2640 est
995 2585 1298 2656 numquis
1319 2585 1564 2657 singulae
1596 2586 1860 2643 indictio-

201 2692 305 2730 nes
339 2674 829 2746 quindecinorum
862 2677 1108 2729 currunt
1137 2672 1496 2730 revolutione
1526 2692 1815 2732 annorum
1841 2694 1855 2745 ;

200 2763 550 2835 praedictum
564 2779 876 2819 numerum
900 2760 1229 2834 multiplica
1242 2779 1444 2835 perxv,
1461 2769 1518 2819 et
1536 2763 1858 2821 ﬁuntmille

200 2870 308 2907 va
326 2869 339 2907 :
358 2851 455 2908 his
478 2853 626 2909 adde
646 2869 748 2918 xu,
774 2851 913 2924 quia
935 2853 1168 2923 quando
1200 2852 1330 2924 ipsa
1352 2853 1858 2911 incarnatiofacta

200 2945 409 3009 est,xu
432 2941 568 2997 anni
593 2941 663 2996 de
684 2940 785 2996 illa
807 2941 1128 2997 indictione
1151 2947 1640 3013 praecesserantet
1654 2959 1861 3000 xures-

200 3031 434 3087 tabant.
454 3030 571 3086 Hos
593 3046 728 3104 ergo
753 3030 851 3102 qui
877 3031 1534 3104 remanserantpraafato
1548 3032 1735 3106 junge
1757 3050 1859 3089 nu-

198 3135 388 3189 mero,
402 3123 462 3177 et
483 3120 633 3176 ﬁunt
645 3117 805 3177 mille
818 3136 1024 3176 Lxxvn.
1039 3120 1199 3176 Adde
1212 3119 1635 3194 semperillius,
1650 3123 1720 3178 de
1743 3139 1858 3194 quo

198 3210 417 3281 quaeris
440 3209 841 3275 indictionem,
857 3209 1011 3264 sicut
1032 3208 1142 3264 hoc
1164 3225 1449 3277 annoxm,
1465 3213 1522 3266 et
1544 3210 1859 3267 fientmille

194 3314 287 3357 xc.
304 3299 410 3356 Isti
435 3303 576 3355 sunt
596 3298 734 3356 anni
759 3299 834 3354 ab
872 3298 1273 3355 incarnatione
1294 3298 1549 3354 Domini.
1575 3299 1860 3356 Similiter

1965 701 2203 767 dicitur,
2243 707 2301 757 et
2347 700 2620 771 lustrare,
2666 718 2935 775 purgare,
2969 705 3292 776 smpissime
3339 706 3612 762 dicimus.

1965 791 2169 847 Fiebat
2186 795 2386 849 autem
2408 790 2517 849 hoc
2550 806 2752 848 mense
2773 792 3110 863 Februario,
3135 811 3309 867 quem
3340 795 3414 851 ab
3443 796 3554 853 hoc
3583 813 3619 852 a
3704 840 3707 843 ν

1966 879 2213 948 Februo,
2248 880 2304 936 id
2337 885 2427 937 est
2457 899 2491 937 a
2520 880 2766 938 Plutone
2796 886 3164 951 vocaverunt,
3197 901 3371 957 quem
3403 902 3615 959 purga-

1964 972 2152 1024 torem
2183 970 2517 1027 credebant.
2553 970 2843 1027 Februare
2873 972 3029 1027 enim
3078 990 3331 1047 purgare
3377 975 3617 1045 dicitur,

1966 1058 2083 1113 imo
2116 1063 2301 1113 totum
2340 1078 2601 1116 mensem
2631 1060 2747 1115 diis
2770 1061 3043 1117 Manibus
3074 1064 3505 1121 dedicaverunt.

2575 1158 2808 1214 CAPUT
2847 1160 3007 1216 XXV.

2352 1246 2596 1313 Qualiter
2624 1257 2822 1319 epacta'
2852 1251 3227 1308 inveniantur.

2037 1335 2285 1407 Epactas
2316 1335 2634 1407 cujuslibet
2665 1338 2800 1391 anni
2836 1345 3194 1410 reperturus,
3220 1342 3365 1398 nihil
3396 1343 3618 1399 addens

1966 1424 2137 1482 annis
2167 1425 2399 1481 Domini
2429 1430 2531 1482 aut
2562 1427 2855 1492 minuens,
2874 1427 3134 1500 primum
3158 1446 3261 1502 per
3289 1448 3384 1485 x-Ix
3406 1431 3618 1497 divide,

1965 1519 2025 1569 et
2044 1518 2189 1585 quot
2211 1515 2628 1579 remanserint,
2653 1532 2857 1571 rursus
2891 1516 3221 1589 multiplica
3249 1536 3355 1591 per
3372 1537 3452 1586 x1,
3484 1525 3542 1576 et
3571 1522 3620 1576 si

1966 1620 2250 1659 numerus
2283 1603 2378 1658 ille
2408 1604 2561 1659 infra
2606 1622 2716 1659 xxx
2764 1606 3133 1671 remanserit,
3173 1613 3411 1679 epactas
3460 1609 3620 1666 illius

1965 1693 2103 1749 anni
2135 1708 2266 1747 esse
2294 1693 2473 1749 scias.
2503 1694 2667 1759 Quod
2699 1693 2748 1747 si
2781 1693 2938 1749 ultra
2973 1697 3308 1765 oxereverit,
3344 1698 3621 1766 sublatis,

1965 1786 2226 1854 quotque
2256 1781 2501 1854 triginta
2519 1781 2739 1854 reperis
2762 1782 3028 1839 residuos
3050 1783 3185 1856 (cod.
3204 1787 3618 1845 remanserint.

1964 1869 2081 1925 vid.
2113 1869 2200 1926 sic
2229 1870 2500 1926 mutand.
2534 1869 2788 1927 sublatis
2818 1871 3086 1943 triginta,
3108 1878 3254 1946 quot
3279 1874 3623 1950 reperis...),

1885 1986 1938 2057 Β
1966 1975 2072 2057 pro
2099 1958 2322 2031 epactis
2351 1957 2616 2016 habebis.
2651 1958 2711 2015 Si
2743 1958 2891 2057 nihil
2922 1963 3290 2057 remanserit,
3305 1962 3471 2057 nulla
3497 1971 3619 2057 est;

1968 2046 2109 2119 quia
2136 2064 2240 2119 per
2274 2063 2372 2103 xxx
2417 2064 2604 2103 annos
2652 2053 2993 2121 epactarum
3039 2050 3293 2108 volvitur
3338 2054 3618 2113 circulus.

1971 2135 2190 2192 Idcirco
2203 2153 2388 2192 annos
2400 2136 2631 2192 Domini
2648 2155 2750 2209 per
2761 2138 2956 2210 ipsum
2971 2148 3284 2197 numerum
3306 2145 3621 2215 partimur,

1969 2224 2273 2281 residuum
2304 2242 2409 2298 per
2434 2242 2493 2280 χι
2524 2223 3014 2298 multiplicamus,
3048 2229 3190 2301 quia
3233 2234 3323 2287 tot
3369 2232 3622 2307 singulis
3698 2248 3713 2261 '

1969 2314 2140 2369 annis
2171 2318 2515 2370 accrescunt
2560 2319 2797 2386 epactse.
2830 2315 2978 2371 Eum
3028 2333 3261 2393 quoque
3306 2337 3622 2381 numerum

1969 2418 2175 2457 rursus
2206 2418 2310 2473 per
2334 2418 2445 2457 xxx
2476 2403 2776 2470 metimur,
2812 2420 2986 2475 quem
3027 2412 3245 2480 epactaa
3292 2426 3410 2467 non
3457 2429 3621 2471 exce-

1968 2491 2154 2559 dunt;
2186 2492 2260 2547 ad
2291 2508 2477 2547 annos
2528 2491 2761 2548 Domini
2812 2510 2918 2549 nec
2965 2496 3240 2553 addimus
3297 2501 3622 2574 quidquam

1969 2596 2074 2635 nec
2105 2580 2453 2647 minuimus,
2487 2579 2625 2652 quia
2655 2582 2889 2653 quando
2920 2588 3097 2641 natus
3129 2590 3221 2643 est
3248 2587 3535 2646 Dominus
3563 2609 3622 2648 xi

1968 2674 2136 2725 erant
2165 2674 2404 2740 epactzs,
2438 2669 2537 2723 ubi
2570 2669 2797 2741 incipiit
2825 2688 2954 2727 esse
2983 2673 3182 2745 cyclus
3210 2683 3573 2748 epactarum.

2566 2767 2799 2824 CAPUT
2838 2769 3028 2826 XXVI.

2026 2856 2296 2924 Quomodo
2321 2858 2505 2929 cyclus
2535 2858 2666 2912 solis
2695 2859 3039 2936 inveniatur,
3063 2869 3114 2916 et
3141 2879 3241 2919 cur
3264 2881 3366 2936 per
3393 2882 3572 2925 xxvm

2545 2944 2720 2985 annos
2752 2930 3043 2987 recurrat?

2040 3016 2485 3086 Concurrentes,
2520 3017 2577 3073 id
2607 3022 2699 3073 est
2726 3024 2964 3091 epactas
2996 3022 3139 3078 solis
3168 3023 3534 3097 inventurus,
3561 3031 3620 3086 in

1968 3105 2136 3161 initio
2166 3106 2355 3178 ipsius
2386 3106 2527 3162 solis
2559 3106 2789 3180 cyclum
2821 3125 2924 3181 per
2953 3127 3129 3183 quem
3162 3121 3412 3173 currunt
3440 3118 3620 3176 debes

1968 3194 2259 3263 invenire;
2285 3195 2384 3267 qui
2406 3195 2624 3252 idcirco
2646 3213 2749 3268 per
2775 3214 2951 3254 xxvm
2982 3216 3167 3257 annos
3199 3203 3530 3276 revolvitur,
3554 3214 3622 3265 ut

1969 3282 2216 3356 singulis
2247 3290 2660 3340 concurrentes
2690 3284 2751 3339 in
2797 3285 3124 3345 bissextum
3169 3293 3428 3365 veniant,
3463 3299 3619 3369 quod

196 3388 457 3463 singulis
479 3388 650 3444 annis
681 3388 876 3457 facito,
909 3392 968 3443 et
998 3404 1183 3444 annos
1213 3387 1446 3444 Domini
1491 3389 1618 3445 sine
1664 3406 1860 3447 errore
1891 3357 1936 3427 α
1966 3371 2091 3427 ﬁeri
2122 3388 2239 3429 non
2270 3377 2483 3445 Ροιεεῒιν
2510 3373 2623 3463 ﬂigi
2653 3390 2760 3447 P9P
2787 3379 2876 3431 tot
2904 3394 3112 3446 εοιιηοει
3144 3396 3279 3438 cum
3311 3383 3450 3455 ipsa?
3480 3404 3617 3444 00n-

197 3479 501 3552 reperies.~
531 3476 650 3534 Hoc
698 3481 932 3533 tantum
983 3493 1208 3533 memor
1254 3482 1404 3544 esto,
1454 3482 1539 3545 ut,
1593 3495 1728 3536 cum
1783 3498 1859 3538 xv

195 3572 505 3627 transacta
533 3566 709 3624 fuerit
737 3566 1000 3635 indictio,
1033 3570 1092 3624 et
1119 3567 1311 3623 denuo
1360 3567 1551 3640 prima
1597 3568 1853 3638 redierit,

193 3657 266 3713 ad
296 3657 619 3731 praefatum
650 3672 964 3713 numerum
995 3673 1181 3711 unum
1213 3673 1447 3730 semper
1494 3657 1758 3730 adjicias,
1794 3658 1853 3716 id

191 3751 302 3817 est,
326 3764 450 3804 non
473 3747 600 3818 jam
632 3762 759 3802 LXXI
790 3745 946 3802 sicut
974 3761 1152 3811 nunc,
1166 3746 1268 3802 sed
1299 3762 1450 3803 Lxxu
1472 3744 1852 3819 multiplices,

188 3840 247 3893 et
277 3835 532 3910 reliqua,
564 3841 632 3892 ut
659 3835 884 3893 dictum
915 3841 1027 3902 est,
1060 3836 1347 3893 observes.

224 4023 392 4098 Origo
428 4025 814 4092 indictionum,
846 4034 897 4082 et
935 4006 1171 4108 qualiter
1198 4025 1435 4096 singulis
1466 4028 1628 4081 annis
1662 4027 1816 4082 inve-

457 4120 463 4127 ε
893 4104 1147 4153 niantur.

256 4186 621 4246 Indictiones
652 4189 941 4260 cujusque
990 4186 1129 4244 anni
1177 4186 1436 4243 invenire
1485 4186 1847 4256 desiderans,

187 4290 358 4334 sume
389 4294 580 4334 annos
612 4276 866 4343 Domini,
892 4280 1180 4348 quotquOt
1213 4276 1433 4333 fuerint
1461 4276 1522 4333 in
1552 4278 1846 4350 praesenti,

187 4369 243 4421 et
272 4366 370 4424 his
401 4368 555 4426 adde
594 4364 891 4441 regulares
940 4382 1026 4433 ιιι,
1057 4364 1191 4422 illos
1240 4365 1463 4422 scilicet
1513 4383 1698 4423 annos
1749 4368 1848 4440 qui

186 4462 616 4528 praecesserant
645 4457 717 4514 de
745 4455 1066 4514 indictione
1097 4460 1400 4529 quanatus
1431 4462 1521 4513 est
1537 4456 1845 4528 Dominus,

187 4550 244 4600 et
270 4550 468 4604 totam
500 4546 653 4603 hanc
683 4562 980 4603 summam
1006 4546 1230 4620 partire
1259 4563 1362 4620 per
1388 4563 1481 4613 xv,
1513 4551 1571 4603 et
1621 4547 1721 4620 qui
1760 4562 1847 4603 re-

185 4636 543 4703 manserint,
559 4637 688 4710 ipsa
715 4641 805 4695 est
835 4637 1076 4695 indictio
1108 4635 1412 4710 prazsentis
1444 4635 1677 4694 anni.Si
1701 4635 1848 4692 nihil

184 4726 565 4795 remanserit,
596 4745 708 4785 xva
735 4728 866 4784 erit.

254 4814 661 4873 Indictionum
683 4817 969 4891 originem
1000 4816 1203 4890 paucis
1223 4816 1416 4903 verbis
1440 4816 1663 4889 aperire
1685 4815 1846 4873 libet.

182 4902 417 4962 Dicitur
477 4911 675 4963 autem
729 4907 804 4962 ab
851 4907 1181 4964 indicendo.
1215 4894 1361 4963 Cum
1392 4906 1550 4963 enim
1599 4905 1845 4962 Romani
1880 4894 1903 4913 ⁶

181 4996 467 5051 omnibus
485 5013 633 5069 pene
649 4997 924 5070 gentibus
938 4998 1313 5070 imperarent,
1329 4996 1605 5053 omnibus
1624 4996 1848 5052 tributa

178 5083 550 5151 indixerunt,
584 5101 711 5157 qua:
740 5085 825 5142 eis
856 5086 1062 5158 quinto
1093 5102 1245 5142 anno
1275 5102 1507 5158 semper
1544 5084 1844 5158 impende-

180 5170 424 5230 bantur.
442 5173 556 5230 Sed
578 5174 768 5246 primo
801 5173 1203 5247 quinquennio
1235 5192 1333 5242 iss,
1358 5175 1615 5231 secundo
1646 5191 1847 5247 argen-

180 5263 336 5332 tum,
351 5263 530 5320 tertio
560 5260 897 5319 solvebatur
916 5279 1152 5320 aurum.
1167 5266 1385 5331 Quarto
1407 5280 1615 5319 rursus
1638 5280 1673 5320 a
1693 5263 1848 5336 prin-

180 5351 333 5424 cipio
385 5353 789 5426 repetebatur,
819 5353 879 5410 id
935 5358 1027 5411 est
1082 5354 1157 5411 ab
1221 5369 1372 5422 sere;
1423 5353 1579 5410 unde
1615 5353 1844 5425 junctis

179 5441 569 5514 quinqueniis
596 5458 672 5498 xv
698 5458 990 5500 annorum
1019 5443 1370 5500 indictiones
1410 5446 1551 5499 sunt
1596 5442 1843 5515 singulas

178 5529 500 5597 institutae,
511 5536 571 5589 et
590 5536 834 5589 cautum
846 5537 937 5590 est
948 5537 1015 5591 ut
1027 5532 1151 5589 null
1160 5548 1229 5589 us
1251 5531 1401 5590 liber
1409 5536 1597 5602 ratus,
1612 5531 1735 5589 null
1744 5549 1843 5589 um

178 5620 472 5694 principis
503 5622 765 5679 edictum
796 5626 992 5679 ratum
1022 5620 1360 5688 haberetur,
1382 5623 1539 5695 quod
1572 5622 1843 5681 indictio-

175 5725 311 5771 nem
324 5728 447 5774 non
462 5712 781 5787 praeferret.
798 5711 1061 5790 Singulis
1073 5716 1270 5770 autem
1285 5711 1703 5789 quinquenniis
1715 5727 1845 5792 pac-

176 5803 232 5863 to
255 5819 601 5879 eenso,mos
613 5800 1247 5880 erat.Urbemlustrare
1265 5800 1529 5882 quasi‘ob
1550 5804 1845 5881 purgatio-

1966 3464 2268 3516 currentes
2296 3477 2484 3534 usque
2514 3462 2587 3517 ab
2618 3464 3017 3535 septenarium
3055 3469 3366 3539 proﬁciant
3412 3490 3616 3533 nume~

1966 3565 2123 3615 rum,
2134 3554 2193 3605 et
2220 3565 2337 3605 non
2366 3550 2479 3606 nisi
2511 3554 2721 3622 quarto
2749 3568 2905 3608 anno
2924 3569 3157 3627 semper
3184 3556 3476 3619 bissextus
3497 3580 3620 3622 eve-

1965 3637 2110 3694 niat.
2143 3640 2359 3705 Quater
2387 3639 2545 3695 enim
2574 3655 2677 3705 vn,
2698 3656 2877 3696 xxvm
2906 3646 3066 3697 sunt.
3089 3643 3239 3717 Ergo
3269 3647 3497 3721 cyclum
3528 3669 3620 3710 so—

1964 3724 2146 3782 larem
2202 3727 2431 3783 evenire
2486 3727 2751 3800 cupiens,
2813 3730 2887 3786 ad
2952 3748 3267 3790 numerum
3325 3755 3616 3799 annorum

1963 3814 2195 3871 Domini
2226 3832 2458 3889 semper
2485 3816 2685 3874 addito
2715 3835 2794 3887 Ix,
2827 3819 2965 3890 quia
2997 3825 3084 3876 tot
3132 3825 3269 3882 anni
3301 3844 3614 3900 praecesse-

1962 3909 2103 3960 runt
2130 3905 2207 3961 de
2230 3906 2434 3963 eodem
2466 3923 2709 3963 numero
2740 3907 2931 3979 ipsam
2964 3909 3618 3988 incarnationem,tum-

1962 4010 2074 4065 que
2104 3993 2255 4051 hanc
2286 4012 2582 4052 summam
2613 3996 2805 4053 divide
2833 4014 2937 4069 per
2962 4016 3103 4069 xvn,
3128 4007 3187 4059 et
3217 4010 3361 4081 quot
3391 4026 3617 4066 reman-

1961 4083 2166 4150 serint,
2197 4088 2357 4140 totus
2387 4090 2477 4142 est
2507 4102 2718 4142 annus.
2746 4087 2806 4143 Si
2836 4091 3042 4150 autem
3065 4090 3212 4148 nihil
3244 4100 3613 4169 remanserit,

1958 4188 2246 4229 xxvmvus
2275 4179 2383 4232 est.

2539 4265 2772 4322 CAPUT
2810 4267 3028 4326 XXVII.

2109 4359 2190 4416 Ad
2218 4355 2574 4416 inveniendus
2602 4364 2981 4413 concurrentes
3020 4361 3282 4434 cujusque
3310 4370 3466 4424 anni.

2032 4450 2195 4523 Ipsas
2223 4464 2358 4506 vero
2406 4450 2818 4503 concurrentes
2862 4447 3117 4521 alicujus
3163 4453 3299 4508 anni
3349 4454 3614 4516 invenire

1959 4540 2323 4606 desiderans,
2354 4552 2523 4593 sume
2552 4552 2703 4608 saepe
2732 4536 3003 4608 praefatos
3044 4554 3229 4596 annos
3267 4540 3523 4614 Domini,
3554 4553 3615 4605 et

1960 4628 2097 4702 quia
2127 4644 2360 4700 semper
2389 4628 2596 4696 quarto
2626 4642 2780 4681 anno
2810 4642 2965 4683 unus
2995 4625 3069 4681 ob
3100 4627 3427 4690 bissextum
3458 4638 3616 4691 tran-

1883 4735 1933 4801 Ι)
1959 4717 2178 4784 silitur,
2211 4716 2395 4774 totius
2425 4715 2654 4771 numeri
2685 4718 2957 4787 quartam
2989 4721 3217 4789 partem
3258 4721 3522 4795 adjicies,
3555 4732 3616 4785 et

1959 4807 2179 4865 additis
2209 4806 2452 4877 insuper
2480 4802 2849 4876 regularibus
2880 4821 2960 4876 iv,
2993 4807 3132 4880 quia
3168 4813 3256 4868 tot
3302 4828 3612 4884 ριιωοεεεθ..

1955 4901 2095 4953 runt
2150 4897 2575 4950 concurrentes
2624 4909 2846 4949 annum
2899 4896 3216 4953 Dominicis
3265 4900 3611 4976 nativitatis,

1954 4990 2146 5041 totum
2176 4983 2334 5040 hunc
2365 4999 2677 5039 numerum
2710 5001 2814 5056 per
2841 5001 2920 5040 vn
2960 4986 3175 5058 pivide,
3205 4993 3264 5043 et
3312 4996 3458 5063 quot
3505 5010 3606 5049 su-

1954 5076 2224 5146 persunt,
2272 5072 2344 5130 ad
2391 5072 2658 5143 ejusdem
2707 5074 2845 5128 anni
2897 5081 3317 5134 concurrentes
3364 5084 3517 5137 tene.
3551 5082 3613 5139 Si

1954 5162 2100 5218 nihil
2132 5161 2509 5235 remanserit,
2540 5178 2623 5217 vn
2651 5178 2783 5218 esse
2811 5162 2983 5220 scito.

2527 5249 2762 5306 CAPUT
2790 5251 3036 5309 XXVIII.

2347 5340 2548 5407 Quotus
2575 5356 2756 5396 annus
2777 5343 2850 5396 sit
2880 5358 2914 5396 a
2944 5342 3220 5401 bissexto?

2026 5429 2234 5488 Utrum
2264 5445 2398 5486 vero
2428 5429 2722 5486 bissextus
2760 5428 2849 5488 vel
2889 5436 3106 5503 quotus
3154 5435 3230 5491 ab
3276 5437 3479 5494 eodem
3533 5439 3613 5494 sit

1953 5536 2165 5589 annus,
2199 5518 2474 5592 perfacile
2502 5524 2593 5576 est
2621 5518 2900 5577 invenire.
2932 5523 3118 5581 Annis
3165 5526 3324 5581 enim
3374 5528 3608 5584 Domini

1953 5612 2241 5685 quotquot
2269 5608 2508 5681 fuerint,
2541 5607 2703 5668 nullo
2732 5609 2821 5670 vel
2850 5610 3049 5671 addito
3078 5612 3167 5681 vel
3198 5615 3480 5685 detracto,
3504 5631 3610 5688 per

1950 5714 2011 5759 IV
2041 5699 2263 5773 divisis,
2297 5704 2438 5777 quot
2468 5701 2874 5772 remanserint,
2909 5708 3069 5765 totus
3099 5708 3188 5763 est
3217 5720 3409 5763 annus
3430 5721 3463 5763 a
3482 5703 3603 5759 bis-

1954 5797 2134 5865 sexto,
2162 5793 2210 5853 si
2235 5794 2381 5852 nihil
2415 5797 2783 5865 remanserit,
2819 5796 3113 5856 bissextus
3143 5801 3253 5855 est.
3270 5797 3465 5859 Potest
3490 5791 3603 5852 hoc
