3910 6388
364 406 444 480 89
1463 408 1877 472 HELPERIGI
1906 405 2009 471 Mf

2187 409 2276 470 LHI
2322 410 2386 471 S.
2428 408 2683 471 GALLI.

366 555 426 605 et
466 554 579 622 iper
625 545 852 619 cyc‘lum
914 542 1163 598 solarem
1216 540 1484 597 inveniri.
1534 542 2096 614 Quo’tuscumquc‘A

363 638 527 694 enim
556 635 753 702 fuerit,
786 649 903 688 uno
935 631 1190 698 sublato,
1231 631 1499 687 residuos
1548 646 1653 703 per
1694 646 1756 687 ῐν
1801 628 2011 699 divide,

354 730 425 783 et
450 732 521 782 ut
556 738 755 797 supra,
790 736 894 795 per
939 734 1125 775 annos
1174 718 1427 788 Domini,
1460 730 1533 774 an
1584 719 1878 775 bissextus
1921 718 2013 775 vel

364 818 582 887 quotus
611 813 687 870 ab
716 828 784 867 eo
813 810 893 866 sit
922 825 1134 877 annus,
1170 807 1447 863 invenies.

950 985 1185 1042 CAPUT
1222 984 1410 1042 XXIX.

361 1114 633 1186 Quomodo
662 1113 979 1169 inveniatur
1007 1111 1460 1186 cyclualumris,
1492 1117 1691 1186 etquae
1709 1184 1716 1186 _
1736 1112 1809 1164 sit
1851 1110 2009 1186 (ii/fe-

430 1188 611 1242 rentia
641 1187 785 1241 inter
812 1187 995 1256 ipsum
1021 1180 1073 1240 et
1100 1184 1326 1251 xulem,
1357 1189 1407 1239 ct
1437 1180 1670 1255 qualiter
1695 1180 2012 1239 inveniatur

426 1274 528 1332 per
554 1255 842 1314 zodiacum
860 1256 891 1311 7

427 1429 514 1485 Ad
537 1426 766 1500 cyclum
787 1425 940 1481 Iunis
961 1425 1377 1481 inveniendum
1398 1441 1428 1479 e
1452 1440 1697 1481 numero
1717 1430 2007 1481 annorum

356 1517 614 1584 Domini,
654 1516 890 1571 duobus
936 1514 1190 1570 sublatis
1239 1515 1361 1587 qui,
1392 1514 1512 1569 Deo
1560 1514 1905 1582 humanato,
1936 1513 2010 1568 de

352 1608 561 1664 eodem
582 1604 742 1678 cyclo
772 1604 1099 1672 restabant,
1123 1604 1360 1659 crateres
1391 1621 1496 1677 per
1518 1603 1617 1660 xix
1644 1603 2011 1674 divide,quo-

352 1700 490 1753 mm
518 1697 751 1751 constat
779 1692 1138 1749 revolutibne
1163 1710 1178 1761 ;
1208 1693 1431 1749 residui
1461 1692 1730 1751 lunarem
1777 1690 2007 1766 cyclum

347 1782 771 1843 bstahduntﬁi
791 1780 939 1839 nihil
958 1782 1330 1851 remanserit,
1341 1797 1440 1838 xrx
1459 1786 1654 1840 erunt.
1669 1781 1835 1838 Hunc
1865 1780 2010 1838 sane

354 1873 586 1948 cyclu'm
614 1873 1016 1930 Romanorum
1036 1871 1342 1945 preprium
1362 1872 1494 1929 esse
1521 1870 1699 1938 scias,
1710 1870 1870 1927 sicut
1889 1886 2009 1927 m-

350 1963 506 2021 alem
536 1962 839 2036 proprium
870 1977 998 2017 esse
1019 1965 1253 2017 constat
1284 1961 1684 2029 Hebraaorum,
1714 1964 1775 2016 et
1798 1976 1837 2015 a
1863 1957 2008 2016 tem-

352 2070 494 2125 pore
513 2049 1290 2109 Dominieaeresurrectionis
1304 2050 1481 2105 etiam
1501 2048 2004 2116 Christianorum;

352 2142 814 2210 observaturtu
840 2138 953 2195 iste
984 2138 1180 2210 cyclus
1211 2138 1271 2193 in
1303 2136 1446 2194 luna
1471 2137 1762 2201 Januarii.
1783 2136 1883 2209 qui
1917 2141 2009 2193 est

350 2227 576 2287 mensis
603 2228 1006 2285 Romanorum
1036 2226 1287 2298 primus,
1312 2227 1468 2283 sicut
1495 2225 1595 2283 ille
1622 2227 1685 2282 in
1710 2224 2003 2294 ‘Paschali,

353 2333 529 2390 quem
544 2316 812 2389 primum
838 2314 1048 2372 xixalis
1069 2331 1333 2373 mensem
1356 2331 1484 2371 esse
1505 2315 1879 2372 Hebraeorum
1902 2315 2008 2371 Do-

351 2406 553 2465 minus
581 2406 991 2479 ipsetestatur,
1010 2404 1110 2477 qui
1123 2404 1405 2462 Paschale
1416 2409 1852 2461 sacramentum
1868 2410 2006 2477 prte-

353 2495 539 2563 misit,
570 2495 770 2551 dicens
792 2512 811 2548 :
838 2516 865 2544 ει
898 2492 1115 2550 Mensis
1146 2493 1257 2549 iste
1284 2491 1451 2548 vobis
1471 2492 1828 2566 principium
1848 2508 2007 2549 men-

352 2584 511 2641 sium
535 2600 549 2639 :
573 2583 802 2657 primus
830 2582 943 2640 erit
972 2581 1031 2637 in
1062 2582 1369 2638 mensibus
1400 2582 1557 2638 anni.
1591 2604 1619 2633 »ι
1652 2582 1819 2638 Sicut
1846 2582 2004 2638 enim

352 2673 451 2730 ille
482 2672 689 2746 incipit
704 2673 778 2728 ab
790 2670 1130 2727 accensione
1148 2670 1306 2729 lunae
1337 2669 1635 2727 Paschalis
1647 2673 1705 2726 et
1724 2676 1911 2742 usque
1931 2670 2005 2727 ad

351 2763 621 2819 eamdem
652 2760 994 2834 porrigitur,
1028 2759 1303 2817 similiter
1331 2764 1391 2816 et
1418 2760 1532 2817 iste
1578 2776 1612 2815 a
1641 2758 1833 2832 prima
1863 2758 2007 2815 luna

351 2850 616 2909 Januarii
632 2849 938 2922 incipiens,
953 2850 1026 2904 ad
1049 2850 1318 2905 eamdem
1336 2847 1859 2920 deducituribique
1881 2848 2006 2902 fini-

352 2945 473 3007 tur,
504 2940 729 2995 habens
757 2942 815 2993 et
843 2938 967 3009 ipse
998 2940 1341 2993 communes
1370 2953 1577 3002 annos,
1599 2937 2002 2992 duodenorum

350 3027 579 3085 scilicet
608 3026 925 3093 mensium,
959 3024 1189 3079 dierum
1218 3040 1434 3091 CCCLI‘V,
1468 3038 1693 3080 necnon
1722 3030 1782 3081 et
1810 3026 2005 3081 embo-

354 3117 559 3174 lismos
579 3131 683 3170 xm
712 3112 1007 3169 mensium
1022 3117 1088 3167 et
1110 3126 1387 3169 cccemv
1405 3111 1654 3179 dierum,
1670 3118 1747 3180 et,
1762 3119 2001 3185 excepto

354 3205 509 3277 quod
541 3200 838 3259 Paschalis
868 3202 928 3255 in
960 3199 1070 3255 hoc
1097 3214 1255 3256 nunc
1294 3200 1490 3274 agitur
1535 3200 1869 3267 celebritas,
1900 3219 2003 3275 per

353 3292 554 3351 omnia
580 3292 635 3349 ei
687 3288 1102 3362 aaquiparatur,
1135 3293 1205 3344 ut
1251 3305 1286 3346 a
1332 3287 1664 3345 Venerabili
1711 3290 1868 3346 “Beda
1915 3278 2087 3358 ce-C

355 3382 517 3455 piose
538 3383 846 3446 tractatur,
873 3381 933 3433 et
956 3380 1209 3449 uterque
1235 3394 1272 3435 χ
1300 3382 1359 3433 et
1385 3392 1446 3433 ιχ
1473 3386 1763 3434 annorum
1787 3378 2006 3435 revolu-

355 3471 534 3539 tione,
566 3472 625 3525 et
652 3466 846 3522 lunari
878 3470 1113 3522 constat
1156 3466 1398 3523 ratione.
1424 3458 1519 3523 0b
1564 3466 1753 3523 solam
1805 3472 2003 3524 tamen

354 3556 820 3632 dignoscentiam
870 3556 982 3611 iste
1027 3554 1277 3622 lunaris,
1320 3554 1425 3611 ille
1482 3560 1726 3613 vocatur
1769 3556 2002 3625 xrxalis,

355 3646 678 3720 composito
704 3662 776 3701 ex
804 3645 996 3701 tribus
1028 3642 1319 3718 corruptis
1347 3642 1654 3714 vocabulo,
1685 3656 1753 3701 ex
1781 3663 1817 3701 κ
1845 3644 2002 3701 scili-

356 3742 448 3795 cet
476 3741 535 3792 et
560 3751 707 3793 anno
736 3740 794 3791 et
820 3750 1033 3801 novem,
1068 3735 1223 3790 sicut
1259 3737 1317 3790 et
1346 3735 1501 3807 apud
1533 3734 1762 3790 Graecos
1793 3751 1861 3790 ex
1890 3735 2002 3790 eis-

355 3828 488 3883 dem
516 3824 838 3892 vocabulis,
890 3826 992 3881 sed
1046 3825 1291 3897 integris
1341 3823 1670 3897 appellatur
1726 3832 1867 3880 ιννια
1920 3833 2005 3881 ιιιαὶ

354 3923 695 3988 Δειαθὲρηκα.
732 3914 837 3970 Ubi
869 3914 1196 3968 notandum
1227 3915 1382 3985 quod
1404 3914 1462 3968 in
1496 3914 1703 3969 Latina
1722 3914 2008 3986 compoSi-

358 4006 517 4061 tione
543 4004 683 4060 anni
710 4001 1061 4059 vocabulum
1093 4007 1280 4072 sonet,
1312 4003 1371 4056 in
1406 4003 1603 4059 Graeca
1651 4004 1849 4058 autem
1901 4018 2003 4058 no-

358 4110 490 4149 men
522 4093 660 4148 anni
690 4108 801 4148 non
831 4092 1087 4164 ponitur,
1122 4092 1222 4147 sed
1254 4107 1288 4147 a
1316 4096 1481 4164 parte
1520 4092 1740 4147 aestatis
1786 4090 2005 4147 intelli-

357 4182 553 4255 gitur;
585 4188 719 4254 θέρος
750 4180 907 4237 enim
938 4186 1094 4238 testas
1134 4179 1371 4238 dicitur.
1425 4178 1574 4237 Illud
1623 4195 1856 4252 quoque
1901 4196 2005 4235 no-

356 4271 604 4328 tandum
637 4270 828 4328 tribus
872 4285 1106 4345 semper
1131 4269 1323 4326 vannis
1371 4267 1623 4325 malem
1671 4267 2004 4340 procedere,

355 4361 528 4433 cujus
557 4365 768 4433 quarto
798 4377 953 4416 anno
984 4359 1211 4416 lunaris
1241 4373 1475 4432 semper
1511 4356 1799 4429 incipiens
1848 4357 2008 4428 ejus-

357 4450 490 4507 dem
521 4450 694 4508 tertio
720 4449 931 4506 ﬁnitur
959 4454 1136 4515 anno,
1167 4448 1322 4521 quod
1350 4451 1496 4502 tunc
1522 4444 1667 4501 luna
1703 4444 1766 4500 in
1796 4443 2008 4502 Kalen-

357 4540 448 4595 dis
476 4539 743 4597 Januarii
772 4539 851 4595 sit
880 4539 1067 4605 ﬂnita,
1101 4537 1239 4608 quia
1267 4551 1459 4592 annus
1504 4533 1815 4606 utriusque
1858 4532 2005 4606 c'ycli

356 4633 448 4685 est
473 4626 884 4685 embolismus.
917 4627 1101 4698 Cujus
1130 4624 1341 4680 notitia
1378 4622 1603 4679 lunaris
1631 4623 1742 4679 hoc
1771 4627 2007 4680 tantum

359 4717 528 4773 nobis
555 4717 788 4774 videtur
815 4714 1090 4772 utilitatis
1121 4712 1403 4777 conferre,
1434 4712 1591 4783 quod
1610 4728 1724 4784 per
1750 4714 1908 4780 eum,
1940 4718 2008 4769 ut

360 4816 540 4877 snpra
566 4803 903 4869 retulimus,
928 4802 1192 4875 quotidie
1223 4800 1448 4858 lunaris
1477 4801 1841 4858 ascensionis
1863 4803 2010 4861 hora

354 4893 705 4965 reperimus.
734 4895 1104 4963 Quapropter
1144 4888 1252 4946 hoc
1300 4889 1540 4946 tandem
1589 4891 2004 4963 praetermisso,

360 4982 431 5037 ad
480 4980 687 5037 xxxalis
735 4979 1053 5051 inaginem,
1086 4978 1226 5050 quia
1252 4978 1326 5035 ob
1365 4976 1723 5051 multiplices
1773 4979 2007 5038 Pascha

361 5068 614 5123 rationes
664 5065 982 5136 utiliorem,
1032 5068 1401 5124 accedamus.
1435 5066 1616 5139 Cujus
1663 5072 1880 5140 quotus
1929 5069 2008 5127 sit

361 5172 551 5213 annus
602 5156 859 5212 invenire
906 5156 1170 5229 cupiens,
1221 5157 1293 5213 ad
1336 5172 1657 5212 numerum
1715 5175 2005 5216 annorum

362 5245 594 5301 Domini
627 5260 813 5303 unum
842 5261 1075 5319 semper
1117 5247 1351 5319 adjice;
1385 5246 1523 5319 quia
1572 5249 1827 5303 secundo
1878 5250 2007 5321 ejus

362 5350 514 5393 anno
544 5335 829 5393 Dominus
858 5340 1034 5392 natus
1064 5332 1368 5406 asseritur,
1399 5341 1457 5394 et
1486 5334 1729 5410 reliqua,
1763 5340 1919 5397 sicut
1946 5341 2006 5395 in

362 5425 503 5481 luna
532 5424 692 5499 cyclo
720 5425 979 5483 diximus
1004 5426 1205 5484 facito.
1242 5427 1348 5484 Per
1376 5426 1535 5484 hunc
1574 5427 1803 5501 cyclum
1834 5446 2006 5503 epac-

363 5520 557 5573 tarum
590 5516 799 5574 seriem
829 5521 886 5573 et
915 5516 1236 5574 terminum
1266 5515 1631 5585 Paschalem,
1661 5518 1892 5591 aliaque
1921 5536 2008 5587 an

361 5610 644 5679 gumenta
683 5605 979 5682 perplura,
1010 5607 1112 5663 sed
1160 5611 1219 5664 et
1266 5608 1484 5685 ﬁguras
1524 5624 1669 5680 qua:
1726 5608 2008 5668 dicuntur

360 5694 648 5773 Gompoti,
683 5713 1028 5759 concurrere
1059 5697 1232 5759 scias.

3688 408 3797 468 ’40

2735 560 2965 621 eum
3002 554 3167 621 xxx.
3398 642 3399 645 γ
3472 650 3473 653 γ

2182 665 2321 736 Quid
2349 668 2422 723 sit
2442 666 2707 723 terminus
2734 663 2974 733 Pascha,
3006 656 3091 721 vel
3121 662 3337 738 quando
3367 662 3687 722 observetur
3706 663 3743 718 ?

2195 771 2539 829 Terminum
2570 769 2804 827 Paschae
2834 768 2980 826 nihil
3011 768 3170 825 aliud
3192 764 3446 826 dicimus
3466 787 3659 843 quam
3682 788 3786 828 xxv

2123 859 2351 930 lunam,
2402 878 2530 932 qua:
2580 860 2838 932 primum
2886 858 3141 915 occurrit
3180 863 3314 931 post
3358 859 3790 932 aequinoctium

2118 948 2353 1005 vernale
2369 949 2633 1021 ;quando
2654 947 2713 1004 in
2728 946 3131 1005 immolatione
3152 947 3286 1021 agni
3308 947 3530 1005 Judzsis
3553 948 3791 1005 Pascha

2120 1039 2310 1095 facere
2340 1037 2480 1094 olim
2504 1041 2861 1111 praeceptum
2882 1042 3001 1105 est;
3026 1037 3166 1109 quia
3185 1037 3362 1093 etiam
3394 1042 3564 1093 nocte
3585 1038 3790 1099 Domi-

2120 1144 2232 1183 nus
2264 1131 2464 1184 noster
2475 1126 2576 1182 illo
2597 1127 2855 1199 primum
2877 1127 3071 1200 typico
3083 1126 3308 1184 Pascha
3325 1132 3498 1199 pacto
3520 1129 3786 1187 traditus

2118 1221 2230 1284 est,
2252 1214 2390 1272 licet
2409 1216 2674 1288 sequenti
2700 1216 2814 1284 die,
2848 1215 2905 1271 id
2938 1220 3029 1272 est
3058 1232 3152 1284 xv,
3167 1232 3271 1289 pro
3303 1217 3638 1273 nostrasint
3662 1235 3789 1274 om-

2120 1306 2286 1362 nium
2312 1304 2504 1362 salute
2532 1305 2900 1362 immolatus.
2916 1305 3080 1372 Quod
3101 1305 3520 1378 mquinoctium
3543 1325 3625 1363 xu
3649 1307 3783 1364 Kal.

2115 1393 2300 1467 April.
2334 1412 2638 1451 occurrere
2668 1412 2849 1467 supra
2896 1398 3203 1451 ostensum
3251 1398 3362 1451 est.
3414 1397 3786 1470 Quacunque
3821 1451 3826 1454 .

2117 1483 2300 1556 igitur
2328 1484 2672 1557 septimanae
2695 1484 2789 1538 die
2810 1483 2953 1543 luna
2974 1501 3091 1549 xxv,
3106 1482 3225 1539 sive
3255 1482 3314 1540 in
3334 1483 3461 1557 ipso
3482 1485 3783 1557 aequinoc-

2118 1573 2221 1641 tio,
2237 1573 2357 1629 sive
2370 1590 2453 1629 -eo
2484 1577 2783 1629 transacto
2809 1573 3151 1641 occurrerit,
3185 1573 3508 1641 terminum
3537 1574 3785 1632 Pascha;

2115 1661 2390 1719 dicimus.
2426 1662 2623 1735 Ipsam
2651 1679 2787 1719 vero
2816 1661 3252 1718 solemnitatem
3291 1661 3351 1718 in
3399 1662 3784 1721 Dominicum

2118 1751 2296 1820 diem,
2312 1767 2427 1825 quo
2440 1751 2728 1809 Dominus
2751 1748 3091 1821 resurrexit,
3115 1750 3467 1822 differimus,
3478 1757 3543 1810 et
3563 1752 3617 1810 si
3638 1771 3784 1811 con-

2115 1841 2317 1916 tigerit
2337 1841 2531 1914 ipsum
2554 1840 2875 1898 terminum
2898 1841 2991 1898 die
3010 1840 3314 1898 Dominico
3345 1840 3598 1909 evenire,
3621 1842 3783 1899 nihi-

2034 1900 2083 1986 Ϊὶ
2113 1900 2372 1987 Ιοῖῖιὶῐιιιε
2395 1930 2455 1985 in
2483 1929 2731 1987 alteram
2754 1929 3124 1987 Dominicam
3155 1933 3427 1986 nostrum
3439 1929 3783 1988 Paschaex-

2117 2023 2478 2092 spectamus,
2513 2023 2579 2074 ut
2609 2018 2781 2075 multi
2813 2018 3039 2097 dicunt,
3072 2034 3146 2074 ne
3192 2018 3507 2076 Judaicum
3549 2019 3783 2077 Pascha

2118 2108 2427 2163 observare
2455 2107 2781 2174 videamur,
2813 2107 2863 2164 si
2896 2123 3030 2163 cum
3066 2104 3184 2162 illis
3233 2106 3438 2163 eadem
3486 2106 3784 2165 solemnia

2117 2196 2487 2263 inchoantes,
2521 2212 2656 2252 cum
2705 2195 2789 2251 eis
2837 2195 3041 2252 itidem
3082 2194 3382 2252 finiamus.
3415 2194 3564 2253 Nam
3597 2201 3661 2253 et
3693 2195 3782 2253 illi

2118 2284 2271 2341 sicut
2301 2288 2357 2342 et
2385 2302 2492 2340 nos
2524 2286 2727 2342 eadem
2742 2285 2895 2341 festa
2923 2289 3277 2358 peroctonos
3309 2284 3782 2354 celebrantdies,

2116 2378 2174 2432 et
2204 2373 2351 2430 nihil
2380 2366 2679 2430 nostra‘ab
2702 2372 2938 2431 illorum
2961 2374 3142 2430 distat
3164 2366 3521 2443 celebritate,
3537 2373 3681 2443 nisi,
3717 2380 3783 2431 ut

2117 2463 2342 2519 dictum
2373 2466 2482 2530 est,
2517 2463 2674 2534 quod
2704 2479 2819 2518 non
2859 2462 3078 2541 pariter
3125 2462 3425 2519 inchoent.
3460 2463 3519 2519 Si
3571 2468 3781 2519 autem

2115 2550 2372 2608 Sabbato
2400 2567 2496 2607 xxv
2517 2549 2660 2609 luna
2690 2550 3007 2616 advenerit,
3023 2553 3080 2607 et
3109 2549 3197 2605 vel
3212 2549 3632 2623 aequinoctium
3647 2551 3781 2607 dies

2116 2638 2309 2709 fuerit,
2340 2638 2427 2695 vel
2452 2639 2581 2710 jam
2612 2642 2971 2705 transactus,
3003 2637 3205 2694 statim
3235 2639 3503 2711 sequenti
3532 2639 3631 2695 die
3660 2632 3781 2697 Do-

2116 2727 2332 2783 minico
2364 2727 2588 2785 Pascha
2615 2726 2999 2784 celebramus.
3018 2726 3237 2783 Idcirco
3260 2730 3455 2784 autem
3479 2728 3781 2785 terminus

2114 2814 2269 2871 idem
2289 2814 2465 2872 xxxali
2487 2814 2646 2889 cyclo
2661 2815 3182 2887 c0ntinetur,quod
3214 2832 3329 2870 non
3353 2814 3464 2871 nisi
3490 2820 3577 2872 tot
3598 2817 3783 2873 annis

2113 2904 2365 2977 peractis
2387 2904 2460 2961 ad
2482 2905 2755 2989 eumdem
2776 2903 2931 2960 diem
2955 2902 3350 2961 Kalendarum
3374 2901 3515 2962 luna
3535 2907 3786 2963 xxvrcd.

2113 2996 2225 3047 eat.
2259 2991 2361 3048 His
2388 3008 2524 3047 vero
2554 2989 2798 3065 expletis
2843 2990 2914 3047 ad
2948 2989 3143 3063 ipsum
3196 2991 3436 3064 quidem
3485 2992 3783 3050 Kalenda-

2113 3094 2246 3134 rum
2275 3079 2872 3146 diem,verumtamen
2896 3094 3051 3133 nunc
3071 3094 3175 3151 per
3194 3078 3430 3134 eosdem
3454 3080 3609 3137 redit
3635 3081 3779 3155 Sep—

2113 3167 2349 3224 timanze
2395 3167 2520 3223 dies
2568 3170 2806 3239 propter
2851 3170 3266 3222 concurrentes
3317 3164 3482 3233 solis,
3515 3171 3623 3241 qui
3682 3186 3785 3243 per

2115 3273 2290 3312 xxvm
2318 3254 2638 3311 variantur.
2656 3256 2791 3321 Qua:
2814 3271 2905 3310 res
2928 3252 3085 3328 cogit
3105 3257 3225 3310 tam
3247 3253 3570 3310 terminum
3593 3275 3781 3330 quam

2116 3348 2174 3400 et
2202 3343 2393 3419 ipsam
2423 3342 2794 3400 festivitatem
2827 3342 3014 3400 multo
3046 3343 3279 3417 longius
3300 3347 3783 3416 evagare,maxi—

2114 3432 2398 3507 mumque
2426 3432 2664 3491 Pascha:
2694 3432 2922 3506 cyclum
2953 3449 3056 3506 per
3082 3449 3258 3490 xxvm
3289 3431 3513 3489 xxxales
3554 3433 3784 3508 cyclos,

2114 3521 2172 3578 id
2203 3527 2294 3579 est
2322 3539 2513 3580 nxxxn
2545 3538 2730 3578 annos
2761 3518 3016 3578 extendi.
3049 3520 3196 3577 Nam
3226 3524 3284 3577 et
3311 3519 3360 3576 si
3409 3520 3566 3578 infra
3611 3521 3785 3581 hunc

2115 3626 2405 3669 annorum
2439 3608 2751 3669 numerum
2781 3609 2869 3667 vel
2901 3610 3192 3669 terminus
3221 3610 3309 3666 vel
3361 3608 3648 3667 festivitas
3702 3616 3783 3669 ad

2115 3702 2386 3757 eumdem
2418 3699 2811 3758 Kalendarum
2841 3697 2930 3755 vel
2962 3688 3305 3772 septimana:
3354 3696 3510 3754 diem
3542 3700 3777 3768 redeat,

2115 3806 2230 3845 non
2262 3795 2459 3846 tamen
2490 3788 2760 3862 pluribus
2783 3789 2953 3846 annis
2984 3805 3086 3862 per
3107 3788 3372 3844 ordinem
3394 3787 3504 3843 hoc
3529 3787 3780 3845 facit.At

2116 3895 2180 3934 eo
2214 3878 2439 3951 expleto
2472 3876 2631 3951 cyclo
2664 3876 3155 3945 maximommnia
3183 3877 3254 3933 ad
3287 3876 3522 3932 eosdem
3555 3876 3685 3937 dies
3715 3883 3779 3933 et

2114 3984 2217 4040 per
2246 3969 2484 4023 easdem
2516 3967 2763 4022 redeunt
2793 3965 3000 4023 lineas.
3035 3967 3218 4032 Quem
3259 3964 3601 4022 Paschalem
3653 3968 3775 4022 ter-

2117 4056 2344 4111 minum
2368 4060 2503 4114 ante
2523 4054 3184 4128 vernalemquinoctium
3204 4053 3501 4111 celebrare
3511 4055 3776 4128 generali

2115 4138 2385 4200 Ecclesia:
2441 4141 2823 4216 prohibemur
2868 4143 3205 4200 traditiOne.
3244 4140 3329 4200 De
3383 4142 3513 4217 ipso
3569 4148 3774 4200 autem

2116 4233 2462 4306 aequinoctio
2480 4230 2641 4289 varia
2670 4249 2785 4289 non
2810 4236 3043 4289 tantum
3063 4238 3564 4302 vetaum,verum
3587 4228 3774 4289 etiam

2115 4321 2533 4378 modernorum
2555 4326 2746 4379 exstat
2764 4318 2985 4396 Opinio,
3000 4320 3133 4378 aliis
3162 4338 3241 4379 xu
3271 4319 3398 4379 Kal.
3420 4316 3773 4394 April.,aliis

2106 4412 2194 4468 ‘vu
2208 4409 2332 4466 Kal.
2347 4408 2902 4467 asserentibus.Non
2916 4410 3183 4483 ineptum
3194 4406 3426 4465 videtur
3436 4408 3773 4478 ostendere,

2116 4498 2499 4573 qualiter‘hoc
2521 4498 2840 4572 magistros
2871 4502 3105 4554 nostros
3136 4498 3314 4556 etiam
3358 4494 3647 4570 corporali
3683 4497 3771 4552 in-

2116 4589 2270 4646 tuitu
2280 4584 2599 4644 viderimus
2610 4587 2979 4661 investigare.
2994 4588 3067 4644 Et
3083 4588 3133 4644 si
3154 4588 3286 4660 quis
3307 4587 3450 4642 adeo
3462 4585 3771 4643 studiosus

2034 4660 2083 4731 D
2110 4674 2415 4740 exstiterit,
2431 4678 2496 4731 ut
2507 4675 2617 4732 hoc
2630 4675 2817 4732 oculis
2830 4676 2955 4732 suis
2978 4676 3176 4750 potius
3189 4671 3327 4732 velit
3340 4675 3578 4732 credere
3590 4692 3771 4747 quam
3852 4730 3857 4735 .

2114 4763 2458 4831 litteris,hic
2479 4764 3069 4838 exemplarinveniat,
3086 4764 3241 4838 quod
3274 4762 3489 4837 (f.quo)
3521 4764 3580 4819 id
3614 4764 3769 4837 quod

2118 4852 2325 4926 qumrit
2351 4853 2628 4927 indagare
2655 4853 2982 4928 praevaleat,
3000 4854 3099 4910 ubi
3131 4853 3324 4928 primo
3356 4852 3772 4921 solstitiorum,

2117 4941 2216 5013 qui
2250 4940 2396 4999 illud
2428 4941 2500 4998 ab
2533 4946 2781 5016 utraque
2809 4949 2975 5021 parte
3007 4942 3443 5016 quodammodo
3475 4942 3769 5007 ambiunt,

2118 5031 2359 5087 notandi
2390 5035 2532 5086 sunt
2561 5032 2789 5101 dies,ut
2821 5032 3198 5107 postmodum
3225 5032 3284 5087 id
3317 5031 3473 5104 quod
3496 5031 3554 5085 in
3578 5031 3770 5088 medio

2118 5118 2532 5191 mquinoctium
2566 5119 2797 5177 facilius
2839 5121 3162 5196 reperiatur
3208 5119 3530 5192 designatis
3584 5120 3769 5177 utrin-

2119 5226 2229 5281 que
2252 5209 2315 5281 (Γ.
2337 5208 2746 5283 utrorumque)
2777 5209 3087 5266 limitibus.
3114 5262 3117 5263 ν

2710 5344 2946 5402 CAPUT
2984 5344 3175 5402 XXXI.
3286 5388 3291 5397 .

2115 5444 2190 5499 De
2216 5444 2560 5517 wquinoetiis
2595 5451 2655 5517 et
2698 5444 2970 5517 solstitiis,
3005 5444 3242 5517 qualiter
3288 5444 3455 5500 etiam
3497 5442 3769 5517 corporali

2187 5513 2395 5642 infuitu
2423 5515 2921 5589 deprehendantur,
2950 5513 3102 5574 et‘de
3134 5530 3363 5577 ascensu
3410 5523 3465 5574 et
3510 5513 3771 5574 ἁεὲοεηειι

2185 5603 2244 5645 so
2271 5604 2339 5646 ιδ.

2188 5686 2451 5765 Primum
2481 5704 2680 5783 itaque
2702 5704 3072 5771 cenaculum
3102 5704 3347 5791 aliquud
3365 5703 3582 5770 orienti
3596 5719 3771 5784 oppo-
