3910 6452
125 572 225 660 44'
1439 589 1670 652 LIBER
1709 587 1814 651 DE
1856 588 2252 653 comparo.
2464 540 2469 545 ’
3126 654 3129 657 ,
3220 620 3227 621 ί
3457 598 3538 656 42

127 732 302 788 situm
333 729 613 804 diligetur
644 730 704 801 [Γ.
727 727 1062 802 deligatur],
1085 729 1144 784 et
1171 726 1233 783 in
1264 741 1332 783 eo
1356 724 1619 789 foramen
1657 719 1774 777 tale
1797 721 1856 789 Α
1884 719 2173 778 Cancrum
2205 727 2345 779 sunt
2373 723 2624 793 Gemini,
2649 727 2707 779 et
2733 729 2865 797 post
2880 724 3170 781 Cancrum
3203 726 3346 796 Leo;
3380 743 3535 800 quas,

129 825 357 877 notetur
385 835 490 893 per
517 818 675 890 quod
705 815 958 890 singulis
989 814 1113 873 suis
1159 813 1481 879 exortibus,
1503 811 1606 885 qui
1638 815 1777 867 sunt

126 926 364 978 cnxxxn,
384 906 471 965 sol
502 906 699 963 radios
720 922 860 962 suos
887 904 1239 976 introjacere
1269 902 1640 976 possit.Tum
1661 898 1777 955 sin-

124 998 276 1073 gulis
293 997 592 1056 exortibus
615 999 895 1052 notentur
913 992 1043 1049 loca
1062 1010 1192 1065 qua:
1224 992 1426 1048 radius
1444 989 1542 1045 ille
1562 988 1776 1044 lustrat

125 1090 182 1145 in
211 1086 555 1144 occidentali
583 1084 803 1158 pariete
832 1082 1058 1156 praefati
1089 1079 1392 1138 coenaeuli.
1419 1079 1775 1148 Certumque

122 1181 209 1233 est
229 1176 461 1233 radium
483 1173 653 1231 illum
678 1171 930 1229 solstitio
952 1168 1210 1226 brumali
1230 1170 1302 1225 ad
1326 1183 1551 1235 eorum,
1576 1164 1773 1223 aestivo

122 1271 318 1322 autem
351 1265 424 1321 ad
454 1263 714 1320 Africum
747 1260 943 1332 dirigi.
978 1259 1155 1315 Porro
1184 1257 1245 1313 in
1276 1254 1647 1328 aequinoctio,
1678 1259 1773 1310 ut-

118 1359 251 1428 pote
300 1371 335 1410 a
383 1352 574 1410 medio
622 1349 863 1407 orientis
916 1347 1038 1407 sole
1083 1351 1381 1418 surgente,
1416 1349 1573 1401 recta
1616 1343 1773 1399 linea

119 1444 382 1500 medium
413 1440 734 1498 occidentis
763 1443 956 1512 petere
979 1435 1359 1492 manifestum
1388 1438 1503 1501 est;
1539 1450 1771 1504 semper

114 1533 276 1589 enim
306 1532 367 1587 in
397 1530 727 1604 oppositam
777 1526 890 1583 sibi
943 1528 1166 1598 partem
1199 1522 1286 1580 sol
1320 1522 1514 1579 radios
1545 1520 1766 1594 dirigit.

114 1625 266 1696 Ergo
300 1619 565 1677 brumale
590 1616 911 1674 solstitium
933 1613 1428 1685 deprehensurus,
1452 1627 1568 1683 quo
1589 1609 1675 1666 sol
1706 1608 1767 1663 in

110 1711 467 1785 Capricorno
499 1707 637 1780 agit,
660 1705 745 1761 sic
776 1704 949 1759 facito
973 1719 987 1757 :
1009 1704 1057 1757 A
1082 1720 1156 1758 xv
1185 1700 1308 1756 Kal.
1339 1698 1627 1765 Januarii,
1651 1715 1767 1770 quo

109 1802 205 1857 die
238 1800 329 1859 sol
362 1798 668 1872 praefatum
710 1791 1040 1865 ingreditur
1075 1789 1334 1862 signum,
1366 1792 1565 1843 notato
1595 1802 1769 1841 mane

105 1887 353 1961 singula
380 1887 510 1942 loca
540 1900 657 1955 quo
696 1881 784 1936 sol
815 1878 1010 1965 oriens
1047 1877 1236 1949 primo
1259 1876 1483 1965 dirigat
1511 1875 1763 1965 radium,

104 1954 285 2026 factis
317 1967 379 2023 in
411 1954 630 2037 pariete
670 1960 902 2033 punctis
934 1974 1123 2027 usque
1148 1975 1229 2013 XII
1259 1956 1406 2025 Kal.,
1439 1961 1496 2012 et
1541 1954 1768 2011 videbis

102 2075 210 2131 per
251 2052 528 2126 singulos
575 2054 739 2107 ortus
787 2046 1017 2103 radium
1067 2063 1297 2117 semper
1342 2046 1401 2100 in
1454 2048 1589 2100 ante
1635 2061 1767 2117 pro-

102 2145 278 2220 gredi
326 2158 533 2200 versus
576 2155 802 2205 corum,
838 2141 1038 2211 utpote
1085 2135 1206 2193 sole
1253 2135 1447 2191 adhuc
1492 2133 1768 2190 inferiora

101 2236 369 2309 petente.
394 2231 657 2300 Itemque
680 2244 759 2282 xu
791 2225 914 2282 Kal.
943 2222 1300 2289 ortumisolis
1319 2222 1769 2296 diligentissime

103 2321 524 2385 considerans,
545 2314 997 2387 vigilantissime
1018 2318 1156 2369 nota
1174 2311 1267 2368 bis
1296 2311 1491 2368 locum
1510 2328 1627 2383 quo
1658 2310 1772 2383 pri-

105 2428 282 2469 mum
316 2406 579 2466 emiserit
610 2405 842 2460 radium
875 2402 1135 2475 praedicti
1181 2400 1507 2457 foraminis.
1541 2402 1771 2457 Rursus

104 2498 389 2574 sequenti
403 2493 583 2561 die,id
594 2498 765 2560 est,XI
788 2491 1005 2547 Kalend
1016 2495 1168 2546 .ortu
1180 2489 1323 2546 solis
1338 2489 1771 2547 studiosissime

105 2588 489 2648 considerato
515 2580 933 2647 animadverte,
957 2579 1159 2635 radius
1179 2578 1277 2636 ille
1298 2583 1497 2636 utrum
1518 2578 1690 2635 solito
1709 2578 1771 2634 in

104 2684 245 2737 ante
270 2677 501 2751 pergat,
516 2690 592 2729 an
611 2669 1346 2742 aliquantulum,quamvis
1366 2686 1598 2742 parum,
1618 2674 1771 2725 retro

105 2762 512 2830 redeat.Quod
526 2761 576 2817 si
589 2776 725 2817 eum
739 2757 1330 2831 quantulumcunque
1346 2756 1534 2813 redire
1546 2773 1776 2830 perspe-

101 2852 461 2928 xeris,quod
481 2849 609 2908 sine
627 2848 807 2903 dubio
829 2846 1069 2911 eveniet,
1085 2845 1411 2902 certissime
1431 2845 1661 2903 noveris
1679 2862 1775 2907 so-

98 2947 245 3014 lem,
262 2945 510 3019 peractc
527 2938 734 3012 pridie,
750 2937 807 2992 id
826 2940 915 2992 est
928 2953 1007 2992 xII
1027 2934 1174 3004 Kal.,
1189 2934 1459 3004 solstitio,
1474 2933 1777 3007 superiora

100 3038 405 3107 repetere.
429 3027 648 3085 Deinde
678 3025 727 3081 si
747 3023 1000 3080 volueris
1028 3041 1132 3096 per
1159 3022 1425 3095 singulos
1446 3027 1609 3079 ortus
1641 3026 1779 3077 nota

98 3138 355 3195 semper
386 3118 516 3174 loéa
542 3132 670 3188 qum
699 3113 927 3169 tardius
964 3112 1062 3169 ille
1092 3111 1322 3184 petierit
1351 3111 1520 3180 scire,
1552 3108 1778 3167 videbis

97 3227 242 3268 eum
269 3206 628 3282 quotidiano
649 3220 928 3277 processu
950 3202 1023 3258 ad
1052 3200 1313 3257 Africum
1334 3201 1570 3258 tendere
1592 3216 1780 3272 usque

95 3318 179 3357 xu
214 3297 357 3356 Kal.
385 3293 696 3359 Julii.Quo
744 3291 837 3347 die
885 3290 1195 3363 diligenter
1240 3288 1489 3361 signato,
1514 3289 1643 3360 jam
1683 3305 1780 3346 se-

95 3387 318 3463 quenti
354 3383 477 3451 die,
511 3382 570 3437 id
601 3385 692 3438 est
734 3396 815 3435 xn
844 3378 991 3447 Kal.,
1025 3383 1179 3435 retro
1211 3376 1400 3434 redire
1430 3376 1775 3450 conspicies,

1887 814 1952 866 ut
1980 810 2305 883 saepissime
2334 811 2558 868 dictum
2589 818 2698 882 est,
2730 813 2814 868 ita
2849 813 3197 871 altrinsecus
3246 820 3386 872 sunt
3433 836 3535 890 po-

1884 898 2017 966 sita,
2053 905 2116 955 ut
2148 900 2206 955 in
2239 917 2356 956 uno
2386 900 2512 957 loco
2543 901 2681 957 oriri
2714 918 2779 958 ac
2810 905 3157 959 occumbere
3192 903 3530 976 videantur;

1883 987 1970 1043 sol
2002 1003 2236 1059 quoque
2268 988 2327 1043 in
2360 990 2755 1061 utroquelibet
2784 1006 2985 1046 eorum
3020 991 3248 1064 positus
3277 1010 3382 1065 per
3408 1012 3535 1051 eas-

1884 1076 2018 1130 dem
2049 1076 2235 1131 lineas
2284 1078 2523 1132 feratur.
2558 1079 2668 1134 Sed
2720 1079 2780 1133 in
2829 1079 3092 1135 Geminis
3140 1081 3421 1150 ascendit,
3471 1083 3534 1138 in

1884 1151 2075 1219 Leone
2122 1164 2445 1220 descendit.
2481 1167 2623 1221 Item
2673 1172 2809 1222 ante
2858 1168 3134 1224 Geminos
3184 1171 3434 1239 Taurus,
3479 1178 3536 1227 et

1881 1257 2014 1323 post
2060 1253 2313 1308 Leonem
2362 1258 2451 1308 est
2497 1254 2694 1327 Virgo,
2738 1257 2810 1310 de
2857 1255 3075 1328 quibus
3121 1260 3325 1317 eadem
3377 1259 3535 1317 dicta

1881 1345 2041 1396 sunt.
2066 1341 2242 1397 Porro
2274 1347 2409 1397 ante
2454 1344 2717 1398 Taurum
2756 1345 2940 1410 Aries,
2974 1350 3032 1400 et
3061 1350 3193 1417 post
3230 1347 3530 1421 Virginem

1881 1429 2074 1498 Libra,
2102 1447 2232 1501 quae
2264 1430 2389 1502 pari
2416 1432 2591 1487 modo
2626 1448 2755 1487 esse
2796 1429 2987 1488 locata
3033 1437 3327 1491 testantur
3359 1438 3534 1509 aequi-

1880 1518 2076 1573 noctia
2122 1519 2182 1573 in
2231 1524 2481 1591 utroque
2525 1536 2728 1576 eorum
2784 1521 3049 1577 annatim
3100 1527 3527 1582 concurrentia.

1879 1607 1973 1663 Sic
2003 1608 2075 1661 de
2104 1608 2327 1664 caeteris
2376 1626 2563 1680 usque
2610 1610 2681 1664 ad
2713 1608 3124 1680 Capriconum,
3154 1613 3257 1684 qui
3307 1616 3531 1672 caeteris

1877 1695 2159 1751 humilior
2189 1714 2395 1752 rursus
2423 1714 2595 1752 suum
2622 1702 2816 1753 ortum
2837 1698 3015 1754 habet
3045 1705 3101 1755 et
3121 1718 3417 1771 occasum,
3442 1709 3528 1760 to-

1876 1788 2124 1854 tumque
2172 1784 2528 1840 discursum.
2563 1785 2709 1841 Cum
2739 1802 2876 1858 ergo
2909 1786 3016 1853 sol,
3050 1792 3116 1843 ut
3161 1788 3385 1845 dictum
3416 1796 3525 1859 est,

1878 1888 1981 1944 per
2007 1889 2232 1927 ccxxxn
2263 1877 2427 1928 ortus
2457 1874 2544 1929 vel
2576 1873 2763 1929 lineas
2811 1876 3156 1944 ascendens,
3180 1880 3237 1932 et
3257 1895 3362 1950 per
3399 1897 3527 1936 eas-

1877 1961 2011 2016 dem
2027 1961 2388 2017 descendens
2404 1979 2626 2017 annum
2645 1961 3169 2036 perficiat,duplica
3185 1967 3529 2038 praedictum

1877 2065 2213 2116 numerum,
2238 2055 2295 2105 et
2322 2049 2505 2106 habes
2537 2067 2772 2107 cccnxw
2801 2050 2925 2107 dies
2954 2052 3093 2109 anni
3131 2053 3362 2111 solaris.
3394 2056 3530 2112 Por-

1878 2155 1941 2193 ro
1981 2154 2138 2193 unus
2187 2138 2333 2206 dies,
2367 2138 2468 2210 qui
2513 2156 2647 2194 eum
2696 2141 3021 2211 quadrante
3069 2149 3356 2214 superest,
3386 2161 3531 2216 quo-

1879 2227 2052 2283 modo
2083 2225 2207 2282 dies
2251 2225 2350 2283 ille
2378 2244 2447 2283 ex
2487 2227 2733 2284 minutis
2763 2228 3109 2285 conﬁciatur
3135 2230 3416 2288 horarum
3449 2234 3532 2288 vi-

1877 2315 2142 2371 deamus.
2179 2314 2276 2371 Sol
2307 2314 2466 2372 enim
2514 2322 2781 2372 moratur
2822 2316 2884 2372 in
2927 2321 3178 2392 utroque
3226 2321 3394 2394 signo
3424 2340 3535 2379 xxx

1878 2403 2004 2459 dies
2023 2409 2081 2458 et
2100 2421 2135 2459 x
2156 2403 2332 2460 horas
2353 2421 2420 2459 ac
2446 2403 2775 2461 dimidiam.
2798 2407 3010 2478 Accipe
3031 2409 3291 2479 primum
3314 2409 3415 2466 illa
3434 2428 3536 2467 sex

1877 2491 2049 2565 signa
2074 2509 2178 2564 per
2195 2509 2324 2564 quae
2356 2492 2443 2548 sol
2472 2494 2545 2549 ad
2568 2492 2887 2549 solstitium
2909 2496 3194 2563 ascendit,
3217 2502 3274 2553 et
3293 2499 3369 2554 da
3402 2500 3534 2554 uni-

1879 2580 2092 2653 cuique
2108 2580 2277 2653 signo
2290 2599 2399 2637 xxx
2416 2582 2542 2638 dies
2560 2586 2617 2638 et
2629 2600 2665 2638 x
2684 2581 2859 2639 horas
2876 2601 2943 2639 ac
2961 2584 3351 2654 dimidiam,et
3366 2586 3541 2644 habe-

1880 2669 1973 2726 bis
2002 2687 2221 2725 CLxxxn
2255 2670 2401 2737 dies,
2427 2670 2672 2743 insuper
2698 2674 2755 2726 et
2782 2689 2858 2727 xv
2884 2670 3081 2741 horas,
3106 2673 3164 2728 id
3191 2679 3282 2730 est
3308 2676 3539 2733 minuta

1881 2776 1968 2814 CL.
2003 2759 2085 2814 Ex
2113 2757 2207 2814 his
2237 2775 2374 2831 ergo
2404 2775 2506 2814 ccc
2543 2757 2793 2813 minutis
2821 2766 3061 2816 ccc‘mus
3091 2767 3298 2818 vatus
3327 2763 3453 2820 dies
3483 2770 3541 2821 et

1883 2847 2183 2920 quadrans
2211 2847 2466 2903 efficitur
2511 2864 2580 2903 ex
2620 2846 2864 2903 minutis
2895 2848 3196 2918 horarum,
3229 2853 3447 2923 quibus
3478 2854 3538 2910 in

1886 2952 2242 3007 unoquoque
2269 2934 2438 3008 signo
2469 2953 2647 3008 super
2672 2952 2783 2992 xxx
2811 2937 2936 2993 dies
2966 2938 3336 3009 immoratur,
3362 2959 3539 3013 quem

1884 3023 2042 3080 diem
2074 3023 2161 3080 sol
2190 3028 2313 3079 tam
2334 3023 2396 3079 in
2418 3041 2667 3080 ascensu
2687 3042 2868 3097 quam
2892 3026 2952 3080 in
2977 3027 3262 3084 descensu
3294 3031 3539 3101 perficit.

1887 3113 2000 3170 Sed
2029 3112 2170 3184 quia
2197 3112 2258 3168 in
2286 3130 2536 3169 ascensu
2556 3128 2674 3169 ‘nee
2699 3114 2841 3169 dum
2869 3119 3162 3187 peractus,
3186 3133 3292 3189 pro
3315 3117 3542 3192 integro

1887 3202 2217 3273 computari
2249 3201 2474 3273 nequit,
2496 3207 2875 3274 computatur
2897 3208 2954 3259 et
2982 3205 3290 3261 descensu.
3318 3208 3389 3263 Et
3408 3208 3547 3267 inde

1887 3296 1978 3348 est
2006 3291 2162 3364 quod
2212 3291 2284 3346 ab
2333 3290 2530 3347 aestivo
2571 3290 2821 3348 solstitio
2871 3309 3062 3364 usque
3110 3295 3181 3349 ad
3230 3294 3545 3354 hibernum

1888 3384 2265 3452 computatur
2294 3396 2449 3435 unus
2480 3379 2625 3448 dies,
2649 3379 2744 3438 ide
2771 3384 2861 3437 est
2885 3397 3153 3449 CLXXXIII,
3180 3400 3316 3439 cum
3346 3389 3545 3442 tamen

97 3450 318 3551 utpote
349 3450 608 3532 solstitio
633 3472 886 3543 peracto,
922 3467 1043 3524 sole
1073 3468 1147 3523 ad
1176 3466 1453 3523 inferiora
1484 3467 1781 3523 redeunte.
1816 3450 1859 3517 C
1890 3469 1998 3536 sol,
2022 3450 2099 3523 fut
2126 3468 2353 3525 dictum
2382 3473 2492 3535 est,
2525 3485 2629 3540 per
2674 3471 2912 3525 easdem
2945 3487 3181 3543 semper
3226 3471 3410 3529 lineas
3444 3476 3543 3532 de-

98 3566 274 3633 Quod
311 3562 371 3621 si
402 3563 599 3619 denuo
622 3556 974 3625 consideres,
1002 3555 1260 3612 invenies
1291 3555 1551 3628 quotidie
1582 3555 1781 3627 ipsum

98 3654 355 3711 radium
390 3666 498 3724 per
543 3647 779 3705 easdem
830 3644 1015 3700 lineas
1063 3643 1252 3700 redire
1300 3645 1374 3699 ad
1421 3660 1645 3710 eorum,
1679 3659 1782 3715 per

97 3760 258 3815 quas
291 3739 539 3815 pridem
565 3740 801 3792 venerat
831 3733 904 3789 ad
934 3732 1215 3799 Africum,
1241 3732 1363 3788 sole
1390 3731 1657 3788 videlicet
1678 3748 1781 3803 per

92 3832 356 3889 eosdem
381 3831 551 3887 ortus
572 3824 958 3881 descendente
979 3822 1051 3876 ab
1074 3820 1268 3876 aestivo
1286 3836 1475 3893 usque
1494 3821 1565 3875 ad
1591 3819 1779 3875 hiber-

93 3936 246 3976 num
298 3912 592 3981 solstitio,
633 3928 737 3984 per
782 3927 933 3982 quos
979 3909 1361 3965 descenderat
1409 3908 1481 3964 ab
1530 3907 1776 3964 hiberno

81 4025 289 4080 usque
312 4005 397 4063 ad
420 4001 691 4060 aestivum
722 3997 1062 4055 solstitium.
1085 3998 1156 4052 Et
1173 3996 1284 4052 hoc
1304 3998 1568 4068 estquod
1594 4013 1773 4068 supra

83 4097 367 4161 diximus
401 4107 628 4163 cnxxxu
657 4087 1068 4144 tantummodo
1093 4102 1221 4142 esse
1252 4090 1418 4141 ortus
1445 4085 1608 4153 solis,
1633 4102 1770 4141 cum

80 4187 142 4242 in
164 4202 339 4242 anno
366 4172 657 4254 explenda
678 4194 889 4232 CCCLXV
910 4176 1036 4231 dies
1068 4179 1326 4246 peragat.
1353 4174 1581 4247 Peragit
1610 4174 1769 4229 enim

81 4291 325 4330 annum
366 4286 551 4327 suum
584 4265 908 4322 ascendens
941 4281 974 4318 a
1004 4262 1257 4319 brumali
1289 4262 1538 4320 solstitio
1569 4264 1642 4318 ad
1673 4263 1770 4319 bo—

76 4364 263 4432 reale,
300 4361 577 4429 indeque
616 4371 822 4410 rursus
870 4352 1231 4408 descendens
1263 4353 1334 4407 ad
1368 4351 1654 4420 brumale,
1687 4356 1764 4416 et.

75 4458 144 4507 ut
165 4445 797 4513 dictum_est,eosdem
819 4442 1157 4497 custodiens
1177 4445 1341 4496 ortus
1361 4440 1766 4498 descendendo

72 4558 233 4613 quos
268 4537 622 4596 servaverat
651 4530 1039 4597 ascendendo,
1064 4546 1180 4584 non
1212 4545 1329 4600 quo
1361 4530 1565 4584 eadem
1598 4529 1767 4602 signa

73 4633 336 4700 repetat,
367 4621 639 4695 alioquin
668 4638 781 4676 non
806 4618 919 4674 nisi
942 4618 1253 4673 dimidium
1274 4617 1552 4674 instraret
1580 4619 1772 4675 zodia-

70 4736 241 4787 cum,
268 4714 389 4774 scd
427 4713 513 4767 ita
541 4714 631 4766 est
658 4708 785 4782 ipse
835 4707 1078 4780 signifer
1122 4705 1357 4778 oblique
1407 4724 1511 4779 per
1552 4708 1765 4764 cmlum

1889 3558 2133 3614 scendat
2182 3573 2284 3628 per
2316 3573 2466 3628 quas
2512 3558 2873 3624 ascenderat,
2907 3558 3091 3614 donec
3131 3564 3340 3630 quarto
3389 3579 3544 3619 anno

1888 3662 1958 3701 ex
1982 3644 2412 3717 quadrantibus
2431 3643 2657 3716 integer
2675 3644 2801 3700 dies
2820 3645 3082 3717 expletus
3107 3648 3377 3703 ascensui
3400 3649 3541 3705 solis

1888 3733 2313 3806 interponatur,
2349 3732 2551 3803 sicque
2579 3737 2637 3787 et
2664 3746 2944 3789 ascensus
2974 3738 3031 3789 et
3060 3735 3379 3795 descensus
3410 3740 3539 3810 pari

1885 3821 2116 3877 dierum
2168 3836 2412 3875 numero
2459 3825 2850 3891 computetur,
2891 3822 2949 3877 id
3000 3827 3089 3878 est
3134 3840 3400 3894 CLXXXIII,
3434 3826 3537 3898 qui

1884 3909 2063 3967 simul
2085 3908 2279 3980 juncti
2322 3908 2545 3964 faciunt
2585 3908 2902 3965 bissextilis
2935 3912 3070 3967 anni
3123 3912 3249 3968 dies
3278 3930 3532 3971 CCCLXVI.

1879 3998 2100 4054 Verum
2128 3997 2222 4053 his
2254 4012 2357 4068 per
2398 4013 2701 4053 excessum
2735 3998 2987 4054 breviter
3016 4000 3210 4070 dictis,
3233 4002 3305 4058 ad
3338 4007 3533 4059 osten-

1879 4088 2138 4144 dendum
2168 4084 2309 4141 solis
2340 4102 2563 4140 annum
2608 4101 2847 4141 cursum
2888 4088 3228 4157 redeamus,
3257 4091 3412 4146 unde
3442 4092 3531 4146 di-

1877 4176 2064 4250 gressi
2078 4190 2290 4232 sumus
2302 4174 2373 4229 ad
2389 4174 2722 4245 probandos
2734 4175 3217 4247 aequinoctiorum
3232 4178 3532 4252 dies,quos

1878 4264 2074 4338 palam
2095 4269 2185 4319 est
2211 4261 2489 4330 invenire,
2516 4262 2565 4317 si
2587 4280 2656 4318 ea
2677 4279 2805 4334 qua:
2826 4266 2899 4319 de
2919 4264 3188 4321 solstitiis
3208 4267 3364 4322 dicta
3394 4275 3535 4324 sunt

1878 4359 2005 4410 rata
2054 4351 2484 4409 constituerint.
2534 4351 2593 4406 Si
2642 4350 2800 4406 enim
2846 4352 2933 4408 sol
2982 4353 3234 4409 brumali
3283 4355 3533 4413 solstitio

1878 4442 2193 4501 minimum
2221 4440 2377 4501 diem
2427 4443 2485 4495 et
2516 4438 2833 4495 maximam
2864 4457 3044 4513 agens
3094 4447 3320 4497 noctem
3370 4443 3532 4500 dein-

1876 4549 2013 4604 ceps
2069 4528 2412 4603 quotidiano
2470 4545 2749 4600 processu
2806 4535 3035 4584 noctem
3097 4531 3418 4600 contrahit,
3466 4551 3533 4588 ac

1876 4622 2034 4677 diem
2065 4618 2323 4675 extendit
2362 4635 2552 4689 usque
2599 4618 2672 4672 ad
2722 4617 2987 4673 aestivum
3040 4619 3381 4689 solstitium,
3415 4638 3531 4693 quo

1878 4727 1991 4765 nox
2034 4707 2381 4764 brevissima
2424 4711 2482 4761 et
2527 4706 2650 4761 dies
2699 4710 2888 4761 exstat
2933 4705 3340 4779 longissimus,
3377 4714 3535 4781 patet

68 4810 412 4879 porrectus
449 4818 484 4856 a
514 4798 647 4872 polo
680 4815 865 4870 usque
898 4797 970 4851 ad
1018 4795 1240 4868 polum,
1275 4801 1340 4850 ut
1368 4796 1508 4851 bina
1538 4814 1771 4869 semper
1797 4814 1847 4881 D
1876 4799 2133 4871 profecto
2164 4795 2354 4850 medio
2404 4794 2734 4854 mediorum
2766 4795 3013 4850 decurso
3061 4795 3291 4851 dierum
3342 4798 3531 4869 spatio

67 4896 253 4969 signa
287 4894 518 4951 contra
545 4905 607 4945 se
638 4885 987 4943 altrinsecus
1027 4884 1218 4956 posita
1245 4885 1482 4940 eosdem
1513 4885 1769 4941 habeant

68 4991 248 5043 ortus
277 4987 343 5039 et
366 4994 647 5043 occasus,
669 4975 903 5031 duobus
922 4973 1163 5046 tropicis
1186 4974 1470 5030 duntaxat
1489 4975 1765 5046 exceptis,

70 5092 207 5147 quae
242 5067 637 5142 singularem
669 5063 888 5119 habent
917 5068 1110 5119 ortum
1137 5066 1194 5117 et
1223 5079 1518 5130 occasum,
1547 5063 1769 5122 Cancro

68 5162 371 5218 videlicet
405 5160 472 5212 et
501 5151 874 5224 Capricorno,
899 5166 1150 5223 quorum
1179 5149 1429 5206 alterum
1459 5151 1766 5221 excelsius,

69 5251 350 5308 alterum
387 5240 662 5299 divexius
705 5245 936 5296 constat
983 5258 1112 5295 esse
1158 5238 1435 5295 locatum.
1471 5240 1543 5295 Ut
1574 5247 1769 5297 autem

69 5340 188 5396 hoc
222 5335 406 5412 quod
459 5330 719 5393 diximus
759 5328 1240 5384 manifestissime
1280 5333 1493 5400 pateat,
1525 5329 1766 5399 Cancer,

72 5433 294 5503 utpote
329 5420 586 5482 cunctis
606 5418 906 5485 excelsior,
932 5417 1161 5474 cunctis
1183 5416 1493 5472 sublimior
1513 5418 1700 5474 oritur
1717 5424 1776 5475 et

70 5517 329 5583 occidit,
356 5509 535 5586 quod
568 5506 1002 5563 evidentissime
1031 5505 1234 5579 pandit
1264 5505 1590 5563 solstitialis
1610 5524 1775 5564 exor-

73 5612 174 5665 tus
207 5618 446 5664 mense
493 5596 671 5655 Julio.
705 5595 926 5651 Caetera
969 5613 1124 5661 vero,
1159 5594 1313 5651 sicut
1360 5613 1464 5667 per
1511 5596 1776 5653 ordinem

71 5701 222 5754 sunt
276 5694 518 5754 locata,
554 5702 741 5741 unum
787 5685 858 5741 ab
912 5684 1416 5751 antecedentibus,
1450 5684 1700 5742 alterum
1747 5706 1782 5743 a

72 5780 514 5861 sequentibus
542 5774 803 5861 eosdem,
832 5778 898 5829 ut
925 5765 1151 5829 dictum
1176 5778 1284 5838 est,
1320 5774 1660 5831 custodiunt
1688 5793 1780 5833 or-

70 5856 181 5935 tus
208 5874 273 5934 et
306 5881 606 5931 occasus,
640 5856 758 5920 imo
788 5867 846 5919 et
887 5880 1118 5920 cursus.
1150 5861 1324 5918 Verbi
1372 5862 1561 5934 gratia
1595 5882 1606 5920 :
1637 5868 1784 5923 Ante

438 5993 726 6056 Parnm“
771 5989 1112 6052 CXXXVII.

1876 4890 2108 4942 tantum
2142 4883 2492 4939 minoratam
2525 4886 2755 4937 noctem
2786 4888 3146 4956 auctumque
3195 4901 3323 4940 esse
3353 4886 3530 4954 diem,

1879 4981 1944 5032 ut
1975 4973 2101 5046 pari
2130 4969 2495 5043 longitudine
2540 4970 2879 5037 metiantur,
2913 4977 3178 5027 servante
3216 4974 3409 5031 adhuc
3442 4977 3536 5032 die

1879 5064 2117 5121 solitum
2173 5068 2383 5128 αὺξθόην
2441 5064 2644 5130 [supra
2700 5078 2720 5114 :
2777 5066 3194 5131 augmentum;
3255 5064 3366 5119 via.
3431 5065 3532 5138 leg.

1891 5156 2181 5221 αὔξτ,σλος],
2207 5155 2264 5205 et
2293 5153 2461 5204 nocte
2491 5157 2651 5216 ἔλυξιν
2683 5148 2812 5214 [vict
2843 5150 2946 5221 leg.
2966 5156 3220 5218 αὔξησινῙ,
3247 5152 3433 5209 donec
3465 5155 3535 5209 ad

1879 5259 2009 5298 eam
2040 5237 2382 5312 proveniant
2416 5238 2829 5308 prolixitatem,
2853 5239 2943 5293 vel
2972 5239 3328 5311 angustiam,
3355 5260 3535 5314 quam

1882 5335 2088 5387 neuter
2104 5329 2378 5384 excedere
2399 5332 2610 5398 potest,
2642 5327 2799 5399 quod
2850 5327 2916 5382 fit
2958 5345 3165 5384 rursus
3199 5330 3255 5384 in
3290 5331 3538 5386 solstitio

1884 5420 2085 5476 altero.
2110 5418 2257 5472 Cum
2278 5434 2414 5488 ergo
2446 5415 2696 5470 solstitia
2728 5415 2976 5471 alterum
2999 5434 3078 5472 XII
3102 5417 3225 5472 Kal.
3249 5419 3537 5487 Januarii,

1886 5509 2135 5564 alterum
2156 5524 2235 5562 xu
2267 5504 2390 5560 Kal.
2425 5504 2569 5559 Julii
2598 5523 2728 5561 esse
2776 5511 3022 5570 constet,
3047 5505 3292 5579 diesque
3321 5509 3394 5564 ab
3426 5526 3542 5563 uno

1890 5599 1999 5665 [ad]
2036 5595 2285 5652 alterum
2332 5611 2575 5661 CLxxxII,
2611 5593 2759 5649 seire
2797 5593 3019 5660 volens,
3052 5594 3154 5666 qui
3205 5596 3279 5649 sit
3334 5595 3542 5651 horum

1890 5686 2140 5753 medius,
2165 5685 2473 5756 praefatum
2494 5699 2810 5738 numerum
2843 5699 2948 5754 per
2975 5700 3174 5754 aequas
3195 5682 3387 5738 divide
3421 5700 3548 5753 por-

1890 5777 2100 5842 tiones,
2135 5779 2192 5830 et
2238 5771 2421 5828 habes
2467 5771 2527 5827 in
2580 5778 2830 5842 utraque
2876 5777 3041 5843 parte
3088 5787 3199 5826 XCI.
3235 5769 3545 5842 Nogesimo

1894 5868 1995 5938 (sic
2025 5862 2163 5933 cod.)
2195 5878 2331 5932 ergo
2371 5859 2560 5931 primo
2594 5859 2686 5915 die
2734 5864 2867 5930 post
2913 5858 3231 5916 solstitium
3282 5853 3546 5912 brumale

3188 5981 3229 6042 2
