3910 6382
267 430 346 488 43
1390 417 1805 482 HELPERICI
1848 414 2199 477 MONACHI
2244 416 2307 477 S.
2350 417 2598 478 GALLI.

3624 418 3725 478 44

273 560 503 617 noveris
535 558 949 630 zequinoetium
982 553 1234 623 vernale,
1270 553 1369 624 qui
1410 554 1533 607 dies
1566 548 1821 606 occurrit
1846 564 1925 602 xu
1950 546 2005 613 Α
2036 564 2133 602 XIV
2190 546 2331 602 luna
2362 546 2693 605 .Dominica
2739 548 2833 603 die
2891 548 3165 616 evenerit,
3199 547 3501 604 Paschalis
3565 548 3721 604 festi

276 650 398 707 Kal.
423 648 603 721 April.
630 649 698 702 Et
728 646 837 700 hoc
870 647 933 699 lit
963 644 1018 697 in
1053 660 1299 697 ascensu
1330 640 1491 695 solis.
1518 640 1678 705 Quod
1703 638 1752 693 si
1782 636 1923 691 alte-

275 758 406 794 rum
437 736 873 809 deprehendere
902 732 987 785 vis
1020 730 1431 802 mquinoetium
1456 725 1816 790 autumnale,
1842 725 1923 779 fa-

276 829 387 883 cito
438 826 593 880 idem
654 824 711 877 in
766 824 1073 876 descensu.
1107 819 1251 873 Vide
1298 818 1453 872 enim
1505 818 1661 887 quod
1720 814 1927 869 diebus

276 915 594 969 descendat
626 912 709 966 sol
752 912 823 964 ab
857 909 1050 963 (estivo
1101 910 1169 961 ad
1224 907 1535 961 hibernum
1587 902 1923 969 solstitium,

278 1006 337 1059 ἱί1
387 1008 475 1058 est
521 1018 786 1063 ccxxxm,
822 1006 877 1053 et
924 999 978 1051 in
1014 998 1240 1050 .horum
1294 995 1504 1060 medio,
1547 994 1604 1047 id
1658 998 1745 1047 est
1792 1010 1924 1057 xcn,

281 1090 619 1147 autumnale
669 1088 1085 1158 a‘quinortium
1134 1104 1261 1138 esse
1295 1085 1460 1138 scito.
1500 1084 1549 1137 Is
1598 1086 1685 1137 est
1732 1086 1928 1135 antem

280 1181 403 1234 dies
453 1178 551 1249 qui
604 1177 815 1231 dicitur
867 1192 946 1229 x11
1002 1173 1119 1228 Kal.
1160 1174 1357 1227 Octob.
1394 1171 1800 1226 Certissimum
1843 1172 1931 1222 est

281 1269 435 1322 enim
469 1266 607 1338 quia
639 1271 926 1335 quantum
971 1262 1029 1315 in
1064 1279 1310 1316 ascensu
1360 1260 1498 1314 solis
1531 1261 1602 1313 ab
1634 1263 1831 1313 austro
1860 1257 1931 1311 ad

284 1355 738 1426 septentrionem
774 1371 882 1405 uox
924 1352 1250 1405 minoratur
1293 1354 1349 1403 et
1387 1348 1509 1403 dies
1543 1346 1770 1413 crescit,
1804 1350 1930 1399 tan-

286 1446 549 1499 tumdem
574 1460 676 1514 per
697 1432 960 1513 singulos
983 1439 1106 1492 dies
1130 1439 1185 1492 in
1212 1439 1340 1509 ejus
1363 1438 1647 1491 descensu
1680 1436 1751 1489 ab
1776 1433 1933 1505 aqui-

288 1534 419 1587 lone
452 1532 521 1585 ad
556 1534 822 1585 austrum
855 1548 884 1583 e
916 1532 1119 1583 contra
1149 1527 1275 1581 dles
1306 1525 1593 1580 minuitur
1611 1529 1668 1580 et
1698 1540 1809 1578 nox
1831 1540 1931 1577 au-

288 1627 477 1692 getur.
533 1619 631 1674 Sin
690 1636 823 1672 vero
882 1618 989 1671 hoc
1048 1616 1222 1671 etiam
1271 1614 1457 1670 oculis
1506 1612 1936 1685 deprehendere

288 1710 488 1781 gestis,
516 1706 791 1780 perfacile
823 1708 1041 1761 factum
1074 1710 1179 1759 est.
1206 1702 1538 1775 Designatis
1559 1702 1737 1770 enim,
1762 1705 1826 1755 ut
1846 1701 1933 1756 di-

287 1803 447 1853 ctum
495 1802 584 1852 est
632 1813 830 1868 supra,
865 1794 1097 1866 punctis
1150 1793 1207 1847 in
1264 1792 1480 1864 pariete
1511 1788 1792 1845 ccenaculi
1833 1805 1935 1860 per

2036 634 2298 690 laetitiam
2331 637 2390 690 in
2422 635 2601 691 aliam
2620 635 2987 692 Dominicam
3014 636 3448 704 transferimus,
3475 642 3543 691 ut
3575 638 3725 709 qui-

2035 725 2171 778 dam
2204 724 2428 790 dicunt,
2462 742 2532 779 ne
2565 741 2827 797 unquam
2861 742 2995 780 cum
3035 725 3254 781 Judaeis
3291 725 3517 781 Pascha
3548 726 3719 782 cele-

2036 813 2298 878 bremus,
2331 831 2470 869 neve
2502 815 2637 869 cum
2679 814 2762 870 eis
2814 816 3035 870 umbrae
3084 814 3256 888 legali
3284 814 3580 872 deservire
3618 816 3715 870 vi-

2037 903 2299 959 deamur.
2328 903 2398 959 Ut
2427 920 2558 959 vero
2607 904 2967 976 Theophilus
3005 904 3434 959 Alexandrinus
3469 904 3713 977 episco-

2040 1008 2149 1062 pus
2195 992 2415 1059 scribit,
2453 1010 2523 1047 ne
2571 992 2657 1047 vel
2708 1010 2808 1047 xm
2860 992 3001 1048 luna
3048 994 3300 1049 Sabbato
3350 1000 3715 1049 occurrente

2040 1080 2207 1135 finire
2237 1098 2517 1151 cogamur
2551 1081 2850 1153 jejunium
2901 1087 3103 1137 contra
3154 1081 3338 1155 legem
3388 1082 3707 1151 facientes,

2041 1186 2175 1222 cum
2210 1170 2457 1223 necdum
2490 1170 2631 1225 luna
2678 1170 2917 1241 plenum
2966 1171 3208 1225 luminis
3240 1170 3332 1225 sui
3362 1171 3569 1225 orbem
3600 1190 3709 1225 ex-

2042 1256 2257 1323 hibeat,
2291 1258 2379 1313 vel
2423 1277 2494 1313 ne
2526 1258 2582 1312 in
2623 1259 2925 1314 Dominieo
2957 1260 3048 1315 die
3079 1278 3173 1315 xiv
3221 1260 3361 1314 luna
3409 1260 3711 1315 existente

2043 1348 2386 1401 auctoritate
2413 1348 2577 1419 legis,
2610 1365 2737 1419 quae
2769 1348 2877 1403 hac
2907 1348 2998 1403 die
3029 1366 3248 1421 agnum
3279 1350 3352 1403 ad
3383 1367 3710 1421 vesperum

2042 1434 2347 1490 immolare
2370 1437 2561 1507 jubet,
2583 1438 2854 1508 jejunare
2883 1454 3164 1509 cogamur
3194 1444 3395 1493 contra
3425 1438 3710 1493 Ecclesia:

2044 1524 2320 1579 facientes
2368 1524 2761 1594 traditionem,
2787 1528 3113 1581 secundum
3164 1544 3342 1599 quam
3389 1527 3713 1583 Dominica

2043 1612 2136 1667 die
2154 1614 2425 1684 jejunare
2457 1615 2544 1669 fas
2561 1631 2677 1670 non
2700 1621 2807 1670 est.
2832 1615 2916 1670 Ob
2939 1615 3283 1687 hujusmodi
3306 1634 3552 1673 causam
3576 1618 3711 1689 ipse

2043 1719 2078 1756 a
2106 1719 2185 1756 xu
2218 1701 2341 1758 Kal.
2372 1702 2553 1774 April.
2589 1721 2777 1775 usque
2821 1704 2879 1758 in
2927 1714 3028 1760 x'nI
3082 1705 3204 1761 Kal.
3236 1704 3373 1761 Mali
3420 1706 3707 1762 occurrit.

2044 1790 2191 1856 Quia
2219 1790 2503 1859 videlicet,
2531 1792 2579 1846 si
2612 1792 2671 1846 in
2700 1791 2828 1864 ipso
2861 1793 3231 1865 aequinoctio,
3253 1793 3309 1849 id
3339 1798 3430 1850 est
3457 1812 3542 1850 xu
3574 1794 3707 1851 Kal.

287 1887 550 1959 singulos
573 1884 870 1940 radiorum
895 1884 1066 1950 ictus,
1096 1882 1195 1954 qui
1221 1882 1369 1936 ﬁunt
1396 1880 1453 1935 in
1478 1880 1696 1935 oriente
1719 1877 1839 1934 sole
1860 1878 1933 1933 ab
1964 1914 2013 1981 Β
2041 1879 2247 1951 April.,
2270 1880 2557 1935 terminus
2596 1881 2741 1953 ipse,
2766 1882 2875 1937 hoc
2914 1887 3003 1938 est
3021 1900 3117 1937 XIV
3147 1882 3289 1938 luna
3332 1883 3614 1953 occurrit,
3652 1890 3712 1940 et

284 1994 399 2031 uno
420 1977 492 2030 ad
515 1975 762 2031 alterum
794 1971 1371 2038 solstitium,videbis
1393 1969 1451 2024 in
1475 1975 1723 2040 utroque
1755 1967 1935 2038 aequi-

286 2066 477 2119 noctio
511 2063 770 2118 medium
800 2062 1063 2133 ipsorum
1092 2064 1444 2132 punctorum
1467 2057 1761 2129 surgentis
1793 2056 1933 2111 solis

290 2152 451 2207 radio
481 2152 620 2223 peti.
651 2150 781 2205 Haec
814 2150 884 2204 de
918 2148 1303 2203 solstitiorum
1336 2146 1935 2218 azquinoctiorumque

283 2240 560 2312 indagine
588 2239 785 2311 inepta
807 2236 1145 2310 garrulitate
1168 2235 1468 2292 verbosius
1489 2234 1644 2289 dicta
1673 2231 1935 2287 tardiori-

285 2332 415 2395 bus,
450 2344 667 2400 quzeso,
701 2343 772 2381 ne
824 2325 1056 2381 fastidio
1102 2326 1220 2380 sint
1271 2324 1665 2396 peritioribus.
1698 2322 1828 2378 Jam
1861 2322 1932 2376 de

283 2417 532 2472 termino
566 2415 850 2483 Paschali,
886 2414 1137 2487 qualiter
1166 2412 1512 2479 inveniatur,
1536 2411 1737 2483 paucis
1769 2426 1933 2482 expe-

283 2506 536 2561 diamus.

869 2601 1101 2657 CAPUT
1139 2600 1334 2656 XXXII

279 2694 564 2765 Repetitio
592 2693 663 2747 de
694 2692 945 2747 termino
992 2691 1289 2765 Prisc/tali,
1316 2699 1370 2744 et
1413 2705 1520 2765 cur
1547 2690 1675 2756 ipsa
1688 2688 1926 2765 festivi-

495 2774 583 2820 tas
613 2781 726 2821 non
753 2765 869 2819 nisi
899 2764 1201 2819 Dominica
1229 2762 1323 2817 die
1351 2759 1715 2817 celebretur?

354 2863 691 2919 l’aschalcm
741 2880 882 2917 sane
930 2860 1270 2927 terminum,
1319 2864 1384 2914 ut
1433 2859 1653 2932 preetati
1695 2875 1923 2925 sumus,

281 2952 427 3007 nihil
460 2951 617 3006 aliud
652 2950 904 3005 dicimus
928 2966 1107 3021 quam
1138 2948 1339 3003 lunam
1374 2966 1563 3003 uvam
1594 2951 1726 3019 post
1755 2947 1929 3018 {equi-

280 3039 541 3095 noctium
563 3037 814 3105 vernale,
841 3038 1076 3108 quando
1102 3041 1454 3109 praeceptum
1477 3042 1565 3091 est
1583 3036 1802 3091 Judzeis
1826 3053 1927 3107 per

279 3127 543 3200 singulos
576 3144 762 3182 annos
794 3144 1012 3199 agnum
1053 3125 1357 3181 immolare
1378 3126 1475 3183 md
1525 3141 1831 3196 vesperum
1866 3143 1924 3180 1n

278 3217 625 3273 memoriam
656 3216 1018 3271 liberationis
1050 3215 1401 3286 egressionis
1434 3232 1552 3270 sua:
1583 3232 1651 3268 ex
1681 3215 1923 3286 Egypto

2045 1969 2285 2024 Sabbati
2317 1969 2439 2025 dies
2472 1970 2664 2038 fuerit,
2689 1987 2757 2026 ea
2788 1977 2953 2027 nocte
2980 1989 3177 2028 sacras
3207 1972 3414 2046 vigilas
3447 1972 3711 2029 celebra-

2045 2074 2201 2125 mus,
2229 2063 2286 2112 et
2305 2059 2574 2131 sequenti
2594 2059 2708 2127 die,
2732 2059 2789 2114 id
2812 2066 2900 2115 est
2930 2076 2984 2115 v1
3014 2060 3163 2129 Kal.,
3190 2061 3710 2119 Resurrectionem

2044 2146 2431 2203 Dominicam.
2455 2150 2619 2215 Quod
2643 2147 2693 2203 si
2716 2165 2811 2203 x1v
2833 2149 2953 2217 Kal,
2979 2149 3136 2218 Maii,
3162 2167 3276 2222 quo
3306 2150 3540 2225 longior
3571 2170 3712 2210 esse

2043 2234 2267 2307 nequit,
2290 2235 2577 2291 terminus
2603 2235 2897 2304 acciderit,
2923 2242 2980 2293 et
3012 2238 3136 2293 dies
3158 2238 3495 2295 Dominicus
3519 2240 3716 2297 fuerit

2040 2323 2101 2379 in
2134 2330 2497 2396 sequentem,
2531 2330 2596 2379 ut
2645 2325 2867 2381 dictum
2897 2332 3004 2394 est,
3054 2326 3424 2383 Dominicum
3476 2329 3710 2386 festum

2041 2413 2390 2482 differimus,
2414 2415 2569 2486 quod
2602 2419 2691 2469 est
2715 2432 2793 2469 v11
2828 2415 2950 2470 Kal.
2987 2416 3141 2471 Maii.
3178 2418 3353 2474 Luna:
3383 2434 3521 2473 vero
3554 2424 3707 2475 aztas

2041 2502 2100 2557 in
2131 2501 2261 2575 ipsa
2289 2502 2598 2559 festivitate
2638 2520 2743 2559 nec
2791 2506 2985 2561 minor
3035 2522 3215 2577 quam
3246 2524 3339 2575 xv,
3365 2524 3471 2562 nec
3501 2510 3707 2581 major

2039 2608 2219 2663 quam
2250 2609 2344 2646 xxx
2376 2593 2606 2649 evenire
2637 2598 2848 2665 potest.
2874 2595 2932 2650 Si
2965 2594 3121 2649 enim
3153 2595 3406 2651 Sabbato
3435 2614 3534 2653 XIV
3563 2598 3703 2654 fue-

2038 2680 2132 2748 rit,
2166 2680 2267 2752 qui
2300 2686 2389 2736 est
2418 2682 2728 2751 terminus,
2763 2683 3030 2755 sequenti
3062 2684 3156 2739 die
3188 2684 3421 2740 Paschae
3454 2686 3568 2741 erit
3596 2705 3695 2741 xv.

2038 2771 2201 2835 Quod
2235 2769 2283 2824 si
2315 2768 2375 2825 in
2408 2770 2711 2826 Dominica
2739 2771 3047 2840 terminus,
3082 2771 3138 2827 id
3172 2778 3260 2828 est
3288 2791 3383 2829 xw
3413 2775 3694 2843 evenerit,

2035 2857 2096 2912 in
2141 2858 2255 2914 alia
2301 2859 2625 2928 Dominica,
2659 2876 2776 2931 qua
2827 2862 3037 2915 festum
3086 2861 3385 2934 peragitur
3434 2864 3699 2919 occurrit

2035 2963 2187 3003 XXHL

2606 3048 2839 3104 CAPUT
2867 3048 3109 3103 XXXIII.

2098 3138 2393 3207 Quomodo
2423 3137 2746 3193 inveniatur
2776 3137 2897 3205 ipse
2926 3137 3209 3192 terminus
3233 3155 3340 3207 per
3368 3141 3632 3210 singulos

2754 3223 2950 3262 annos

280 3309 484 3363 eadem
517 3312 683 3361 nocte
726 3310 1002 3377 patratae;
1056 3283 1111 3359 et
1160 3304 1266 3371 i111,
1301 3320 1675 3375 quacumque
1870 3304 1929 3359 in
1964 3283 2007 3350 (ἶ
2110 3306 2169 3362 Si
2201 3323 2336 3379 ergo
2376 3306 2525 3361 scire
2572 3305 2658 3359 vis
2709 3320 2824 3376 quo
2877 3304 3266 3359 Kalendarum
3298 3306 3392 3360 die
3445 3309 3703 3380 quilibet

280 3396 669 3460 hebdomade,
696 3395 933 3467 praefata
965 3393 1107 3447 luna
1136 3392 1381 3459 eveniat,
1412 3410 1545 3447 mox
1576 3410 1750 3447 suum
1782 3393 1927 3448 cele-

282 3488 455 3540 brant
489 3484 730 3551 Pascha,
755 3488 811 3537 et
844 3481 1110 3554 sequenti
1144 3481 1255 3548 die,
1281 3480 1339 3536 iu
1372 3486 1460 3536 est
1489 3498 1561 3536 xv
1582 3480 1743 3548 luna,
1779 3482 1930 3537 festi-

279 3575 518 3629 vitatem
568 3573 847 3631 inehoant
893 3575 1265 3643 Azymorum,
1301 3588 1477 3642 quam
1510 3588 1589 3626 vn
1636 3571 1933 3626 celebrant

283 3666 427 3718 dies.
483 3665 598 3718 Nos
659 3679 791 3718 vero
844 3666 900 3716 et
946 3679 1041 3715 xxv
1088 3660 1289 3715 lunam
1337 3665 1744 3732 exspectamus
1803 3666 1934 3733 post

286 3752 788 3823 a:equinoetium,et
808 3768 875 3804 ea
895 3750 1237 3805 adveniente
1258 3748 1641 3804 nihilominus
1666 3756 1933 3807 nostrum

288 3841 511 3895 Pascha
529 3841 585 3895 in
605 3839 971 3894 Dominicum
988 3838 1139 3892 diem
1155 3838 1478 3893 differimus
1496 3840 1567 3893 ob
1591 3840 1934 3896 memoriam

291 3929 467 3983 simul
490 3933 547 3983 et
568 3927 944 3983 reverentiam
978 3927 1292 3982 Dominica
1325 3928 1936 4000 resurrectionisque:

294 4037 359 4072 ea
383 4017 473 4071 die
506 4021 738 4087 peracta
768 4022 874 4070 est.
901 4016 1195 4070 Paschalis
1234 4015 1388 4072 enim
1422 4014 1704 4073 festivitas
1728 4036 1841 4073 non
1876 4024 1942 4072 ut

297 4108 439 4162 alias
464 4105 799 4160 festivitates
833 4106 1055 4176 passim
1079 4123 1179 4176 per
1209 4122 1413 4160 omnes
1435 4111 1711 4178 evagatur
1731 4106 1942 4163 hebdo-

245 4260 259 4277 ι
299 4196 483 4249 madm
516 4195 662 4261 dies,
686 4212 750 4248 eo
782 4196 937 4265 quod
966 4194 1087 4249 hzec
1120 4194 1195 4248 sit
1236 4194 1572 4266 singularis,
1596 4200 1653 4249 et
1692 4196 1845 4250 sicut
1877 4196 1937 4251 B.

300 4286 379 4339 ait
439 4284 773 4357 Gregorius,
832 4283 1172 4337 solemnitas
1223 4283 1683 4349 solemnitatum,
1737 4286 1944 4340 beatus

302 4392 533 4445 quoque
561 4374 925 4445 Augustinus
962 4389 973 4426 2
1012 4373 1072 4427 In
1107 4372 1256 4439 aliis,
1290 4371 1501 4443 inquit,
1535 4371 1946 4429 festivitatibus

301 4464 370 4518 ad
405 4463 745 4517 memoriam
774 4467 1000 4516 tantum
1025 4459 1361 4515 reducimus
1385 4462 1523 4531 quid
1546 4464 1740 4520 actum
1766 4462 1861 4525 sit,
1887 4462 1947 4517 in

301 4553 409 4606 hac
440 4569 570 4605 vero
594 4569 707 4605 non
730 4555 959 4604 tantum
993 4549 1281 4621 praeterita
1306 4549 1375 4603 ad
1410 4548 1753 4603 memoriam
1788 4567 1946 4605 revo-

2036 3394 2327 3450 terminus
2355 3397 2641 3463 occurrat,
2674 3392 2981 3447 lectionem
3026 3392 3200 3446 istam
3235 3394 3582 3452 memoriter
3612 3405 3700 3455 te-

2040 3502 2176 3540 nere
2205 3485 2400 3550 debes,
2435 3500 2563 3555 quia
2594 3481 2799 3537 exinde
2840 3480 3103 3537 versiﬁca
3135 3481 3325 3553 specie
3366 3488 3703 3558 composita

2042 3574 2405 3639 decantatur,
2440 3571 2518 3627 ita
2549 3571 2871 3644 incipiens:
2904 3571 3069 3626 Nonae
3099 3572 3307 3641 Aprilis
3336 3582 3549 3629 norunt
3579 3579 3702 3647 qui-

2041 3680 2159 3718 nos.
2194 3663 2323 3717 Haec
2354 3663 2511 3717 enim
2562 3659 2730 3716 lectio
2779 3677 2880 3731 per
2927 3658 3192 3732 singulos
3241 3677 3338 3715 χιχ
3389 3661 3499 3718 alis
3547 3665 3700 3735 cycli

2045 3769 2230 3807 annos
2275 3753 2495 3818 edocet,
2531 3767 2645 3822 quo
2698 3747 3090 3804 Kalendarum
3143 3747 3234 3802 die
3283 3749 3572 3806 terminus
3623 3753 3704 3807 sit

2045 3857 2421 3908 occursurus,
2456 3840 2512 3894 id
2546 3844 2635 3894 est
2664 3856 2759 3895 xw
2808 3838 2947 3893 luna
2979 3842 3109 3909 post
3140 3837 3576 3910 aequinoctium.
3602 3843 3703 3898 Fe-

2047 3930 2196 3984 riam
2224 3946 2478 4000 quoque,
2502 3929 2560 3982 id
2584 3932 2691 3994 est,
2717 3943 2832 3997 quo
2855 3926 3194 3997 septimanae
3225 3927 3451 3983 eveniat
3470 3928 3585 3997 die,
3609 3930 3702 3985 in-

2047 4017 2243 4073 venies
2266 4016 2490 4086 junctis
2513 4013 2900 4087 regularibus,
2929 4013 3029 4084 qui
3055 4014 3304 4086 singulis
3325 4017 3707 4075 ascribuntur

2050 4104 2336 4172 terminis,
2358 4104 2511 4158 sicut
2530 4102 2666 4156 huic
2687 4119 2721 4156 v
2742 4107 2797 4156 et
2818 4104 3303 4160 concurrentibus
3327 4104 3514 4177 ipsius
3539 4110 3703 4176 anni,

2051 4212 2116 4250 eo
2139 4193 2311 4248 modo
2330 4209 2445 4263 quo
2469 4190 2758 4245 Kalendas
2780 4192 3073 4246 mensium
3094 4191 3351 4248 invenire
3367 4194 3704 4252 docuimus.

2054 4283 2217 4349 Quod
2241 4281 2289 4336 si
2323 4282 2561 4353 praefata
2581 4280 2751 4335 lectio
2779 4280 3072 4335 memoria:
3105 4281 3399 4350 exciderit,
3423 4284 3708 4341 docemus

2056 4371 2306 4443 qualiter
2334 4368 2510 4425 etiam
2541 4369 2666 4424 sine
2704 4368 3031 4424 litterarum
3067 4372 3343 4444 sull‘ragio
3375 4376 3712 4447 recuperari

2060 4462 2265 4533 possit.

2132 4547 2471 4605 Paschalem
2503 4548 2847 4603 Terminum
2877 4549 3165 4620 cujusque
3195 4550 3333 4604 anni
3370 4556 3718 4622 reperturus

302 4658 523 4705 camus,
550 4643 835 4709 quantum
868 4656 937 4692 ea
966 4656 1093 4709 quae
1124 4636 1182 4690 in
1217 4637 1384 4691 nobis
1405 4638 1602 4691 futura
1625 4642 1781 4703 sunt,
1808 4656 1946 4709 prze-
1977 4647 2024 4711 1)
2055 4656 2222 4695 sume
2272 4637 2649 4709 praecedentis
2680 4635 2818 4691 anni
2859 4636 2917 4691 in
2951 4638 3139 4708 primo
3188 4638 3432 4693 articulo
3481 4639 3717 4711 pollicis

301 4729 600 4797 signantes
632 4727 1029 4781 enuntiamus.
1066 4725 1532 4780 Itesurrectionis
1582 4743 1717 4798 ergo
1760 4727 1955 4783 Domi-

303 4816 443 4867 nicze
478 4814 693 4885 gaudia
724 4832 838 4868 non
873 4813 985 4868 nisi
1010 4813 1068 4868 in
1102 4813 1407 4869 Dominica
1428 4814 1521 4869 die
1554 4814 1847 4870 celebrare
1866 4818 1953 4873 fas

300 4905 406 4967 est,
438 4901 494 4954 in
530 4902 676 4955 serie
707 4905 1059 4973 temporum,
1108 4908 1164 4956 et
1203 4900 1391 4973 prima
1421 4907 1477 4956 et
1507 4907 1726 4957 octava.
1762 4904 1956 4962 Prima

298 4989 659 5055 seiIiCettlie,
713 4991 851 5059 quia
888 4990 947 5042 in
1000 4989 1106 5043 hac
1167 4990 1418 5061 primam
1472 4991 1572 5046 Dei
1625 4997 1951 5051 creaturam

300 5079 509 5130 factam
541 5076 813 5146 legimus,
848 5079 901 5132 id
955 5085 1043 5132 est
1074 5078 1285 5133 lucem.
1321 5078 1534 5134 Octava
1562 5084 1779 5147 autem,
1812 5085 1952 5154 quia

296 5169 381 5219 est
414 5170 544 5235 post
592 5165 921 5235 septimam,
956 5184 1020 5221 eo
1054 5168 1209 5237 quod
1258 5167 1461 5222 eadem
1515 5172 1861 5225 resurrectio
1894 5178 1950 5229 et

296 5252 550 5323 primum
580 5251 641 5305 in
665 5254 851 5323 capite
886 5260 1082 5308 nostro
1106 5272 1173 5309 ea
1202 5256 1297 5310 die
1328 5257 1643 5326 prmeessit,
1668 5262 1724 5312 et
1745 5266 1945 5317 nostra

292 5342 580 5407 onmium,
622 5339 721 5410 qui
773 5358 979 5394 sumus
1028 5344 1295 5397 membra
1342 5342 1549 5414 ipsius,
1606 5348 1853 5417 peractis
1885 5368 1941 5405 v1

292 5428 559 5482 aetatibus
592 5427 878 5493 laborum,
914 5434 969 5481 et
1012 5431 1263 5500 septima
1303 5433 1683 5503 requietionis
1715 5436 1938 5493 anima-

291 5534 445 5580 rum,
470 5521 669 5570 octava
713 5515 932 5569 scilicet
978 5522 1143 5571 {etate
1189 5519 1265 5573 sit
1314 5525 1665 5593 peragenda,
1702 5528 1937 5595 quando

286 5606 549 5674 ejusdem
584 5603 791 5675 capitis
822 5620 1020 5657 vocem
1072 5624 1274 5662 omnes
1307 5609 1404 5678 qui
1441 5611 1497 5664 in
1538 5616 1934 5670 monumentis

284 5700 419 5749 sunt
444 5695 677 5751 audient
703 5702 753 5747 et
784 5694 1109 5761 precedent.
1138 5697 1307 5751 Porro
1333 5698 1379 5751 si
1406 5702 1712 5766 terminus,
1740 5702 1926 5771 idest,

2066 4730 2217 4784 1&3sz
2246 4745 2478 4794 manus,
2504 4732 2560 4781 et
2590 4726 2864 4797 deinceps
2896 4743 2997 4798 per
3027 4726 3291 4783 ordinem
3321 4727 3589 4801 singulos
3613 4731 3719 4785 Ka-

2066 4817 2372 4872 lendarum
2388 4815 2509 4870 dies
2533 4831 2634 4886 per
2645 4813 2908 4885 singulos
2921 4813 3198 4870 articulos
3220 4815 3715 4890 summitatesque

2062 4905 2327 4961 omnium
2351 4903 2667 4976 digitorum
2688 4903 2953 4973 ejusdem
2978 4921 3188 4958 manus
3210 4908 3716 4978 computans,qui-

2062 5012 2293 5066 cunque
2325 4992 2718 5048 Kalendarum
2749 4991 2872 5047 dies
2906 5010 3111 5047 rursus
3138 4990 3197 5047 in
3228 4993 3431 5048 eodem
3462 4994 3713 5052 articulo

2059 5082 2329 5155 expensis
2361 5082 2582 5137 czeteris
2626 5079 2896 5147 evenerit,
2929 5081 3246 5136 terminum
3277 5099 3405 5136 esse
3455 5084 3708 5140 noveris.

2060 5174 2176 5229 Hoc
2198 5176 2425 5227 tantum
2448 5187 2674 5226 memor
2693 5175 2814 5225 esto
2839 5171 2895 5224 in
2920 5170 3194 5225 omnibus
3221 5170 3487 5225 terminis
3510 5170 3708 5244 inqui-

2054 5262 2269 5328 rendis,
2287 5265 2517 5327 ut,cum
2534 5260 2604 5314 ad
2628 5258 2915 5314 Kalendas
2946 5260 3337 5330 computando
3376 5262 3709 5331 perveneris

2051 5350 2324 5421 deinceps
2356 5366 2456 5421 per
2489 5348 2775 5403 Kalendas
2828 5346 3042 5418 Aprilis
3092 5364 3323 5418 semper
3361 5346 3707 5407 calculanda

2051 5439 2310 5509 incedas,
2352 5438 2438 5493 vel
2496 5441 2627 5508 post
2675 5436 2961 5491 Kalendas
3018 5435 3231 5508 Aprilis
3284 5453 3516 5507 semper
3566 5439 3703 5493 anni

2047 5529 2263 5595 Nonas,
2297 5533 2353 5583 et
2403 5532 2534 5599 post
2565 5527 2700 5581 Idus
2731 5526 2802 5580 ab
2848 5542 2988 5579 xvm
3040 5525 3328 5579 Kalendas
3376 5542 3579 5581 sumas
3628 5528 3697 5583 ad

2049 5617 2383 5672 terminum.
2420 5617 2488 5669 Et
2520 5616 2566 5669 si
2603 5614 2890 5669 terminus
2930 5614 3057 5685 ipse
3105 5615 3162 5667 in
3214 5612 3488 5669 Kalendis
3520 5615 3609 5669 vel
3640 5615 3698 5671 in

2044 5706 2239 5776 aliqua
2270 5706 2569 5761 Nonarum
2601 5704 2687 5758 vel
2722 5703 2930 5761 Iduum
2962 5703 3054 5759 die
3087 5702 3390 5771 ocurrerit,
3422 5703 3480 5758 in
3512 5704 3695 5775 Aprili
