3910 6398
176 470 254 527 45
1468 464 1700 526 LIBER
1741 462 1843 523 DE

2015 461 2284 524 dPUTO.
3515 468 3591 524 46

174 617 303 657 esse
324 597 641 656 neveris.Si
659 601 856 655 autem
879 598 1278 655 Kalendarum
1308 596 1435 654 dies
1457 595 1730 653 inciderit
1748 612 1828 651 xu
1851 595 1906 661 Î‘
1938 592 2213 665 reperies.
2260 594 2364 650 Est
2404 600 2600 652 autem
2655 595 2941 652 terminus
2990 614 3142 652 Lxxa:
3169 597 3321 651 lunae
3352 615 3408 665 x,
3461 614 3589 670 qum

176 688 299 744 Kal.
333 695 435 744 aut
453 687 515 743 in
533 691 689 757 ante,
715 687 773 743 id
808 692 897 744 est
923 706 980 744 x1
1018 687 1109 744 vel
1148 706 1185 743 x
1209 690 1313 744 aut
1331 687 1606 759 deinceps
1625 702 1827 742 evene-

174 777 269 846 rit,
310 779 441 832 tum
486 781 660 845 retro,
712 776 823 833 hoc
872 781 962 832 est
997 776 1059 832 in
1108 775 1339 843 Martio,
1381 792 1529 844 esse,
1564 774 1739 843 scias,
1773 778 1831 830 et

178 865 470 922 Kalendas
501 864 663 938 ipsas
700 865 917 937 Aprilis
944 864 1377 938 pronuntiabis.
1399 863 1500 920 Sin
1522 867 1695 930 retro,
1719 863 1829 919 hoc

174 960 265 1010 est
291 973 388 1011 xxv
419 958 670 1036 aut.xur,
696 954 786 1010 vel
825 973 899 1011 vv
942 954 1044 1010 Kal
1077 953 1353 1026 deinceps
1383 952 1659 1008 acciderit
1690 951 1829 1023 quia

173 1044 233 1098 hi
265 1044 391 1100 dies
413 1043 474 1098 in
502 1043 710 1099 Martio
743 1046 876 1099 ante
897 1041 1311 1114 aequinoctium
1337 1045 1496 1107 sunt,
1541 1040 1600 1095 in
1645 1039 1830 1112 Aprili

174 1133 544 1205 computabis
565 1132 907 1199 terminum,
931 1132 1091 1204 ipsas
1110 1130 1399 1186 Kalendas
1422 1130 1558 1184 Maii
1576 1146 1830 1201 pronun-

174 1221 369 1289 tiabis,
418 1223 572 1293 quod
625 1221 815 1276 tribus
858 1225 1091 1276 tantum
1122 1219 1295 1275 annis
1334 1218 1548 1274 accidit
1579 1218 1637 1272 in
1669 1217 1827 1289 cyclo

173 1309 369 1378 xrxali,
399 1309 457 1366 id
492 1314 581 1366 est
609 1314 809 1366 octavo
840 1326 992 1365 anno
1013 1307 1263 1364 termino
1276 1307 1556 1363 existente
1576 1324 1671 1362 xxv
1701 1305 1826 1373 Kal,

177 1398 335 1466 Maii,
383 1404 441 1454 et
471 1398 781 1454 undecimo
833 1399 1096 1469 ejusdem
1140 1396 1283 1470 cycli
1335 1414 1510 1465 anno,
1562 1413 1697 1451 cum
1742 1401 1832 1451 est

175 1488 464 1543 terminus
509 1505 625 1544 xvn
661 1486 785 1543 Kal.
820 1486 976 1554 Maii,
1003 1491 1059 1541 et
1089 1485 1315 1541 decimo
1347 1502 1500 1541 nono
1531 1501 1704 1552 anno,
1729 1485 1831 1557 qui

173 1580 265 1631 est
291 1576 437 1649 cycli
477 1575 744 1643 ultimus,
796 1576 1117 1631 terminum
1150 1574 1376 1629 habens
1406 1591 1479 1628 xv
1512 1573 1635 1628 Kal.
1671 1573 1827 1627 Maii.

246 1665 358 1720 Sed
406 1665 656 1720 fortasse
700 1664 968 1719 dicturus
1018 1666 1107 1717 est
1145 1678 1252 1717 nec
1301 1660 1574 1733 praeteriti
1604 1661 1743 1716 anni
1775 1664 1831 1716 te

174 1770 353 1810 nosse
381 1752 703 1808 terminum
735 1752 834 1824 qui
888 1751 1018 1806 fuit.
1068 1751 1179 1806 Sed
1212 1754 1271 1805 et
1297 1748 1434 1804 inde
1464 1747 1831 1805 consulimus

169 1841 502 1915 imperitiae.
536 1841 756 1913 Nempe
787 1840 844 1895 et
874 1839 925 1895 si
957 1837 1213 1894 multum
1242 1836 1423 1893 hebes
1450 1854 1536 1905 es,
1570 1837 1829 1909 primum

168 1936 374 1988 tamen
433 1928 642 1985 xIxalis
700 1928 845 2002 cycli
901 1928 1242 1992 terminum,
1296 1931 1609 1998 postquam
1649 1924 1831 1982 semel

166 2017 434 2075 audieris
450 2059 463 2085 ,
516 2017 761 2073 retinere
781 2020 965 2090 potes,
998 2015 1056 2071 id
1080 2020 1169 2072 est
1198 2015 1372 2070 Nonae
1393 2013 1574 2087 April.
1599 2014 1761 2080 Quod
1781 2012 1832 2069 si

170 2106 437 2178 reliquos
474 2104 694 2161 oblitus
743 2122 826 2173 es,
880 2108 1158 2177 computa
1200 2101 1460 2175 primum
1507 2106 1725 2174 quotus
1756 2103 1834 2159 sit

173 2212 373 2251 annus
420 2194 565 2266 cycli
610 2193 817 2250 xxxslis
866 2211 969 2266 per
1016 2196 1432 2265 argumentum
1464 2192 1621 2263 quod
1649 2209 1833 2264 supra

172 2282 566 2340 ostendimus.
590 2283 661 2337 Et
697 2282 855 2338 hunc
885 2299 1020 2337 cum
1049 2280 1360 2349 inveneris,
1394 2284 1669 2354 computa
1695 2280 1830 2336 toti-

174 2374 311 2428 dem
344 2370 628 2427 terminos
671 2388 705 2426 a
751 2370 934 2426 Nonis
971 2368 1209 2443 Aprilis,
1262 2373 1479 2441 quotus
1521 2370 1598 2425 sit
1641 2386 1832 2425 annus

174 2459 343 2533 cycli,
375 2464 432 2514 et
460 2474 635 2531 quem
658 2458 977 2514 terminum
996 2458 1054 2513 in
1076 2458 1280 2514 eodem
1301 2456 1505 2513 ordine
1525 2456 1829 2530 repereris,

173 2549 374 2622 ipsum
407 2565 535 2604 esse
566 2547 719 2603 scias
749 2565 924 2620 quem
959 2548 1193 2621 quaeris.
1245 2548 1316 2602 Et
1358 2550 1425 2601 ut
1464 2545 1834 2602 manifestius

176 2636 331 2710 quod
350 2635 603 2691 dicimus
616 2636 903 2705 advertas,
930 2635 1087 2690 verbi
1112 2634 1320 2709 gratia.
1336 2634 1384 2690 si
1402 2634 1575 2690 fuerit
1589 2634 1832 2707 quintus

177 2742 332 2798 sape
366 2723 590 2797 prafati
621 2723 786 2796 cycli,
833 2727 1111 2795 computa
1140 2721 1406 2795 singulos
1455 2722 1737 2778 terminos
1767 2740 1832 2778 eo

178 2831 294 2886 quo
322 2812 582 2869 diximus
607 2813 802 2878 modo,
835 2830 868 2866 a
893 2811 1075 2867 Nonis
1095 2811 1275 2883 April.
1301 2815 1537 2883 sumpto
1559 2810 1744 2879 initio,
1779 2816 1837 2867 et

179 2901 521 2975 quicunque
539 2918 576 2956 v
595 2900 911 2956 occurrerit
933 2899 1242 2966 terminus,
1266 2898 1463 2972 ipsum
1477 2917 1513 2955 v
1534 2917 1687 2955 anno
1709 2917 1837 2956 esse

181 2991 334 3047 scias
368 3007 522 3062 saepe
567 2989 707 3045 dicti
759 2989 924 3063 cycli.
980 2989 1075 3045 Sic
1123 2987 1348 3045 czeteris
1394 2988 1568 3045 annis
1615 2989 1837 3046 faciens

183 3078 463 3136 facillime
494 3078 782 3150 cujusque
815 3076 952 3133 anni
986 3077 1304 3133 terminum
1343 3076 1622 3134 invenies.

757 3175 990 3233 CAPUT
1029 3176 1268 3232 XXXIV.

324 3267 483 3325 Unde
514 3266 884 3321 inveniuntur
907 3268 1209 3336 regulares
1237 3266 1417 3336 ipsius
1446 3266 1700 3321 termini.

254 3362 579 3437 Regulares
611 3368 806 3419 autem
839 3333 1011 3435 cujus
1035 3333 1368 3437 [cujusque]
1391 3363 1626 3419 termini
1647 3380 1838 3436 reper-
1873 3333 1917 3400 C

184 3457 374 3523 turus,
413 3469 565 3524 pone
589 3469 822 3525 semper
850 3452 977 3508 Kal.
1027 3452 1241 3525 Aprilis
1282 3453 1342 3507 in
1374 3452 1565 3524 prima
1588 3453 1751 3520 feria,
1785 3457 1843 3508 et

185 3546 466 3615 computa
513 3540 779 3613 singulos
818 3541 1215 3596 Kalendarum
1261 3540 1387 3597 dies
1437 3559 1541 3613 per
1577 3541 1843 3613 singulas

186 3631 360 3687 ferias
396 3647 583 3702 usque
614 3629 687 3685 ad
720 3630 1061 3697 terminum,
1099 3634 1156 3685 et
1177 3629 1237 3684 in
1259 3634 1439 3701 quota
1469 3629 1612 3685 feria
1643 3629 1841 3684 termi-

187 3736 327 3774 num
359 3735 657 3791 quemque
684 3717 989 3790 repereris,
1020 3722 1105 3773 tot
1144 3717 1442 3791 regulares
1471 3717 1555 3772 illi
1577 3717 1840 3773 tribuite.

186 3806 451 3880 Exempli
482 3822 698 3862 causa:
734 3807 885 3862 Pone
915 3806 1021 3862 Kal
1051 3806 1233 3879 April.
1276 3807 1336 3861 in
1378 3805 1571 3880 prima
1592 3806 1754 3873 feria,
1788 3811 1847 3862 et

188 3899 506 3953 occurrunt
534 3896 709 3952 Nonae
756 3894 973 3968 Aprilis
1012 3895 1071 3950 in
1103 3896 1311 3968 quinta
1342 3894 1502 3951 feria.
1536 3895 1639 3950 Dic
1667 3910 1842 3967 ergo:

188 3986 361 4042 Nonae
392 3983 611 4058 Aprilis
642 3990 859 4040 norunt
892 3986 1126 4056 quinos.
1162 3985 1257 4041 Sic
1289 3986 1361 4041 de
1391 3984 1614 4040 caeteris
1646 3983 1842 4052 facies,

191 4079 245 4129 et
267 4073 641 4148 singulorum
663 4073 961 4146 regulares
988 4075 1210 4146 absque
1236 4090 1430 4130 errore
1452 4073 1723 4146 reperies.
1742 4073 1845 4128 Hic

193 4168 384 4220 autem
418 4161 565 4217 illud
598 4164 853 4231 attende,
888 4167 955 4217 ut
983 4162 1034 4218 si
1066 4163 1355 4218 terminus
1391 4168 1525 4218 ante
1553 4161 1846 4219 Kalendas

193 4258 319 4321 est,
404 4256 557 4307 retro
633 4256 937 4324 computes
1012 4258 1070 4307 et
1143 4251 1434 4307 Kalendas
1518 4256 1575 4307 et
1646 4250 1842 4306 ferias.

193 4339 362 4397 Verbi
413 4338 650 4413 gratia:
707 4339 915 4412 positis
973 4340 1252 4397 Kalendis
1313 4340 1371 4395 in
1431 4339 1623 4412 prima
1678 4339 1842 4409 feria,

198 4445 326 4485 mox
380 4427 570 4504 pridie
618 4427 748 4484 Kal.
818 4428 878 4483 in
938 4428 1187 4501 septima
1237 4429 1380 4484 feria
1436 4433 1627 4505 retro,
1679 4427 1731 4483 ei
1782 4444 1845 4482 Î¹Î¹Î¹

199 4518 320 4573 Kal.
346 4517 407 4574 in
434 4521 599 4573 sexta
639 4516 801 4584 feria,
853 4522 910 4572 et
959 4517 1043 4573 sic
1091 4517 1365 4590 deinceps
1413 4522 1565 4572 retro
1614 4533 1848 4588 semper

199 4623 381 4680 usque
403 4607 478 4663 ad
517 4606 859 4662 terminum.
892 4606 953 4662 Si
984 4623 1116 4661 vero
1148 4610 1280 4678 post
1307 4606 1601 4662 Kalendas
1631 4604 1846 4677 Aprilis

1937 681 2015 738 sit
2044 682 2341 738 Februarii
2363 683 2605 752 mensis,
2631 683 2687 740 id
2707 690 2796 741 est
2816 702 2944 757 quae
2966 684 3024 740 in
3066 685 3164 741 illo
3190 686 3445 741 finiatur.
3482 687 3590 741 Lu-

1938 786 2075 825 nam
2107 770 2265 826 enim
2310 773 2601 845 cujusque
2650 773 2870 830 mensis
2919 792 3047 829 eam
3088 770 3353 831 dicimus
3371 793 3498 847 quae
3530 774 3587 830 in

1936 858 2064 931 ipso
2100 876 2296 915 mense
2327 861 2586 917 ï¬niatur.

2010 948 2588 1021 Quadragesimalem
2621 952 2964 1006 Terminum
3001 972 3034 1007 a
3081 972 3158 1007 xu
3214 953 3340 1007 Kal.
3395 953 3587 1007 Martii

1901 1085 1904 1089 .
1939 1034 2191 1106 require.
2228 1038 2517 1109 Incipiens
2550 1044 2654 1111 per
2681 1041 2879 1095 omnia
2901 1041 2981 1096 sic
3002 1042 3195 1109 tacito,
3225 1043 3463 1097 sicutde
3488 1060 3589 1096 Lxx

1939 1122 2215 1180 diximus.
2248 1127 2351 1180 Est
2380 1132 2574 1182 autem
2608 1127 2749 1183 luna
2773 1148 2811 1183 [Î¹
2844 1132 3063 1185 mensis
3091 1130 3304 1185 Martii.
3330 1132 3448 1186 Iloc
3491 1149 3588 1185 au-

1937 1215 2057 1266 tem
2091 1212 2149 1266 in
2174 1212 2266 1268 his
2297 1215 2528 1270 duobus
2547 1218 2817 1273 terminis
2838 1220 3196 1286 observabis,
3222 1225 3284 1274 ut
3306 1220 3591 1275 bissextili

1939 1317 2094 1356 anno
2126 1318 2241 1357 uno
2269 1302 2362 1358 die
2392 1304 2617 1359 tardius
2644 1305 2935 1378 requirere
2969 1307 3234 1379 incipias,
3268 1308 3323 1362 id
3348 1315 3435 1363 est
3454 1327 3594 1363 nxxa

1940 1407 1998 1444 IV
2041 1388 2168 1444 Kal.
2224 1391 2387 1446 Febr.
2438 1411 2496 1448 x1
2546 1411 2680 1450 vero
2713 1397 2785 1450 ab
2829 1413 2894 1450 x1
2934 1397 3060 1451 Kal.
3096 1397 3309 1464 Martii,
3344 1398 3498 1465 quod
3534 1398 3592 1451 in

1940 1476 2071 1533 aliis
2102 1495 2218 1534 non
2251 1480 2431 1537 facias
2463 1483 2749 1539 terminis.
2771 1485 2839 1539 Et
2869 1485 2940 1539 de
2965 1503 3068 1539 Lxx
3090 1486 3328 1556 quidem
3352 1486 3411 1541 in
3434 1487 3592 1542 omni

1939 1566 2244 1625 bissextilii
2267 1586 2420 1625 anno
2448 1571 2559 1627 hoc
2590 1573 2945 1628 observabis.
2978 1574 3056 1629 De
3086 1591 3260 1628 XLma
3287 1592 3420 1629 vero
3454 1579 3596 1629 tunc

1938 1659 2192 1723 tantum,
2226 1673 2359 1711 cum
2394 1657 2518 1731 ipse
2539 1661 2827 1716 terminus
2847 1666 2981 1716 ante
3003 1662 3326 1718 bissextum
3347 1664 3589 1718 venerit.

1939 1742 2245 1813 Caeterum,
2280 1745 2328 1802 si
2363 1752 2494 1818 post
2525 1749 2848 1805 bissextum
2880 1756 3193 1806 eventurus
3216 1752 3311 1819 sit,
3332 1752 3507 1807 etiam
3529 1751 3591 1807 in

1941 1831 2195 1889 bissexto
2224 1833 2377 1890 sicut
2395 1834 2454 1890 in
2478 1835 2610 1893 aliis
2630 1838 2802 1895 annis
2824 1857 2938 1895 nu
2964 1840 3093 1894 Kal.
3121 1840 3313 1895 Martii
3336 1841 3587 1913 require.

1942 1921 2004 1976 In
2033 1922 2281 1978 termino
2332 1941 2564 1997 quoque
2596 1944 2701 1983 Lxx
2749 1928 2889 1983 mali
2938 1928 3224 1984 bissextili
3256 1946 3410 1985 anno
3443 1929 3593 1985 solet

1938 2009 2167 2066 evenire
2193 2010 2336 2067 luna
2362 2031 2439 2082 x1,
2491 2016 2647 2086 quod
2677 2016 2805 2072 ideo
2836 2016 3029 2073 notavi
3081 2034 3153 2073 ne
3203 2034 3339 2073 cum
3369 2018 3593 2074 venerit

1938 2098 2204 2155 turbaret
2224 2100 2662 2160 calculatorem.

2011 2187 2327 2246 Terminus
2360 2191 2751 2264 Rogationum
2782 2195 2942 2250 omni
2983 2199 3245 2267 tempore
3288 2212 3322 2249 a
3370 2212 3410 2249 Î¹Î¹
3440 2195 3592 2250 Non.

1941 2274 2079 2330 Maii
2110 2277 2447 2349 requiritur,
2472 2285 2529 2336 et
2548 2282 2747 2338 omnia
2766 2286 2831 2337 ut
2845 2282 2906 2337 in
2926 2283 3331 2355 superioribus
3351 2300 3592 2356 compu-

1939 2366 2161 2432 tantur,
2186 2370 2242 2420 et
2272 2372 2360 2423 est
2394 2369 2559 2425 Luna
2586 2389 2660 2426 xx
2689 2388 2818 2443 quae
2843 2372 3063 2427 mensis
3092 2372 3251 2426 Maii.

2015 2452 2382 2512 Pentecostes
2430 2460 2720 2516 terminus
2761 2478 2794 2515 a
2842 2479 2943 2516 x111
2988 2461 3116 2516 Kal.
3166 2460 3329 2516 Junii
3363 2478 3595 2532 semper

1943 2541 2262 2613 requiritur
2293 2562 2395 2617 per
2423 2548 2641 2616 omnia,
2674 2550 2827 2606 sicut
2847 2550 3197 2623 superiores,
3221 2550 3323 2621 qui
3345 2554 3434 2606 est
3454 2550 3597 2606 luna

1942 2647 2000 2685 IV
2029 2631 2294 2701 ejusdem
2314 2636 2555 2693 mensis.
2577 2638 2793 2695 Omnes
2818 2657 2949 2694 vero
2974 2638 3205 2694 termini
3226 2656 3344 2693 una
3363 2640 3596 2694 eadem-

1944 2734 2059 2789 que
2092 2719 2234 2775 feria
2262 2725 2621 2795 provenient,
2669 2733 2725 2783 et
2756 2731 2819 2782 ut
2842 2728 3083 2796 Pascha,
3109 2728 3193 2783 sic
3232 2732 3447 2782 caeteras
3472 2727 3597 2783 istas

1944 2807 2286 2866 festivitates
2308 2812 2365 2866 in
2390 2813 2760 2872 Dominicum
2780 2816 2934 2873 diem
2963 2816 3431 2888 protelabuntur;
3455 2822 3512 2871 et
3534 2821 3601 2870 ut

1946 2895 2018 2950 de
2050 2896 2292 2966 Pascha,
2329 2901 2413 2957 sic
2446 2904 2516 2958 de
2547 2904 2772 2961 oaateris
2804 2905 3079 2976 intellige,
3124 2910 3189 2959 ut
3227 2904 3276 2960 si
3308 2905 3365 2959 in
3401 2904 3598 2960 Domi-

1949 2983 2079 3039 nico
2109 2986 2203 3042 die
2233 2990 2505 3060 evenerit,
2540 2993 2599 3048 in
2630 2994 2878 3049 alterum
2920 2994 3291 3050 festivitatem
3343 2993 3599 3063 differas,

2512 3108 2749 3166 CAPUT
2787 3110 3026 3165 XXXVI.

1955 3202 2033 3253 De
2063 3202 2250 3258 (ribus
2277 3206 2445 3261 annis
2474 3209 2757 3263 xIxalibus
2786 3209 2953 3278 cycli,
2986 3209 3042 3262 in
3075 3209 3275 3279 quibus
3306 3208 3443 3263 luna
3473 3224 3601 3277 cpn-

2022 3280 2249 3351 otarum
2272 3292 2384 3331 non
2413 3292 2604 3336 servat
2633 3282 2922 3345 ordinem,
2943 3289 2998 3335 el
3027 3282 3279 3351 qualiter
3309 3282 3603 3336 Paschalis

2029 3346 2167 3400 luna
2195 3349 2549 3405 observetur.

2021 3460 2102 3516 De
2132 3460 2275 3516 luna
2304 3464 2637 3521 embolismi
2665 3464 3602 3521 bocsolummodoadnectendum

1950 3550 2343 3621 censui,qu0cl
2368 3570 2671 3625 nunqaum
2685 3553 2884 3608 cursui
2899 3555 3226 3625 refragatur
3241 3558 3603 3624 epactarum,

1951 3636 2205 3708 exceptis
2237 3637 2425 3694 tribus
2467 3640 2638 3696 annis
2678 3641 2818 3713 cycli
2850 3639 3078 3706 xIxalis,
3131 3646 3329 3695 octavo
3380 3640 3602 3695 scilicet

1952 3740 2127 3790 anno,
2159 3724 2259 3796 qui
2300 3726 2520 3798 ogdoas
2565 3727 2892 3799 appellatur
2935 3727 3148 3794 Grzece,
3182 3732 3239 3782 et
3269 3728 3599 3795 undecimo,

1955 3829 2179 3867 necnon
2210 3814 2435 3870 decimo
2467 3833 2640 3883 nono,
2693 3816 2794 3888 qui
2838 3820 2928 3871 est
2968 3816 3235 3883 ultimus,
3284 3822 3340 3872 et
3389 3816 3604 3871 dicitur

1952 3902 2201 3957 endecas
2215 3902 2427 3971 Grazce,
2454 3905 2609 3975 quod
2637 3910 2769 3976 post
2789 3906 3110 3978 ogdoadem
3134 3905 3209 3960 sit
3230 3905 3599 3961 undecimus.

1953 3990 2017 4045 In
2049 3990 2266 4062 quibus
2296 3991 2467 4047 annis
2507 3999 2710 4049 contra
2750 3994 3234 4050 consuetudinem
3264 4000 3603 4067 epactarum

1952 4078 2012 4134 in
2034 4080 2390 4151 quibusdam
2412 4081 2690 4137 Kalendis
2722 4084 2993 4138 occurrit.
3024 4084 3464 4140 Ostendendum
3500 4082 3603 4138 ubi

1953 4170 2217 4225 ordinem
2242 4169 2479 4225 tribuat.
2503 4172 2714 4225 Octavo
2738 4171 2917 4244 igitur
2940 4190 3095 4227 anno
3118 4172 3339 4244 epactis
3359 4172 3606 4227 existen-

1952 4259 2113 4314 tibus
2142 4277 2257 4314 xvn
2289 4259 2711 4315 embolismalis
2742 4260 2884 4316 luna
2913 4279 2953 4315 II
2986 4261 3131 4315 Non.
3161 4259 3351 4314 Martii
3374 4259 3599 4330 incipit,

1953 4348 2272 4419 finiturque
2318 4364 2335 4402 Î¹
2384 4348 2529 4403 Non.
2589 4348 2771 4420 April.
2819 4366 2984 4416 xxxa,
3034 4348 3169 4403 licet
3215 4349 3276 4401 in
3321 4346 3506 4419 Aprili
3536 4348 3603 4402 fi-

1953 4436 2275 4508 niatur,qui
2298 4454 2602 4508 nunquam
2634 4437 2807 4491 habet
2828 4455 2956 4491 xxx.
2996 4437 3112 4492 Ista
3131 4436 3289 4492 enim
3309 4453 3413 4491 nec
3434 4435 3603 4508 Apri-

1952 4526 2025 4582 lis
2046 4531 2154 4593 est,
2191 4542 2297 4580 nec
2322 4524 2572 4597 alicujus
2598 4525 2839 4592 mensis,
2873 4526 2970 4580 sed
2994 4523 3436 4591 embolismalis,
3472 4540 3601 4595 quae

1953 4615 2176 4670 nullius
2208 4631 2470 4686 unquam
2501 4614 2716 4669 dicitur
2755 4614 2995 4680 mensis,
3041 4618 3096 4669 et
3135 4631 3366 4684 semper
3393 4630 3606 4668 xxxma

201 4694 386 4764 fuerit,
420 4694 483 4749 in
515 4699 649 4751 ante
678 4694 879 4750 omnia
910 4694 1299 4766 computabis.
1334 4694 1591 4750 Inventis
1624 4692 1846 4766 regulaâ€”
1874 4700 1923 4765 1)
1953 4708 2345 4776 computatur,
2379 4703 2657 4773 sequitur
2686 4703 2828 4757 luna
2856 4702 3089 4774 Aprilis,
3124 4720 3252 4774 qua
3285 4707 3373 4758 est
3412 4708 3468 4758 Î¿Î¹
3499 4703 3603 4756 pa-

202 4782 569 4857 ribusjunge,
587 4787 653 4839 ut
671 4783 894 4839 dictum
917 4788 1024 4851 est,
1040 4789 1455 4840 concurrentes
1476 4782 1662 4855 ipsius
1683 4783 1843 4851 anni,

203 4875 256 4926 et
276 4872 333 4927 in
351 4876 533 4945 quota
555 4872 697 4927 feria
709 4872 998 4929 terminus
1010 4872 1527 4946 veniat,reperiens
1549 4872 1651 4945 [sic
1678 4871 1843 4944 cod.],

206 4961 516 5017 adveniens
546 4960 778 5016 Domini
803 4961 1025 5017 Pascha
1055 4962 1439 5017 celebramus.
1476 4962 1675 5017 Restat
1691 4978 1847 5016 nunc

205 5051 503 5106 ostendere
534 5049 785 5123 qualiter
814 5067 917 5122 per
944 5050 1103 5105 hunc
1126 5050 1314 5106 caeteri
1348 5050 1714 5122 reperiantur
1732 5053 1845 5104 ter-

206 5136 365 5193 mini.

786 5228 1019 5284 CAPUT
1050 5227 1260 5283 XXXV.

207 5316 462 5384 Qualiter
475 5319 929 5387 perPaschalem
943 5319 1258 5373 terntinum
1280 5318 1479 5372 cwleri
1489 5316 1855 5371 inveniantur

268 5422 829 5496 Septuagesimalem
841 5423 1159 5480 terminum
1176 5422 1434 5479 invenire
1449 5439 1520 5477 eu
1527 5422 1712 5494 piens,
1726 5422 1855 5477 vide

211 5510 460 5581 primum
493 5517 635 5584 quot
658 5513 866 5569 diebus
889 5512 1186 5568 Paschalis
1212 5510 1497 5566 terminus
1516 5528 1551 5565 a
1577 5510 1855 5566 Kalendis

208 5599 382 5670 April.
417 5601 590 5669 absit,
643 5601 761 5658 sive
792 5607 965 5669 retro,
1000 5601 1119 5657 sive
1149 5606 1302 5667 ante,
1337 5604 1394 5655 et
1424 5605 1701 5670 computa
1731 5600 1857 5654 totiâ€”

212 5686 336 5743 dem
366 5689 490 5745 dies
522 5708 556 5745 a
583 5708 618 5744 v
664 5691 791 5745 Kal.
846 5688 1166 5746 Februarii.
1203 5687 1484 5744 Similiter
1510 5687 1598 5742 vel
1631 5687 1689 5741 in
1723 5694 1857 5743 ante

211 5775 292 5831 vel
340 5784 493 5835 retro
551 5786 608 5835 et
663 5779 982 5837 terminum
1046 5796 1246 5835 Lxxem
1298 5778 1519 5848 absque
1579 5777 1855 5849 scrupulo

1956 4793 2192 4859 schalis,
2225 4809 2259 4847 a
2289 4792 2435 4845 Non.
2469 4790 2683 4863 Aprilis
2710 4791 3014 4863 incipiens,
3047 4791 3364 4862 finiturque
3394 4810 3428 4846 v
3454 4792 3602 4847 Non.

1956 4882 2114 4949 Maii,
2149 4898 2277 4951 quas
2308 4896 2679 4951 nequaquam
2714 4897 2923 4934 xxxma
2951 4886 3344 4951 computatur,
3378 4879 3515 4935 licet
3546 4880 3605 4934 in

1959 4971 2108 5026 Maio
2128 4970 2386 5036 finiatur,
2412 4986 2547 5024 cum
2570 4986 2802 5040 semper
2820 4969 3008 5025 Maius
3021 4987 3129 5023 xxx
3151 4969 3360 5023 habeat
3378 4968 3604 5036 lunam;

1957 5060 2097 5131 quia
2126 5059 2257 5126 ista,
2289 5062 2352 5112 ut
2378 5058 2602 5113 dictum
2635 5063 2742 5125 est,
2779 5058 2891 5112 nod
2926 5058 3082 5127 Maii,
3123 5060 3222 5113 sed
3254 5057 3467 5131 Aprilis
3496 5064 3604 5113 est.

1959 5150 2060 5205 Est
2090 5154 2285 5203 autem
2326 5146 2385 5201 in
2432 5146 2710 5203 Kalendis
2741 5146 2876 5202 Maii
2909 5165 3181 5213 xxvnma,
3217 5146 3486 5218 quamvis
3518 5166 3609 5202 se~

1959 5240 2218 5310 cundum
2251 5236 2537 5291 rationem
2568 5241 2907 5308 epactarum
2957 5254 3023 5292 ae
3075 5236 3431 5308 rcgularium
3481 5253 3609 5291 esse

1963 5326 2296 5385 debuerit...
2331 5325 2540 5398 Incipit
2569 5343 2700 5380 vero
2722 5325 2864 5381 luna
2887 5326 3021 5381 Maii
3056 5345 3109 5382 1v
3136 5327 3282 5381 Non.
3316 5326 3522 5398 ipsius,
3558 5331 3613 5379 et

1965 5418 2167 5473 finitur
2188 5434 2241 5471 IV
2264 5414 2411 5470 Non.
2436 5414 2596 5471 Junii
2622 5434 2829 5470 xxxma
2853 5415 3124 5482 existens,
3151 5414 3427 5486 quianon
3450 5414 3611 5469 Junii

1964 5509 2065 5563 sed
2100 5505 2256 5561 Maii.
2289 5504 2452 5560 Junii
2476 5509 2670 5560 autem
2694 5505 2913 5560 lunam
2944 5506 3090 5560 Non.
3115 5504 3301 5576 ipsius
3328 5503 3612 5572 incipiens

1965 5594 2242 5653 finiturin
2265 5593 2411 5665 ipsis
2433 5594 2887 5659 KalendisJulii,
2913 5600 2966 5649 et
2988 5611 3195 5648 xxmia
3215 5596 3606 5661 cuxnputatur,

1966 5687 2118 5743 sicut
2146 5701 2377 5755 semper
2408 5682 2549 5738 luna
2569 5683 2750 5749 Junii,
2786 5701 2919 5738 cum
2944 5684 3264 5738 secundum
3290 5682 3520 5747 Â«'puCliIs
3544 5693 3609 5727 Î¹Î¹Î¹Î‡

1967 5774 2264 5848 regulares
2295 5789 2504 5828 xxxma
2536 5777 2925 5843 computetur.
2980 5772 3149 5823 Î¡Ï‰ÏŠÏ…
3197 5764 3333 5819 Julii
3385 5764 3517 5816 luna
3554 5778 3607 5811 Î³Î¹
