3910 6436
138 454 216 513 47
822 448 1237 510 HELPERICI
1279 444 1632 510 MONACHI
1674 441 1738 502 S.
1788 440 2013 501 GALLI
2057 441 2288 501 LIBER
2330 442 2432 503 DE
2464 443 2859 509 GOMPUTO.
3465 447 3547 506 48

138 586 288 642 Νοιι.
339 583 468 655 ejus
523 580 870 648 inchoatur,
921 585 980 636 et
1034 579 1238 635 ﬁnitur
1284 578 1343 634 in
1403 578 1529 649 ipso
1584 587 1784 629 mense
1819 571 1876 637 Α

137 689 368 741 xxxma,
391 688 433 727 ιι
456 668 584 725 Kal.
608 664 755 741 Aug.
789 672 846 724 et
870 668 1036 723 ﬁnita
1065 671 1154 723 est
1181 666 1340 723 illius
1372 660 1781 721 controversia.

139 764 492 835 Epactarum
523 761 718 813 autem
749 755 917 812 lectio
948 756 1058 811 hoc
1087 773 1242 811 anno
1274 773 1336 810 ιιι
1381 753 1508 809 Kal.
1552 748 1689 807 Maii
1719 764 1785 804 ac

136 849 277 907 Julii
308 849 590 904 dissonat.
643 846 817 900 Porro
852 844 1162 900 undecimo
1196 843 1340 917 cycli
1369 839 1577 897 xxxalis
1608 854 1782 904 anno,

137 940 237 1012 qui
252 939 425 993 habet
436 938 671 1007 epactas
681 933 922 1001 xx,luna
933 931 1357 989 embolismalis
1369 928 1572 1001 incipit
1583 945 1623 982 ιι
1635 927 1782 982 Non.

140 1030 274 1083 Dec.
300 1031 355 1082 et
377 1023 581 1080 ﬁnitur
599 1040 654 1077 IV
668 1023 815 1077 Non.
841 1020 1127 1078 Januarii.
1142 1022 1213 1075 At
1225 1036 1356 1075 vero
1370 1013 1786 1073 lunaJanuarii

136 1134 200 1171 ιιι
230 1116 377 1170 Non.
410 1111 599 1184 ipsius
626 1109 854 1181 incipit,
885 1115 943 1165 et
973 1109 1177 1164 ﬁnitur
1204 1109 1265 1164 in
1315 1106 1443 1162 Kal.
1487 1102 1786 1161 Februarii

132 1220 344 1259 xxxma
369 1201 646 1269 existens,
672 1200 825 1271 quod
848 1204 906 1255 et
936 1198 1103 1253 lectio
1134 1203 1475 1271 epactarum
1508 1193 1782 1251 ostendit.

135 1292 413 1365 Sequitur
432 1294 630 1346 autem
649 1288 793 1343 luna
822 1287 1121 1344 Februarii
1151 1305 1210 1343 1v
1233 1287 1379 1342 Non.
1394 1283 1701 1356 incipiens,
1727 1283 1787 1336 ﬁ-

134 1383 422 1454 niensque
438 1397 496 1435 v1
522 1380 672 1434 Non.
698 1376 911 1433 Martii.
936 1378 1091 1443 Qum,
1117 1374 1256 1447 quia
1268 1375 1434 1431 Febr.
1451 1371 1706 1439 est,1icet
1725 1369 1783 1424 in

135 1470 345 1528 Martio
377 1467 635 1535 ﬁniatur,
678 1483 849 1521 xxxxa
898 1469 1301 1536 computatur;
1347 1462 1458 1518 nisi
1490 1462 1633 1516 forte
1666 1459 1782 1516 bis-

135 1564 334 1617 sextus
362 1558 473 1614 hoc
524 1554 751 1612 eveniat
793 1571 968 1620 anno,
1017 1552 1118 1625 qui
1160 1569 1391 1624 semper
1437 1550 1640 1605 lunam
1682 1550 1785 1605 Fe-

134 1647 357 1705 bruarii
400 1660 609 1701 xxxam
649 1642 977 1713 computari
1007 1641 1180 1713 cogit.
1216 1642 1383 1696 Luna
1412 1656 1647 1712 quoque
1675 1639 1786 1694 hoc

134 1754 289 1795 anno
338 1736 396 1792 in
447 1732 574 1789 Kal.
625 1730 817 1788 Martii
849 1731 1175 1787 secundum
1205 1735 1545 1802 epactarum
1574 1728 1784 1784 seriem

133 1842 346 1884 xxrxna
360 1840 487 1881 esse
500 1820 720 1889 debuit,
745 1821 845 1876 sed
861 1824 1098 1892 prepter
1109 1818 1522 1875 embolismum
1537 1833 1787 1873 xxvmva

133 1912 406 1981 occurrit,
439 1914 676 1981 excepto
704 1906 988 1965 bissextili
1018 1925 1193 1963 anno.
1229 1906 1289 1963 Si
1320 1907 1477 1963 enim
1498 1906 1609 1962 hoc
1630 1922 1783 1961 anno

132 2006 430 2061 bissextus
460 1998 657 2067 fuerit;
688 2002 828 2054 tunc
859 1996 922 2053 in
951 1995 1230 2052 Kalendis
1250 1994 1446 2052 Martii
1467 2012 1681 2051 xxixna
1700 2010 1786 2050 sc-

134 2094 396 2151 eundum
417 2088 748 2155 lectionem,
772 2090 829 2142 et
845 2086 1172 2142 secundum
1202 2083 1362 2140 illius
1382 2084 1519 2138 anni
1542 2082 1786 2139 calcula-

132 2182 354 2239 tionem
384 2176 702 2253 proveniet,
735 2180 793 2232 et
820 2179 886 2231 ut
912 2174 1135 2230 dictum
1164 2178 1273 2241 est,
1306 2191 1363 2230 γι
1394 2174 1541 2229 Νοιι.
1591 2172 1782 2228 Martii

133 2288 302 2328 xxxa.
332 2267 552 2326 Deinde
579 2264 725 2321 luna
752 2263 941 2338 ipsius
962 2263 1156 2320 Martii
1175 2281 1214 2319 v
1233 2263 1381 2319 Non.
1404 2263 1535 2333 ejus
1554 2261 1778 2335 incipit,

133 2360 455 2431 ﬁniturque
474 2355 535 2412 in
565 2354 694 2413 Kal.
725 2351 962 2427 Aprilis,
994 2357 1052 2409 et
1079 2352 1407 2409 secundum
1436 2356 1693 2423 epactas,
1727 2357 1785 2407 et

123 2451 297 2522 juxta
306 2446 731 2520 pracedentem
754 2440 1201 2500 calculationem
1213 2456 1425 2495 xxxma
1445 2456 1778 2495 occurrens.

131 2539 308 2594 Porro
334 2554 393 2592 IV
416 2535 564 2592 Non.
592 2532 775 2605 April.
806 2531 950 2587 luna
975 2530 1164 2602 ipsius
1193 2528 1499 2596 inchoans,
1535 2546 1662 2600 quae
1693 2532 1784 2584 est

131 2631 189 2682 et
219 2622 539 2690 Paschalis,
567 2621 771 2677 ﬁnitur
796 2619 857 2675 in
890 2618 1019 2675 Kal.
1045 2617 1183 2675 Maii
1211 2634 1422 2673 xx1xna
1454 2616 1605 2672 sicut
1634 2632 1783 2672 sem-

134 2733 238 2787 per
265 2715 470 2780 habet;
501 2715 559 2768 et
588 2709 756 2766 ﬁnita
801 2712 892 2766 est
932 2725 1139 2764 rursus
1188 2711 1246 2762 et
1289 2705 1450 2761 illius
1481 2705 1619 2761 anni
1642 2722 1778 2760 con-

130 2802 431 2860 troversia.
462 2802 535 2856 At
563 2815 697 2855 vero
718 2814 888 2853 x1xus
918 2813 1111 2853 annus
1132 2798 1368 2868 epactas
1388 2793 1612 2849 habens
1640 2811 1779 2850 xvm

131 2889 600 2949 embolismalem
631 2886 836 2942 lunam
867 2903 930 2941 ιιι
960 2885 1110 2940 Νοιι.
1144 2882 1339 2939 Martii
1358 2882 1664 2952 inchoans,
1699 2883 1779 2938 ni-

130 2978 457 3036 hilominus
486 2994 549 3033 ιιι
578 2975 725 3031 Νοιι.
769 2972 984 3046 Aprilis
1013 2988 1142 3028 eam
1172 2970 1466 3039 terminat,
1501 2976 1780 3045 sequente

128 3068 272 3124 luna
298 3064 535 3139 Aprilis,
568 3080 697 3135 qua:
734 3066 825 3117 est
853 3066 910 3117 et
939 3059 1256 3127 Paschalis,
1291 3060 1444 3116 sicut
1472 3077 1707 3134 semper
1738 3079 1777 3116 ιι

128 3158 276 3213 Νοιι.
313 3153 521 3227 ipsius,
556 3154 905 3223 peractaque
935 3167 991 3204 v1
1023 3149 1168 3204 Non.
1204 3148 1371 3215 Maii;
1402 3153 1459 3204 et
1487 3148 1610 3204 haec
1640 3148 1779 3221 quia

129 3263 246 3302 non
269 3241 409 3299 Maii
444 3240 546 3297 sed
563 3237 779 3311 Aprilis
801 3242 908 3305 est,
934 3240 1149 3294 xxxxna‘
1160 3237 1530 3294 terminatur.
1555 3239 1626 3293 Et
1645 3238 1779 3293 licet

2455 574 2688 632 CAPUT
2726 578 2989 636 XXXVII.

1997 665 2076 715 De
2098 662 2324 717 caeteris
2352 663 2702 721 emboliSmis
2734 669 2919 725 brevis
2944 671 3439 727 commemoratio.

1966 748 2045 804 De
2078 750 2300 805 caeteris
2328 750 2710 823 embolismis,
2742 756 2843 828 qui
2875 758 2973 830 (ita
2992 759 3131 830 cod.)
3163 758 3399 832 epactas
3428 777 3547 815 non

1896 842 2243 909 repugnant,
2277 839 2387 895 hoc
2416 839 2789 901 solummodo
2821 848 3016 919 putavi
3045 847 3380 917 dicendum,
3413 849 3545 903 utsi

1895 927 2131 998 quando
2163 929 2488 985 secundum
2511 929 2821 989 lectionem
2850 936 2978 991 due:
3008 936 3186 993 simul
3207 955 3427 993 xxxma:
3458 955 3549 993 oc-

1896 1014 2183 1070 currerint
2204 1015 2556 1087 lunationes,
2582 1037 2699 1076 una
2729 1039 2798 1078 ex
2826 1023 2920 1081 his
2951 1026 3374 1084 embolisma‘lis
3395 1027 3550 1083 dica-

1894 1106 2010 1171 tur,
2034 1120 2161 1175 quaa
2184 1104 2327 1159 nulli
2352 1106 2668 1178 deputatur
2686 1112 2896 1180 mensi,
2921 1120 3157 1187 excepto
3182 1115 3230 1171 si
3251 1115 3547 1171 bissextus

1895 1191 2090 1247 fuerit.
2124 1194 2289 1249 Tunc
2320 1193 2476 1250 enim
2501 1200 2620 1252 tres
2651 1196 2829 1254 simul
2863 1202 3136 1258 eveniunt
3165 1222 3383 1259 xxxmaz
3406 1222 3549 1277 qua-

1895 1296 2028 1335 rum
2062 1280 2224 1337 nulla
2243 1288 2332 1338 cst
2353 1284 2804 1357 embolismalis;
2829 1290 2966 1359 quia
2986 1290 3253 1348 videlicet
3278 1292 3411 1348 Jan.
3434 1311 3549 1348 xxx

1895 1369 2145 1426 habente
2178 1372 2331 1427 sicut
2362 1389 2611 1446 semper,
2646 1376 2957 1435 Fcbruaris
2996 1380 3077 1435 ita
3123 1382 3257 1437 dein
3297 1400 3409 1437 xxx
3437 1382 3543 1438 ha-

1895 1459 1991 1513 bet
2008 1464 2243 1531 propter
2263 1461 2587 1517 bissextum
2610 1465 3361 1537 subsequentelunaMartii
3387 1490 3545 1541 usque

1894 1549 2187 1614 xxx,sicut
2217 1566 2450 1623 semper
2480 1557 2569 1608 est
2595 1570 2607 1621 ;
2640 1558 2696 1608 et
2728 1554 2776 1609 si
2799 1556 2974 1612 fuerit
2996 1559 3214 1630 ogdoas
3244 1565 3347 1615 aut
3362 1561 3542 1616 ende-

1894 1637 2199 1705 cas,simul
2212 1656 2347 1694 cum
2360 1640 2616 1696 bissexto
2629 1643 2896 1713 sequitur
2907 1645 3100 1702 adhuc
3113 1651 3547 1719 quartaxxxma

1896 1743 2024 1797 quae
2053 1732 2143 1782 est
2169 1726 2593 1785 embolismalis
2625 1728 2785 1787 illius
2815 1735 2972 1802 anni,
3008 1736 3077 1791 de
3108 1752 3223 1808 quo
3256 1754 3438 1810 supra
3452 1739 3542 1795 di-

1896 1819 2056 1869 ctum
2091 1820 2199 1871 est.

1965 1904 2184 1960 Caetera
2203 1905 2274 1961 de
2305 1905 2652 1964 emlolismis
2676 1911 2963 1984 annisque
2988 1915 3423 1985 communibus,
3451 1918 3549 1974 de-

1894 2008 2008 2065 que
2028 1994 2288 2065 ogdoade
2313 1995 2703 2066 etzendecade,
2729 2000 2814 2055 vel
2837 2002 2906 2057 de
2924 2003 3198 2060 omnibus
3218 2005 3291 2060 ad
3309 2004 3545 2063 Pascha:

1894 2082 2179 2138 rationem
2211 2084 2660 2155 pertinentibus,
2686 2089 2785 2159 qui
2808 2107 2980 2145 nosse
3002 2091 3232 2163 plenius
3251 2094 3547 2161 desiderat

1892 2169 2108 2225 librum
2130 2171 2477 2228 venerabilis
2499 2174 2662 2230 Beda:
2685 2176 2755 2231 de
2778 2176 2870 2233 his
2890 2178 3187 2251 eleganter
3205 2170 3428 2240 editum
3452 2201 3544 2240 sc-

1892 2258 2029 2314 dulo
2080 2258 2357 2331 perlegat.
2410 2260 2495 2316 Ibi
2543 2263 2948 2334 cepiosissime
3004 2269 3076 2323 de
3124 2269 3218 2326 his
3266 2274 3543 2330 omnibus

1891 2348 2180 2419 quidquid
2212 2348 2511 2419 quaesierit
2535 2350 2737 2421 procul
2760 2353 2938 2409 dubio
2970 2362 3329 2429 reperturus.

2433 2437 2665 2495 CAPUT
2705 2441 2998 2499 XXXVIII.

2458 2528 2730 2599 Epilogus
2764 2532 2964 2589 libelli.

1961 2614 2078 2670 Nos
2097 2614 2276 2681 enim,
2297 2614 2783 2674 scholasticorum
2797 2626 3133 2679 nostrorum
3156 2631 3383 2697 rogatu,
3408 2646 3540 2702 quae

1888 2703 2332 2759 introduccndis
2355 2705 2425 2760 ad
2448 2704 2601 2762 hanc
2621 2712 2808 2764 artem
2825 2711 3022 2782 pueris
3044 2716 3373 2772 necessaria
3384 2717 3543 2789 judi-

1889 2793 2172 2859 cavimus,
2197 2809 2302 2865 pro
2324 2798 2499 2866 captu
2521 2794 2997 2870 ingenioliinostri
3020 2802 3410 2877 undecunque
3426 2805 3542 2861 colo

1888 2881 2039 2937 lecta
2069 2882 2496 2953 congessimus.
2531 2884 2595 2939 In
2628 2886 2844 2956 quibus
2876 2892 3323 2962 congregandis,
3359 2894 3406 2948 si
3442 2894 3541 2950 ali-

1889 2970 2243 3042 quantulum
2272 2971 2576 3028 verbosius
2607 2976 2828 3046 evagati
2853 2993 3080 3045 sumus,
3116 2981 3453 3055 quicunque
3472 3000 3543 3040 ea

1886 3059 2112 3131 legerit,
2135 3075 2200 3115 eo
2232 3076 2340 3115 nos
2366 3061 2561 3116 studio
2589 3062 2795 3118 iecisse
2827 3074 3159 3137 cognoscat,
3195 3075 3261 3125 ut
3284 3088 3418 3142 quae
3450 3073 3538 3128 di-

1889 3148 2171 3203 cebantur
2191 3148 2593 3204 manifestoria
2612 3149 2939 3221 legentibus
2961 3156 3168 3210 forent.
3186 3156 3347 3214 Unde
3370 3166 3430 3216 et
3450 3179 3540 3217 oc-

1888 3236 2200 3292 cultiorum
2231 3236 2295 3308 [Ῑ.
2339 3236 2679 3312 cultiorum]
2703 3257 2948 3312 pompas
2968 3244 3278 3301 verborum
3299 3248 3539 3304 evitavi-

128 3332 456 3393 secundum
485 3331 721 3402 epactas
752 3327 811 3383 in
843 3326 1658 3395 Ka1,Maiioccurratxx1xna,
1688 3332 1775 3383 ta.-
1817 3307 1859 3375 C
1890 3342 2043 3392 mus,
2078 3342 2213 3379 cum
2240 3327 2487 3381 fortasse
2517 3326 2639 3383 haec
2670 3329 2838 3384 nobis
2859 3328 3232 3402 aliquatenus
3263 3342 3539 3408 suppete-

127 3439 263 3479 mcn
304 3420 377 3476 ob
417 3417 756 3492 praedictam
788 3414 1072 3471 rationem
1102 3432 1349 3471 xxvmva
1379 3421 1772 3488 computatur.

128 3508 341 3583 Incipit
371 3511 567 3564 autem
597 3505 740 3561 luna
768 3503 906 3561 Maii
926 3521 961 3559 v
981 3504 1176 3560 Nonas
1198 3503 1407 3576 ipsius,
1432 3504 1781 3577 completur-

130 3617 244 3673 que
266 3599 326 3654 in
346 3596 473 3652 Kal.
499 3592 661 3653 Junii
679 3611 892 3649 xxxma
909 3592 1187 3650 omnibus
1216 3591 1408 3649 modis
1428 3592 1703 3660 existens,
1724 3598 1781 3648 et

130 3688 406 3759 deinceps
437 3683 677 3742 solitum
717 3698 959 3738 cursum
1008 3681 1297 3737 custodiet
1332 3698 1521 3753 usque
1557 3681 1618 3737 in
1649 3681 1776 3738 Kal.

132 3774 513 3849 Septembris.
530 3774 578 3827 A
593 3771 721 3828 Kal.
744 3770 901 3827 enim
927 3770 1288 3843 Septembris
1308 3770 1419 3827 hoc
1436 3788 1610 3839 anno,
1635 3788 1780 3842 quo-

137 3881 326 3936 usque
338 3860 638 3918 transilias
665 3858 853 3916 saltus
873 3858 1048 3928 diem,
1075 3876 1248 3931 quem
1264 3859 1435 3914 multi
1453 3859 1513 3914 in
1537 3860 1780 3916 Novem-

135 3954 238 4010 bre
268 3951 509 4018 faciunt,
538 3948 599 4004 in
621 3947 800 4005 nullis
829 3946 956 4003 Kal.
978 3947 1181 4004 lunam
1203 3949 1528 4004 secundum
1554 3947 1782 4022 regula-

140 4060 234 4097 res
254 4039 577 4105 invcniens,
602 4038 705 4093 sed
726 4037 788 4093 in
810 4037 938 4093 Kal.
964 4037 1121 4109 Sept.
1147 4054 1371 4093 necnon
1393 4042 1449 4093 et
1478 4037 1679 4094 Octob.
1704 4049 1783 4093 ινι

139 4127 412 4195 occurrit,
446 4142 582 4181 cum
616 4126 942 4181 secundum
974 4124 1271 4198 regulares
1309 4126 1367 4181 in
1419 4125 1685 4198 utrisque
1728 4139 1787 4180 ν·

139 4234 269 4275 esse
293 4216 520 4271 debeat.
555 4213 619 4268 In
651 4212 778 4268 Kal.
803 4214 961 4269 enim
991 4213 1131 4269 Nov.
1158 4224 1238 4270 vr
1269 4218 1378 4282 est,
1412 4231 1548 4270 cum
1579 4215 1787 4270 debeat

139 4323 269 4362 esse
296 4320 414 4361 vna
442 4301 663 4358 ratione
694 4301 1071 4374 regularium.
1098 4302 1332 4360 Peracto
1364 4303 1520 4358 enim
1553 4302 1705 4359 saltu
1724 4303 1785 4359 in

139 4390 451 4449 Novembri
481 4390 756 4463 deinceps
789 4388 1132 4446 inviolatum
1178 4392 1468 4447 custodiet
1518 4408 1781 4448 cursum.

140 4482 252 4539 Sed
283 4497 517 4537 omnem
548 4480 700 4535 hanc
730 4472 1184 4535 contrbversiam
1216 4480 1428 4535 evitare
1463 4480 1679 4552 poteris
1711 4479 1780 4548 si,

138 4574 205 4626 ut
233 4586 411 4642 supra
431 4567 707 4635 diximus,
732 4567 1054 4625 secundum
1078 4568 1375 4642 .Egyptios
1404 4586 1605 4624 mense
1625 4568 1780 4637 Julio

1889 3418 2038 3469 rent.
2072 3413 2237 3481 Quia,
2272 3413 2426 3468 sicut
2457 3414 2539 3469 ait
2570 3415 2632 3469 B.
2662 3417 3047 3488 Augustinus,
3092 3424 3191 3493 qui
3242 3423 3541 3497 eleganter

1888 3502 2109 3574 aliquid
2130 3502 2411 3574 loquitur,
2428 3519 2533 3559 nec
2550 3505 2877 3561 auditorem
2900 3507 3160 3579 instruit,
3177 3512 3536 3572 sibitantum

1888 3597 1947 3648 et
1976 3608 2092 3647 non
2118 3591 2202 3647 illi
2228 3608 2403 3663 quem
2426 3593 2499 3647 ad
2529 3593 2916 3650 erudiendum
2951 3600 3229 3671 suscepit,
3253 3601 3532 3675 loquitur.

1890 3682 2189 3752 Rogamus
2220 3685 2439 3749 autem,
2470 3681 2808 3754 quicunque
2825 3684 2947 3740 haec
2968 3685 3156 3758 legere
3177 3689 3538 3762 dignabitur,

1891 3775 1957 3825 ut
1987 3769 2037 3825 si
2070 3786 2189 3841 qua
2214 3769 2273 3823 in
2305 3768 2398 3824 his
2437 3785 2556 3825 suae
2588 3770 2829 3827 utilitati
2871 3775 3262 3833 conducibilia
3300 3781 3533 3853 reperit,

1892 3858 2158 3914 omnium
2189 3857 2476 3913 bonorum
2508 3857 2768 3931 largitori
2800 3863 3022 3933 gratias
3045 3865 3274 3921 referat.
3299 3869 3461 3934 Quod
3490 3871 3541 3926 si

1893 3964 2065 4003 secus
2094 3947 2368 4015 evenerit,
2403 3963 2518 4002 non
2550 3947 2705 4004 illico
2736 3948 2995 4006 laborem
3015 3958 3281 4011 nostrum
3305 3956 3539 4015 inanem
3574 3962 3575 3967 “

1893 4053 2021 4093 esse
2053 4039 2347 4103 causetur,
2379 4035 2520 4107 quia
2560 4053 2710 4108 sepe
2728 4038 2920 4093 evenit
2947 4045 3010 4095 ut
3030 4040 3108 4096 ibi
3136 4041 3286 4099 alius
3319 4046 3546 4103 erudia-

1894 4130 2011 4192 tur,
2037 4124 2137 4180 ubi
2170 4124 2320 4179 alius
2343 4123 2427 4178 nil
2449 4123 2592 4179 utile
2613 4126 2968 4197 suspicatur.
2992 4129 3114 4184 Etsi
3138 4131 3293 4187 enim
3322 4135 3539 4206 pretio-

1895 4215 2022 4270 sius
2051 4219 2143 4269 est
2170 4230 2380 4269 aurum
2412 4213 2708 4285 poculum,
2734 4231 2849 4270 non
2871 4217 3000 4271 ideo
3023 4222 3218 4275 tamen
3239 4223 3398 4278 omni
3423 4225 3543 4280 uti-

1893 4303 2059 4359 litate
2091 4307 2248 4358 caret
2277 4301 2677 4370 Samniolum;
2710 4303 2825 4358 imc
2860 4321 3285 4379 nonnunquam
3307 4326 3447 4367 vasa
3476 4313 3546 4367 ﬁ-

1894 4391 2057 4447 ctilia
2082 4395 2245 4445 tanto
2271 4388 2460 4444 solent
2488 4390 2726 4445 utiliora
2745 4408 2873 4447 esse
2902 4400 3125 4464 quanto
3152 4394 3377 4466 viliora,
3407 4400 3548 4472 quia

1894 4478 2144 4553 gemmis
2176 4480 2235 4533 in
2268 4477 2484 4548 scrinio
2506 4480 2863 4550 jacentibus,
2905 4486 2962 4536 et
3010 4482 3150 4539 solis
3182 4487 3419 4559 regibus
3450 4489 3545 4546 bis

1894 4567 2217 4633 utentibus,
2268 4566 2377 4621 hoc
2428 4565 2491 4638 [Γ.
2534 4566 2770 4642 horum]
2802 4568 3125 4640 plurimum
3159 4575 3307 4630 servi
3341 4582 3543 4633 carent

136 4657 323 4713 saltus
348 4655 504 4710 diem
533 4655 828 4712 transilire
857 4656 1129 4724 volueris,
1164 4661 1372 4729 praeter
1410 4658 1693 4712 duntaxat
1721 4656 1779 4711 in
1817 4672 1867 4739 D
1891 4657 2118 4711 usibus.
2152 4656 2223 4710 Se
2256 4655 2339 4709 uti
2371 4660 2568 4710 autem
2609 4656 2880 4728 quisquis
2910 4658 3242 4729 fastidierit,
3277 4679 3392 4718 non
3425 4664 3537 4720 sibi

130 4745 259 4801 Kal.
285 4743 532 4818 Augusti
544 4743 604 4799 in
626 4743 1055 4816 quibuslunam
1072 4762 1232 4801 mam
1246 4744 1634 4817 computabis,
1650 4762 1777 4816 quae

132 4832 460 4890 secundum
474 4836 707 4903 epactas
728 4850 807 4888 11a
819 4833 1252 4905 pronuntiatur.
1278 4834 1428 4888 Sane
1440 4832 1776 4903 ubicunque

131 4920 350 4978 saltum
370 4919 731 4992 interponas,
752 4921 1107 4989 observabis,
1127 4926 1192 4976 ut
1212 4938 1274 4976 ιιι
1296 4919 1514 4993 pariter
1532 4919 1776 4976 lunatio-

127 5026 232 5070 nes
259 5025 459 5068 mas
486 5015 792 5083 computes
832 5012 959 5067 sine
984 5010 1109 5067 ulla
1135 5008 1576 5082 interpositione
1605 5027 1769 5066 xxxa.

1887 4762 2016 4800 esse
2046 4742 2224 4807 edita,
2259 4742 2361 4797 sed
2386 4742 2479 4797 his
2502 4748 2732 4798 tantum
2766 4746 2866 4816 qui
2890 4748 3116 4818 majora
3147 4749 3339 4806 adhuc
3369 4767 3539 4824 pene-

1887 4838 2041 4887 trare
2063 4834 2380 4902 nequeunt,
2406 4835 2472 4884 ut
2492 4830 2585 4886 his
2606 4832 2864 4903 primum
2888 4836 3055 4906 quasi
3080 4837 3432 4907 quibusdam
3457 4840 3537 4895 a1-

1886 4920 2122 4993 phabcti
2149 4919 2586 4976 characteribus
2606 4920 2853 4992 inducti,
2887 4922 2988 4979 illa
3007 4924 3281 4999 deinceps
3301 4927 3532 4985 facilius

1883 5013 2293 5081 assequentur.
