3910 6434
217 546 287 603 51
1218 548 1423 611 BERN
1430 551 1559 612 ERI
1603 548 1933 610 ABBATIS
1978 546 2618 611 HUMOLABIENSIS
3558 544 3639 606 52

216 678 338 732 vitii
362 680 781 751 parcimoniam
807 681 1164 753 propinavit:
1191 688 1248 738 et
1263 700 1391 755 quae
1414 684 1670 755 primum
1695 681 1860 737 facile
1891 684 1945 748 Α
1955 681 2059 752 jus
2087 681 2394 755 aggredior
2423 681 2568 736 Vita
2600 685 3022 753 gestorumque
3054 696 3242 752 pauca
3272 679 3636 747 describere,

220 768 509 823 consentit
542 773 605 821 ut
634 770 883 836 caderet,
904 774 961 824 et
990 774 1176 825 mater
1198 771 1550 826 calamitatis
1571 770 1862 836 existeret;

222 858 595 926 postmodum
630 874 730 928 per
759 850 973 912 Christi
1002 858 1251 930 gratiam
1291 858 1516 913 fortiter
1560 859 1771 914 restitit
1801 862 1867 913 ut

218 945 491 999 zabulum
540 950 949 1017 prosterneret,
992 964 1271 1019 sororque
1300 952 1357 1003 et
1403 951 1590 1002 mater
1633 944 1866 1002 Domini

218 1032 531 1088 Salvatoris
563 1034 745 1103 gratis
775 1034 956 1089 electa
988 1035 1231 1090 feliciter
1258 1037 1439 1091 ﬁeret.
1478 1036 1665 1107 Hujus
1683 1034 1868 1108 igitur

216 1120 421 1175 divina}
452 1121 650 1194 gratia:
686 1128 902 1178 sortem
934 1124 1144 1196 adepta
1174 1124 1427 1197 gloriosa
1453 1124 1614 1197 virgo
1669 1124 1864 1179 Hune-

214 1211 449 1281 gundis,
482 1212 554 1266 ab
590 1212 966 1268 immaculato
1012 1212 1191 1268 divini
1242 1213 1418 1269 fontis
1469 1219 1631 1269 utero
1665 1216 1868 1269 renata

213 1299 446 1369 prodiit,
472 1301 720 1357 educata
750 1300 1047 1357 catholica:
1072 1301 1205 1357 sinu
1229 1300 1435 1357 matris
1457 1301 1748 1370 Ecclesiae,
1772 1317 1868 1356 cu-

1973 774 2149 843 prout
2177 769 2432 840 comperi
2464 787 2499 824 a
2528 768 2799 825 ﬁdelibus
2821 767 3133 824 enarrarri.
3160 768 3412 825 Obsecro
3434 767 3641 840 itaque

1976 875 2069 913 me
2100 856 2422 930 principem
2451 862 2824 928 peccatorum
2858 863 2915 912 et
2946 857 3321 913 sacerdotum
3353 855 3638 911 ultimum

1973 942 2182 1002 vestris
2214 945 2486 1018 precibus
2515 945 2847 1018 suffragari,
2884 949 3178 1018 quatenus
3211 944 3354 1000 mihi
3389 948 3641 1001 sanctus
3714 1008 3721 1015 ,

1974 1036 2248 1108 dignetur
2278 1036 2484 1091 adesse
2517 1035 2789 1107 Spiritus,
2825 1035 2926 1108 qui
2958 1039 3014 1091 et
3046 1034 3371 1090 facinorum
3404 1037 3640 1090 nostro-

1974 1141 2109 1179 rum
2139 1122 2400 1180 maculas
2433 1123 2640 1193 deleat,
2665 1127 2723 1179 et
2740 1124 3005 1197 linguam
3030 1124 3102 1179 ad
3129 1124 3460 1179 enarranda
3481 1140 3646 1194 qua:-

1975 1214 2111 1269 dam
2139 1212 2383 1285 virginis
2415 1216 2581 1285 gesta
2608 1212 2887 1268 disertam
2921 1211 3158 1268 efﬁciat.

1420 1609 2003 1766 INCIPIT
2086 1609 2463 1765 VITA,

292 1853 345 1903 2.
384 1850 628 1903 Summa
657 1853 713 1904 et
741 1848 1350 1921 incomprehensibilis
1381 1847 1747 1921 providentia
1777 1846 1872 1902 Di-
1907 1847 1957 1912 B
1986 1849 2043 1900 et
2072 1845 2270 1902 anima
2302 1851 2435 1918 post
2462 1852 2767 1919 peractum
2800 1848 2928 1903 vitae
2959 1863 3203 1904 cursum
3231 1846 3488 1902 fructum
3522 1860 3650 1900 car-

223 1937 501 2005 vinitatis,
518 1953 651 1991 cum
676 1954 745 1992 cx
756 1954 865 1993 sua
884 1937 1311 2010 omnipotentia
1326 1937 1530 1993 mundi
1550 1936 1874 2010 principem

225 2027 558 2093 dobellaret,
595 2027 840 2098 ejusque
870 2027 1157 2083 versutias
1186 2026 1420 2099 penitus
1449 2025 1736 2099 extirpare
1756 2024 1876 2080 dis-

226 2119 486 2187 poneret,
518 2132 653 2170 cum
688 2132 804 2171 non
836 2114 1031 2171 solum
1056 2119 1321 2188 potenter
1361 2115 1657 2188 superavit
1704 2118 1880 2186 atque

226 2220 393 2257 arma
426 2201 688 2271 abstulit,
720 2220 923 2258 verum
955 2202 1132 2258 etiam
1164 2202 1310 2275 ipsis
1340 2204 1521 2259 armis
1550 2202 1879 2259 misericor-

229 2292 380 2346 diter
393 2295 511 2347 tam
526 2291 863 2364 praeclaram
879 2291 1125 2347 contulit
1138 2291 1505 2364 ﬂagrantiam
1515 2296 1601 2359 ,ut
1612 2292 1883 2364 fugerent

231 2397 297 2433 ac
328 2379 588 2434 delerent
620 2377 1012 2433 sordidissimi
1039 2377 1322 2451 principis
1342 2379 1622 2446 dominia,
1648 2379 1881 2435 fierent-

234 2485 346 2539 que
366 2468 583 2523 Christi
596 2467 913 2523 luminaria
927 2484 1055 2539 qua:
1068 2468 1299 2523 fuerant
1314 2467 1539 2540 pridem
1553 2485 1718 2524 arma
1730 2472 1885 2524 tene-

233 2558 426 2611 brosa.
454 2556 578 2611 Tali
598 2556 777 2628 igitur
789 2556 991 2611 ordine
1012 2556 1217 2612 mundi
1230 2561 1458 2629 sceptra
1479 2556 1885 2613 crudelissima

232 2646 641 2712 immutantur,
664 2646 974 2717 omnisque
994 2645 1181 2719 portio
1206 2647 1577 2702 tenebrarum
1600 2644 1726 2702 suis
1747 2662 1883 2701 cum

236 2733 588 2789 satellitibus
618 2736 779 2789 tanto
802 2734 1016 2804 jubare
1038 2733 1438 2807 restinguitur,
1463 2735 1762 2807 oriturque
1782 2751 1886 2807 per

236 2823 465 2896 pagella
493 2842 641 2878 nova
688 2823 787 2878 lux
834 2830 890 2877 et
937 2824 1243 2897 gaudium,
1276 2824 1689 2881 submittentes
1737 2823 1887 2880 colla

237 2912 377 2984 ltegi
409 2929 634 2984 regum,
671 2916 728 2966 et
755 2911 1037 2983 paulatim
1070 2928 1104 2967 a
1134 2911 1275 2969 solis
1298 2917 1428 2968 ortu
1460 2930 1647 2985 usque
1687 2913 1759 2967 ad
1790 2929 1884 2968 oc-

238 3017 441 3055 casum
475 2999 689 3055 Christi
714 3000 1075 3071 divulgatum
1098 3006 1186 3056 est
1206 3000 1541 3073 imperium.
1563 3002 1719 3056 Inter
1737 3017 1887 3073 quos

236 3106 381 3161 gens
402 3089 785 3161 Francigena,
802 3088 1005 3143 multis
1025 3094 1264 3144 actuum
1285 3089 1556 3162 insigniis
1581 3089 1889 3162 splendida

1986 1938 2147 2006 peret
2162 1935 2550 1990 centesimum
2570 1936 2987 1992 sacratissimis
2998 1935 3327 2010 virginibus
3343 1949 3648 1991 consecra-

1988 2025 2136 2077 tum.
2172 2022 2336 2078 Unde
2367 2023 2508 2095 quia
2535 2028 2660 2080 erat
2688 2025 2954 2098 gloriosae
2986 2023 3201 2081 indolis
3237 2021 3534 2099 progenie,
3568 2023 3645 2077 ab

1988 2108 2133 2184 ipsis
2146 2111 2521 2170 incunabulis
2535 2114 2719 2185 fertur
2729 2130 2859 2169 esse
2878 2111 3646 2186 desponsatacoaequalibns

1990 2199 2315 2257 natalibus:
2338 2202 2439 2257 sed
2460 2203 2673 2258 dilecta
2685 2202 2875 2274 magis
2890 2218 3108 2275 sponso
3122 2201 3341 2258 caelesti
3352 2199 3650 2258 terrestris

1991 2289 2387 2359 confunditur,
2412 2290 2756 2363 occultoque
2786 2291 2886 2346 Dei
2903 2290 3127 2363 judicio
3154 2290 3362 2347 mortis
3391 2289 3651 2346 conﬁnio

1992 2377 2303 2434 clauditur.

2063 2469 2116 2522 4.
2151 2467 2467 2541 Postquam
2496 2485 2630 2525 vero
2662 2469 2838 2542 coepit
2866 2473 3069 2526 sancta
3096 2468 3256 2543 virgo
3282 2485 3411 2526 esse
3449 2466 3653 2524 adole-

1992 2573 2163 2613 scens
2192 2573 2432 2629 corpore
2463 2558 2830 2631 candidaque
2858 2557 3020 2615 vultu
3064 2560 3239 2630 atque
3290 2558 3438 2613 ﬂava
3467 2556 3650 2625 faeie,

1992 2646 2383 2718 desponsatur
2410 2664 2649 2704 rursum
2672 2665 2707 2703 a
2726 2649 2982 2719 quodam
3001 2645 3234 2703 nomine
3257 2644 3520 2701 Eudaldo
3545 2658 3655 2718 ge-

1994 2751 2215 2791 nerosae
2245 2734 2447 2808 stirpis
2470 2735 2727 2806 homine,
2753 2754 2788 2793 a
2806 2754 2922 2809 quo
2951 2734 3129 2792 variis
3149 2738 3237 2790 est
3255 2735 3451 2789 dotata
3469 2750 3660 2806 spon-

1994 2822 2218 2880 salibus
2249 2841 2384 2880 cum
2416 2825 2728 2897 mancipiis
2759 2828 2817 2881 et
2844 2824 3065 2881 villulis
3088 2842 3102 2879 :
3127 2840 3256 2896 quae
3286 2821 3485 2878 omnia
3512 2820 3656 2878 licet

1996 2929 2031 2967 a
2059 2914 2403 2985 parentibus
2434 2919 2652 2982 coacta,
2683 2913 2850 2969 vultu
2880 2919 3079 2969 tamen
3110 2910 3337 2985 placido
3369 2914 3427 2966 et
3454 2915 3656 2966 mente

1996 3006 2158 3057 casta
2174 3002 2491 3073 perferens,
2514 3002 2910 3057 meditabatur
2916 3001 3151 3073 jamdiu
3163 3000 3382 3066 animo,
3400 2997 3655 3070 qualiter

1998 3105 2060 3145 se
2089 3095 2146 3145 et
2171 3106 2280 3145 sua
2309 3089 2538 3145 Christo
2569 3107 2785 3162 sponso
2811 3093 3066 3145 traderet
3089 3087 3329 3156 dotalia,
3371 3088 3653 3157 ﬁeretque

237 3195 304 3233 ac
334 3176 651 3248 triumphis
681 3175 885 3231 multis
911 3176 1325 3244 famosissima,
1357 3177 1492 3233 licet
1514 3177 1742 3233 Christo
1775 3177 1888 3231 ﬁde
1916 3210 1963 3277 ρ
2001 3176 2466 3233 sanctimonialis
2488 3178 2707 3233 femina
2728 3178 2838 3233 sub
2860 3176 3047 3232 tutela
3069 3180 3285 3232 sanctae
3305 3175 3512 3231 matris
3529 3174 3653 3229 Vir-

240 3271 445 3321 sancta
460 3263 684 3319 tardius
702 3268 1050 3332 occurreret,
1065 3268 1262 3319 tamen
1275 3269 1339 3319 ut
1350 3264 1639 3337 persensit
1656 3265 1888 3321 Domini
1921 3263 1963 3277 ν’
1998 3264 2173 3338 ginis,
2206 3264 2488 3338 insignita
2516 3264 2726 3337 capitis
2745 3263 3053 3333 velamine,
3078 3267 3144 3319 ut
3163 3280 3301 3319 cum
3321 3263 3653 3320 adolescen-

242 3352 638 3421 clementiam,
673 3351 846 3424 cmpit
874 3351 1094 3424 passim
1118 3352 1463 3424 pullulando
1486 3371 1694 3409 novam
1716 3358 1893 3426 atque
1997 3353 2138 3410 tulis
2165 3354 2285 3410 veri
2315 3355 2469 3427 regis
2499 3354 2719 3410 valeret
2746 3354 2970 3410 edicere
3005 3370 3018 3408 :
3052 3354 3225 3424 Nigra
3249 3370 3375 3409 sum
3413 3353 3508 3410 sed
3535 3354 3649 3425 for-

241 3447 505 3498 sanctam
540 3442 654 3497 Deo
688 3442 836 3513 patri
880 3440 1104 3513 prolem
1151 3441 1409 3515 gignere.
1443 3443 1524 3498 Ex
1569 3443 1741 3501 cuius
1762 3444 1890 3515 jam

241 3529 639 3587 sacratissimo
683 3529 975 3585 consortio
1021 3535 1226 3586 sancta
1272 3535 1458 3587 mater
1504 3536 1679 3603 atque
1728 3531 1889 3603 virgo

240 3620 456 3675 Christi
487 3619 729 3674 dilatata
747 3622 837 3673 est
860 3617 1134 3686 Ecclesia,
1161 3636 1288 3691 qum
1321 3619 1501 3676 oblita
1519 3622 1761 3676 domum
1794 3637 1889 3692 pa-

240 3710 348 3765 tris
378 3713 553 3780 atque
583 3706 890 3780 papulum,
926 3706 1135 3762 unitati
1165 3708 1332 3763 trinae
1363 3708 1560 3764 sinum
1582 3709 1775 3766 cordis
1797 3710 1891 3765 ob-

239 3798 394 3865 tulit,
426 3798 583 3853 unde
614 3796 725 3853 sibi
757 3795 1175 3853 immaculatus
1206 3796 1490 3855 Dominus
1520 3798 1889 3871 impollutam

237 3903 578 3943 consecrare
606 3883 912 3941 familiam.

308 3977 363 4031 3.
396 3976 546 4047 Ergo
576 3973 749 4030 tellus
793 3973 1066 4041 Franciae,
1122 3990 1311 4047 pagus
1359 3976 1580 4032 scilicet
1607 3976 1888 4032 Verman-

241 4063 460 4132 densis,
482 4062 1014 4135 prznpollentissimi
1041 4063 1314 4135 martyris
1336 4065 1595 4131 Quintini
1621 4066 1892 4121 decorata

243 4150 559 4224 suffragiis,
581 4150 891 4205 anhelabat
911 4150 1048 4207 totis
1070 4149 1291 4210 viribus
1314 4158 1378 4208 ut
1395 4156 1625 4210 offerret
1645 4155 1890 4211 Domino

242 4258 462 4296 munus
472 4245 705 4313 gratum
718 4239 779 4295 in
792 4240 1027 4295 odorem
1041 4240 1477 4298 suavissimum.
1493 4245 1615 4308 Quo
1637 4242 1696 4298 in
1716 4260 1886 4318 pago,

241 4334 417 4401 atque
438 4329 575 4384 villa
595 4346 773 4401 quam
803 4329 1136 4385 Lcmbaidis
1157 4330 1710 4399 nominant,-sancta
1728 4333 1889 4406 virgo

241 4419 626 4491 Hunegundis
660 4435 944 4492 generosa
975 4423 1113 4474 nata
1141 4424 1230 4474 est
1260 4420 1554 4493 prosapia,
1589 4438 1718 4494 qua:
1751 4440 1890 4494 pro-

240 4508 419 4564 cessit
443 4507 601 4563 velut
634 4506 860 4580 virgula
891 4507 1039 4563 fumi
1069 4525 1138 4563 ex
1168 4510 1530 4566 aromatibus
1562 4512 1811 4584 myrrhae
1833 4516 1890 4566 et

1995 3460 2170 3509 mosa,
2217 3443 2351 3515 ﬁlia:
2393 3444 2720 3509 Jerusalem,
2768 3443 2884 3499 ideo
2927 3442 3128 3498 dilexit
3152 3458 3240 3499 me
3285 3444 3420 3508 Rex,
3450 3450 3505 3498 et
3557 3443 3651 3497 iu-

1999 3531 2244 3588 troduxit
2268 3548 2357 3588 me
2386 3534 2447 3587 in
2476 3532 2792 3588 cubiculum
2819 3548 2987 3587 suum
3017 3531 3192 3603 (Cant.
3226 3530 3288 3603 1);
3320 3535 3377 3587 et
3395 3529 3611 3587 iterum
3635 3546 3648 3584 :

1998 3622 2174 3678 Nolite
2198 3638 2286 3677 me
2328 3621 2671 3678 considerare
2715 3620 2856 3693 quod
2892 3623 3049 3692 fusca
3092 3622 3220 3689 sim,
3272 3621 3404 3692 quia
3451 3620 3655 3676 decolo-

1999 3713 2144 3766 ravit
2169 3727 2257 3766 me
2281 3712 2363 3766 sol
2392 3710 2599 3783 (Ibid.).
2620 3710 2779 3766 Talis
2809 3709 3054 3765 intentio
3080 3714 3138 3765 et
3159 3714 3282 3764 tam
3304 3708 3651 3781 praeclarum

1999 3799 2339 3855 exercitium
2350 3800 2693 3856 versabatur
2713 3798 2913 3855 sedule
2935 3798 2995 3854 in
3017 3796 3355 3871 praecordiis
3380 3796 3652 3869 puellari-

1999 3889 2132 3957 bus,
2148 3889 2374 3960 ﬂosque
2395 3887 2704 3944 Genitricis
2722 3886 3028 3961 virginalis
3048 3885 3108 3941 in
3130 3885 3240 3942 hac
3261 3889 3465 3943 sancta
3485 3886 3651 3941 redo-

1998 3977 2155 4034 lebat
2171 3976 2413 4050 virgine,
2438 3976 2736 4032 radiantes
2757 3974 3025 4048 plurima:
3048 3975 3333 4030 virtutum
3352 3973 3554 4048 gratiae
3584 3990 3653 4029 ex

1998 4065 2277 4137 virgineis
2308 4064 2705 4122 successibus.

2070 4157 2124 4210 5.
2155 4155 2373 4211 Deinde
2403 4171 2538 4210 cum
2566 4158 2837 4210 sanctum
2870 4171 2989 4209 suae
3021 4152 3237 4209 mentis
3281 4151 3650 4225 propositum

2000 4245 2070 4299 ad
2105 4243 2372 4299 effectum
2405 4241 2758 4316 operationis
2799 4240 2972 4297 vellet
3012 4242 3350 4315 perducere,
3401 4240 3651 4313 sapienti

1999 4349 2108 4388 usa
2136 4331 2399 4400 consilio,
2434 4347 2719 4405 sponsum
2741 4348 2859 4403 qua
2887 4331 3078 4403 potuit
3097 4334 3219 4387 arte
3248 4330 3492 4385 tentavit
3523 4346 3654 4385 sua-

1996 4421 2144 4477 viter
2170 4420 2450 4488 emollire,
2484 4437 2551 4476 ac
2581 4420 2967 4476 demulcendo
2990 4419 3314 4477 subtilitate
3334 4417 3554 4492 ingenii
3577 4418 3652 4473 ab

1998 4508 2363 4582 amplexibus
2392 4508 2630 4565 omnino
2651 4507 2940 4565 divellere.
2956 4507 3063 4564 Cui
3084 4507 3226 4564 talia
3244 4506 3652 4563 blandissimis

237 4598 431 4653 thuris
459 4601 517 4652 et
545 4574 798 4652 universi
823 4597 1053 4669 generis
1074 4596 1531 4669 pigmentorum,
1562 4574 1704 4656 dum
1729 4600 1889 4656 nobi-
1919 4574 1970 4641 D
1999 4574 2303 4669 alloquens
2332 4598 2571 4654 vocibus
2598 4597 2783 4654 dixit:
2817 4598 2862 4654 Ο
2892 4596 3236 4654 dulcissime
3257 4600 3433 4668 atque
3453 4613 3655 4652 aman-

238 4686 397 4742 libus
434 4690 492 4741 et
544 4685 842 4741 Christum
883 4685 1211 4741 colentibus
1261 4686 1477 4760 prodiit
1525 4689 1886 4759 parentibus.

240 4775 399 4829 Hanc
420 4791 451 4828 e
482 4792 645 4830 sacro
670 4776 825 4829 fonte
848 4775 1040 4829 ferunt
1079 4774 1361 4831 elevatam
1386 4775 1459 4831 ab
1500 4775 1684 4849 Eligio
1706 4778 1891 4849 ponti-

240 4865 347 4918 ﬁce
395 4864 799 4919 Noviomensis
852 4880 917 4918 ac
947 4863 1412 4920 Vermandensis
1461 4865 1752 4934 Ecclesiae,
1788 4867 1888 4922 ubi

241 4951 495 5024 sumpsit
522 4953 639 5007 veri
672 4952 871 5025 sponsi
904 4952 1161 5020 arrham,
1197 4952 1492 5025 simulque
1518 4958 1738 5010 vestem
1760 4972 1890 5026 pre-

239 5042 451 5097 tiosam
469 5040 926 5097 immortalitatis
945 5040 1111 5113 signo
1131 5041 1503 5096 candidatam
1520 5046 1578 5097 et
1592 5042 1890 5115 triumpho

244 5130 534 5202 passionis
576 5131 1010 5202 perlustratam,
1044 5132 1219 5199 atque
1263 5133 1434 5184 casta:
1466 5130 1768 5187 charitatis
1799 5149 1890 5187 or-

245 5221 379 5278 dine
409 5219 628 5291 regiam
669 5223 724 5275 et
774 5216 1191 5273 sacerdotalem
1241 5234 1517 5273 coronam
1559 5219 1887 5292 mysticam.

244 5309 349 5364 Ubi
380 5308 555 5365 etiam
587 5308 646 5363 in
679 5312 900 5378 septem
926 5304 1207 5377 gradibus
1247 5306 1618 5377 baptismatis
1668 5313 1889 5382 septem

243 5398 685 5471 comprehendit
707 5397 859 5449 dona
883 5393 1135 5464 Spiritus
1158 5394 1366 5462 sancti,
1389 5395 1704 5469 episcopali
1726 5399 1891 5455 bene-

241 5487 493 5543 dictione
524 5486 869 5540 conﬁrmata
908 5487 964 5536 et
1011 5486 1212 5537 sancto
1262 5482 1578 5541 chrismate
1608 5486 1886 5543 delibuta.

241 5576 466 5642 Quibus
495 5571 759 5644 undique
790 5569 937 5623 fulta
964 5570 1152 5625 vivere
1183 5571 1409 5627 studuit
1442 5574 1759 5645 juvencula
1788 5594 1891 5648 per

238 5662 492 5734 septima
522 5661 751 5715 dierum
792 5657 1104 5725 curricula,
1139 5665 1204 5713 ut
1251 5665 1474 5732 septem
1522 5663 1737 5736 septies
1785 5682 1888 5720 au-

238 5749 555 5822 gmentatis
586 5755 641 5805 et
667 5746 917 5803 monade
945 5746 1267 5819 supposito,
1294 5748 1519 5821 jubilmi
1551 5752 1803 5809 fructum
1828 5754 1887 5809 in

233 5837 505 5912 praesenti
537 5838 655 5893 vita
684 5833 1011 5907 acquireret
1045 5851 1057 5889 :
1084 5835 1312 5906 hocque
1334 5839 1629 5913 duplicato
1650 5858 1888 5915 corpore

1997 4686 2225 4743 tissime
2252 4688 2484 4759 conjux,
2520 4687 2800 4755 quoniam
2829 4685 3351 4743 Christianissimis
3373 4688 3430 4741 et
3460 4685 3656 4741 ortho-

1998 4775 2163 4832 doxis
2192 4775 2535 4847 parentibus
2563 4775 2744 4849 geniti
2776 4792 3005 4845 sumus,
3036 4792 3154 4831 non
3175 4774 3340 4830 decet
3359 4790 3465 4829 nos
3497 4773 3652 4830 coin-

1999 4864 2231 4937 quinari
2261 4881 2328 4920 ac
2356 4864 2688 4920 libidinosis
2717 4863 3230 4921 commistionibus
3260 4860 3462 4935 pollui,
3494 4861 3657 4917 velut

1999 4958 2202 5027 gentes
2222 4971 2351 5026 qua:
2382 4953 2657 5026 ignorant
2676 4954 2883 5024 Deum,
2910 4957 2968 5010 et
2987 4954 3141 5009 sicut
3160 4969 3349 5025 equus
3370 4956 3429 5007 et
3451 4951 3652 5007 mulus

2000 5042 2219 5115 quibus
2249 5059 2364 5098 non
2411 5047 2500 5099 est
2545 5041 2895 5099 intellectus.
2930 5041 3162 5098 Placeat
3187 5039 3315 5107 tibi,
3367 5056 3572 5113 precor
3596 5045 3656 5095 et

2001 5135 2294 5188 contestor
2322 5148 2426 5203 per
2454 5129 2791 5200 Dominum,
2825 5147 3024 5187 meum
3056 5129 3291 5185 salubre
3314 5127 3650 5195 consilium,

2000 5219 2264 5293 meisque
2292 5224 2347 5275 te
2377 5220 2755 5285 accommoda
2783 5219 2976 5288 dictis,
3000 5222 3056 5276 et
3086 5234 3420 5291 quaeramus
3442 5222 3653 5274 mutuo
3686 5275 3695 5283 ,

2001 5309 2250 5381 qualiter
2278 5316 2480 5364 nostra
2509 5308 2624 5363 Deo
2654 5307 2872 5381 placita
2899 5307 3232 5365 efficiantur
3261 5306 3556 5379 conjugia,
3592 5311 3658 5361 ut

2000 5400 2071 5454 de
2102 5399 2271 5454 nobis
2303 5415 2419 5453 non
2450 5403 2680 5454 terrena
2709 5398 2811 5454 sed
2843 5397 3149 5471 progenies
3180 5395 3432 5453 caelestis
3462 5411 3653 5450 emer-

1999 5493 2116 5560 gat.
2149 5488 2323 5543 Decet
2351 5486 2506 5542 enim
2540 5486 2911 5558 nimiumque
2938 5486 3092 5543 valet
3121 5503 3230 5543 nos
3251 5483 3654 5558 apostolorum

1976 5577 2322 5649 principem
2354 5579 2638 5647 expetere,
2690 5579 2864 5648 atque
2892 5575 3020 5632 loca
3051 5578 3256 5632 sancta
3285 5572 3554 5640 circuire,
3588 5577 3656 5628 ut

1998 5666 2206 5722 saltem
2238 5666 2369 5721 fusa
2397 5682 2573 5737 super
2601 5681 2708 5721 nos
2751 5664 3154 5722 benedictione
3200 5662 3521 5737 apostolica
3549 5661 3656 5717 ﬁat

1998 5754 2166 5810 nobis
2186 5753 2303 5809 vita
2322 5752 2517 5826 longa,
2541 5750 2704 5808 salus
2723 5752 3022 5821 continua,
3045 5750 3345 5825 opulentia
3368 5751 3425 5805 in
3449 5750 3651 5819 rebus,

1994 5842 2322 5901 fecunditas
2348 5841 2409 5898 in
2440 5840 2780 5914 propagine,
2810 5841 3213 5917 tranquillitas
3257 5840 3319 5897 in
3369 5839 3655 5897 diuturna
