3910 6432
282 564 361 623 53
1487 570 1589 631 DE
1631 572 1817 632 VITA
1860 573 1900 633 S
1912 617 1924 629 .

2111 571 2506 633 WEGUNDIS.
3260 566 3263 571 λ
3626 574 3702 629 54

283 713 445 768 pace.
479 697 718 764 Obeata
747 699 927 772 virgo,
953 719 984 756 o
1014 702 1254 773 superni
1288 702 1461 776 Regis
1493 721 1728 776 sponsa,
1751 721 1928 777 quam
1960 704 2015 771 Α
2045 705 2252 759 matris
2299 703 2587 769 Ecclesiae,
2639 703 2885 759 oﬂ‘erens
2944 708 3259 774 protectam
3303 703 3694 775 virginitatem

282 786 489 843 devota
506 787 745 843 diceris!
767 790 912 845 Ecce
933 789 1080 846 dicis
1101 792 1269 862 quasi
1292 797 1501 864 optans
1515 792 1620 848 tibi
1639 795 1928 849 mundum

281 876 662 945 efﬂorescere,
682 894 857 949 quem
881 879 939 933 in
963 881 1134 935 corde
1147 881 1274 951 jam
1299 882 1639 953 despectum
1664 882 1930 937 funditus

282 982 603 1037 spreveras,
626 972 682 1021 et
705 966 861 1022 velut
890 972 1116 1024 stercus
1138 970 1467 1025 marcidum
1498 972 1651 1042 quod
1695 970 1929 1043 penitus

282 1054 628 1111 calcaveras.
653 1056 800 1122 Quid
834 1057 1039 1129 plura?
1069 1057 1151 1113 ita
1172 1058 1409 1130 quidem
1436 1064 1523 1115 est
1545 1060 1747 1114 delusa
1771 1058 1928 1114 solli-
1982 1134 1985 1137 _

281 1142 478 1199 citudo
500 1145 801 1217 nuptialis,
817 1151 991 1218 atque
1012 1147 1295 1219 protelata
1316 1148 1440 1203 dies
1462 1148 1850 1216 matrimonii;
1874 1151 1932 1203 et

281 1248 418 1287 cum
448 1233 773 1290 debuerant
822 1236 1137 1308 praeparari
1188 1235 1495 1309 nuptialia,
1529 1241 1933 1309 prmparantur

283 1325 558 1393 sumptus
589 1327 646 1378 et
674 1322 941 1380 vehicula
968 1329 1132 1380 tanto
1172 1324 1365 1382 itineri
1398 1325 1748 1383 necessaria.
1783 1327 1929 1382 Nam

281 1411 422 1482 quia
449 1415 575 1467 erat
602 1412 762 1484 virgo
792 1413 1126 1481 tenerrima,
1170 1418 1228 1469 et
1274 1419 1396 1470 tam
1423 1414 1723 1472 voluntate
1752 1432 1930 1488 quam

282 1502 447 1556 aztate
466 1499 998 1574 innuba,idemque
1014 1520 1269 1575 sponsus
1286 1502 1596 1560 timoratus
1618 1507 1675 1559 et
1695 1503 1933 1559 Christi-

281 1586 429 1656 cola,
442 1589 732 1661 acquievit
760 1589 1020 1663 placide;
1045 1594 1101 1646 et
1130 1596 1196 1646 ut
1225 1592 1492 1665 cognovit
1530 1610 1644 1647 non
1686 1609 1813 1647 esse
1846 1592 1933 1647 fas

281 1678 574 1746 resistere,
598 1678 773 1733 etiam
803 1678 930 1750 ipse
961 1679 1135 1750 ccepit
1159 1697 1287 1736 esse
1320 1684 1524 1736 auctor
1552 1680 1798 1747 itineris,
1831 1697 1933 1752 op-

279 1769 415 1821 tans
436 1770 493 1821 et
516 1783 764 1821 exorans
793 1766 874 1820 ita
905 1766 1017 1821 sibi
1049 1773 1261 1824 cuncta
1290 1769 1536 1838 evenire,
1574 1775 1637 1824 ut
1671 1770 1936 1824 audierat

284 1853 563 1910 affatibus
595 1853 889 1926 puellulae.

350 1943 406 1995 6.
442 1942 543 1997 His
574 1940 683 1997 rite
713 1943 962 2013 peractis
1017 1948 1074 1999 et
1123 1945 1340 2016 paratis
1385 1944 1658 2002 omnibus
1688 1963 1815 2019 qua
1862 1946 1935 2001 ad

276 2046 459 2084 usum
480 2029 568 2084 vel
590 2030 662 2084 ad
689 2030 909 2086 victum
931 2032 1118 2087 forent
1139 2049 1401 2105 congrua
1428 2035 1655 2090 cunctis
1676 2035 1935 2090 iteranti-

275 2117 875 2190 bus[itinerantibus),
884 2120 1102 2191 gratias
1123 2127 1361 2192 agentes
1383 2122 1498 2177 Deo
1512 2122 1665 2177 viam
1681 2127 1934 2194 pergunt

275 2205 613 2278 publicam;
648 2223 902 2278 sponsus
924 2225 1139 2280 pompa
1161 2208 1424 2264 sazculari
1446 2209 1650 2268 hilaris
1666 2216 1723 2266 et
1742 2211 1933 2266 alacer

273 2295 833 2367 extrinsecus,virgo
848 2296 1032 2351 multo
1044 2298 1393 2369 gaudentior
1409 2299 1715 2354 laetabatur
1729 2298 1933 2354 intrin-

276 2385 703 2442 secus.Cuncta
719 2383 936 2456 quippe
949 2384 1001 2439 ei
1024 2385 1292 2442 Christus
1315 2386 1609 2443 tribuebat
1630 2405 1929 2461 prospera,

276 2474 375 2530 cui
398 2475 527 2545 jam
559 2490 692 2529 cum
717 2473 829 2529 fide
848 2490 1001 2540 vera,
1028 2490 1131 2546 spe
1166 2478 1223 2530 et
1256 2475 1538 2532 charitate
1568 2476 1813 2549 integra,
1846 2477 1932 2533 fa-

278 2562 494 2618 mulari
524 2577 756 2634 semper
800 2578 970 2617 suam
1011 2562 1327 2619 devovebat
1355 2563 1637 2633 animam,
1683 2582 1931 2637 poscens

274 2653 483 2709 Jesum
501 2650 800 2706 Christum
819 2650 1011 2707 tacitis
1033 2653 1305 2724 precibus
1322 2652 1601 2709 custodiri
1623 2670 1722 2708 cor
1738 2656 1793 2709 et
1811 2671 1932 2709 cor-

276 2758 394 2816 pus
441 2740 912 2809 immaculatum,
956 2758 1028 2796 ne
1072 2741 1531 2798 confunderetur
1571 2742 1930 2799 illecebrosis

272 2830 822 2903 voluptatibus.0re
854 2829 1029 2885 tacito
1062 2847 1229 2886 mens
1261 2832 1483 2899 orabat,
1535 2837 1591 2887 et
1621 2837 1929 2905 protegen-

272 2927 394 2977 tem
414 2937 476 2976 se
492 2919 809 2975 Dominum
842 2919 1034 2975 cordis
1062 2919 1249 2976 oculis
1272 2920 1685 2993 conspiciebat.
1701 2920 1930 2977 Suavis-

274 3009 449 3067 simis
465 3007 740 3081 alloquiis
758 3007 1015 3081 legiones
1035 3012 1269 3064 sanctas
1291 3008 1631 3081 angelorum
1655 3010 1931 3065 evocabat

273 3115 457 3155 suum
483 3097 542 3152 in
576 3096 880 3165 auxilium,
904 3102 960 3153 et
990 3114 1124 3152 cum
1156 3097 1430 3170 lacrymis
1462 3097 1574 3152 sibi
1607 3098 1813 3153 adesse
1836 3116 1931 3171 po-

275 3186 481 3244 scebat
509 3201 744 3241 omnem
767 3185 1012 3241 chorum
1036 3187 1340 3259 agminum
1382 3185 1728 3241 ccelestium.
1749 3187 1932 3241 Exau-

275 3275 440 3332 ditur
467 3273 568 3330 Dei
599 3273 838 3341 famula,
874 3279 931 3330 et
951 3274 1264 3330 comitante
1286 3273 1368 3328 illi
1392 3273 1587 3329 divina
1607 3274 1932 3330 misericor-

276 3364 395 3432 dia,
431 3364 668 3436 superni
709 3367 1008 3436 respectus
1058 3362 1381 3437 promeruit
1430 3364 1657 3435 majora
1703 3362 1925 3419 solatia.

2038 792 2267 848 Christo
2300 793 2546 849 Domino
2577 793 2648 848 ad
2677 791 3010 864 exemplum
3034 791 3342 847 Genitricis
3368 791 3696 864 virginis,ct

2039 881 2416 953 expostulans
2447 899 2508 936 se
2539 880 2757 936 sacrari
2790 880 2981 954 sigillo
3014 879 3372 934 castimonim
3396 884 3452 935 et
3483 880 3691 951 capitis

2036 970 2324 1026 velamine
2354 971 2463 1025 sub
2493 971 2676 1025 tutela
2704 974 2760 1025 et
2791 969 3023 1024 servitio
3055 968 3532 1047 incomparabilis
3562 969 3689 1023 Vir—

2038 1058 2193 1131 ginis
2238 1059 2450 1114 Marim.
2485 1059 2669 1130 Cujus
2700 1057 3187 1132 benignissimam
3218 1057 3601 1113 intentionem
3635 1062 3691 1112 et

2040 1147 2401 1202 devotionem
2452 1146 2587 1219 pius
2633 1147 2801 1202 Pater
2852 1146 3097 1201 audiens
3130 1151 3186 1200 et
3216 1164 3249 1200 a
3280 1146 3527 1200 Domino
3562 1148 3691 1216 ejus

2040 1240 2297 1292 mentem
2318 1235 2673 1290 illustratam
2694 1234 3190 1305 intelligens,voce
3208 1234 3572 1307 lacrymabili
3595 1237 3694 1289 ad-

2042 1324 2265 1379 mirans
2284 1327 2506 1378 tantam
2524 1323 2582 1378 in
2616 1323 2812 1395 puclla
2835 1324 3205 1395 sapientiam,
3235 1322 3451 1379 dixisse
3476 1324 3688 1378 fertur:

2046 1436 2073 1465 «
2106 1413 2453 1469 Benedictus
2484 1430 2565 1481 es,
2592 1412 2837 1468 Domine
2858 1413 3013 1467 Deus
3037 1411 3323 1477 omnium,
3352 1412 3451 1483 qui
3484 1412 3543 1465 in
3569 1417 3692 1466 toro

2042 1501 2309 1574 virginali
2334 1502 2547 1557 mentis
2570 1506 2741 1557 castae
2765 1505 2821 1555 et
2843 1501 3101 1572 corporis
3127 1506 3294 1554 tuum
3315 1500 3474 1555 locas
3505 1500 3693 1555 domi-

2043 1590 2264 1653 cilium,
2288 1595 2344 1645 et
2374 1589 2432 1643 in
2466 1607 2605 1645 sexu
2639 1589 2862 1660 fragilis
2886 1588 3141 1643 materia:
3164 1605 3478 1644 numerosa
3499 1605 3698 1660 opera-

2045 1678 2126 1732 ris
2146 1677 2457 1733 mirabilia.
2478 1679 2737 1733 Laudem
2762 1694 2896 1747 ergo
2920 1677 3023 1732 tibi
3053 1676 3401 1747 generaliter
3423 1676 3699 1748 loquatur

2043 1766 2245 1839 lingua
2276 1766 2563 1833 omnium,
2597 1765 2735 1837 quia
2764 1766 3011 1837 dignum
3042 1770 3131 1818 est
3176 1764 3236 1818 in
3268 1764 3486 1819 talibus
3518 1765 3696 1836 gestis

2045 1854 2307 1911 attollere
2356 1858 2411 1910 te
2455 1853 2771 1910 Dominum
2822 1853 3252 1909 universorum.
3300 1853 3586 1924 Equidem
3616 1858 3694 1920 te,

2044 1943 2308 2011 Domine,
2344 1960 2521 2015 super
2547 1941 2639 1998 his
2670 1942 2729 1996 in
2764 1946 3043 1997 mternum
3086 1940 3357 2009 laudabo,
3390 1945 3449 1996 et
3476 1941 3695 2015 gloriﬁ-

2045 2033 2187 2089 cabo
2220 2048 2433 2087 nomen
2464 2035 2633 2086 tuum
2669 2031 2728 2087 in
2761 2030 2993 2087 szeeula.
3030 2054 3057 2079 ››

2111 2124 2164 2176 8.
2197 2122 2268 2176 Et
2294 2138 2609 2176 conversus
2643 2120 2714 2175 ad
2747 2120 2847 2176 Dei
2881 2125 3103 2174 castam
3135 2120 3422 2191 virginem
3454 2119 3583 2173 infit
3617 2120 3696 2174 ita

2041 2209 2315 2282 inquiens
2350 2226 2362 2264 :
2400 2231 2427 2258 ‹‹
2460 2209 2635 2279 Cujas
2662 2214 2718 2263 et
2750 2207 2963 2282 puella,
3000 2208 3085 2263 vel
3119 2226 3153 2263 a
3184 2208 3401 2279 quibus
3432 2208 3550 2262 oris
3591 2210 3692 2262 ad-

2039 2298 2250 2354 venisti
2280 2297 2515 2370 replica,
2540 2314 2872 2368 nomenque
2894 2301 3065 2351 tuum
3089 2300 3146 2351 et
3170 2296 3345 2352 ﬁdem
3368 2300 3478 2351 tua:
3502 2298 3692 2369 gentis

2040 2387 2258 2459 pariter
2287 2386 2801 2460 designa..’Estimo
2834 2385 2991 2441 enim
3024 2390 3079 2441 te
3109 2386 3480 2441 nobilissima
3512 2386 3691 2458 stirpe

2040 2475 2427 2549 progenitam,
2451 2480 2509 2530 et
2537 2473 2610 2530 ab
2631 2474 2779 2547 ipsis
2811 2474 3069 2530 infantia:
3095 2475 3263 2530 cunis
3286 2474 3691 2531 ecclesiasticae

2041 2564 2363 2637 disciplinae
2394 2563 2603 2620 litteris
2634 2563 2946 2619 eruditam.
2974 2586 3001 2613 »
3023 2565 3107 2619 Ad
3140 2562 3262 2618 haec
3291 2562 3392 2618 illa
3421 2568 3615 2619 mente
3635 2568 3693 2618 et

2040 2654 2185 2709 facie
2216 2652 2592 2709 serenissima
2614 2653 2909 2708 submisso
2929 2652 3113 2719 vultu,
3148 2652 3250 2707 tali
3277 2670 3409 2707 orsa
3435 2657 3524 2707 est
3554 2651 3691 2708 alle-

2039 2742 2176 2813 quio
2210 2758 2223 2795 :
2261 2764 2288 2791 ‹‹
2321 2741 2378 2796 Si
2411 2742 2482 2796 de
2514 2745 2702 2813 gente,
2730 2740 3174 2812 Pater,quaaris,
3209 2744 3264 2794 et
3294 2740 3547 2808 domine,
3581 2757 3687 2812 ego

2037 2830 2230 2901 gentis
2260 2846 2394 2884 sum
2427 2829 2714 2885 Francica)
2753 2833 2928 2900 atque
2978 2828 3361 2901 Hunegundis
3392 2828 3555 2885 dicor
3582 2846 3687 2884 no-

2039 2919 2217 2985 mine,
2252 2918 2397 2973 etin
2440 2934 2587 2990 pago
2638 2923 2777 2972 nata
2824 2933 2956 2973 sum
3002 2917 3446 2986 Vermandensi,
3490 2935 3524 2972 a
3570 2934 3685 2990 quo

2038 3007 2229 3063 delata
2276 3007 2393 3061 huc
2443 3006 2595 3062 veni.
2649 3007 2909 3061 Educata
2956 3006 3230 3077 equidem
3288 3024 3419 3061 sum
3478 3014 3685 3079 paren-

2038 3096 2219 3164 tibus,
2268 3095 2649 3163 Christicolis,
2700 3099 2756 3150 et
2799 3100 3002 3151 contra
3043 3095 3186 3150 velle
3233 3112 3452 3165 meum,
3498 3101 3573 3164 et,
3626 3101 3690 3150 ut

2039 3184 2339 3253 credo,Dei
2365 3185 2668 3257 placitum,
2705 3203 2920 3257 sponso
2951 3185 3167 3240 tradita
3196 3202 3327 3241 sum
3351 3186 3687 3256 juveneulo,

2040 3291 2217 3347 quem
2250 3279 2535 3346 postpono
2559 3279 2616 3329 et
2638 3274 2827 3329 devito
2851 3274 3118 3329 devincta
3138 3272 3353 3329 Christi
3386 3274 3687 3342 charitate,

2041 3379 2158 3435 quo
2190 3363 2437 3418 ducente
2465 3366 2523 3418 et
2550 3362 2797 3431 favente,
2831 3367 2950 3418 toto
2999 3379 3238 3435 corpore
3287 3380 3420 3418 sum
3465 3363 3693 3435 integra

277 3451 667 3510 Sacrosancta
698 3452 900 3524 utique
930 3450 1203 3523 praesidia
1232 3449 1343 3506 sibi
1382 3467 1518 3508 mox
1563 3452 1769 3508 adesse
1800 3469 1930 3525 per-
1961 3446 2004 3514 C.
2043 3455 2219 3523 atque
2249 3455 2442 3507 mente
2472 3445 2905 3524 imfmllutaJlli
2934 3467 3026 3505 me
3078 3451 3324 3506 devoveo
3357 3451 3457 3522 qui
3483 3451 3697 3505 creavit

281 3541 490 3610 sensit,
525 3558 652 3614 quae
684 3540 988 3595 defensam
1012 3540 1289 3596 omnibus
1317 3539 1708 3596 incommodis
1740 3541 1935 3596 Romae

246 3628 709 3705 'przesentarunt
739 3627 1075 3702 apostolicis
1108 3628 1541 3701 conspectibus,
1595 3646 1729 3684 cum
1775 3629 1936 3685 omni

274 3718 613 3792 integritate
641 3718 774 3773 fidei
805 3722 861 3773 et
892 3717 1172 3790 corporis.
1198 3717 1463 3790 Cumque
1484 3723 1933 3791 percunctaren-

274 3807 522 3864 turloca
542 3805 708 3863 urbis
729 3804 933 3861 mundi
959 3805 1291 3873 dominze,et
1309 3808 1559 3878 superbo
1584 3808 1735 3862 fastu
1760 3823 1934 3879 spon-

275 3915 384 3955 sus
402 3912 535 3952 cum
561 3895 862 3951 sodalibus
887 3896 1149 3968 undique
1173 3894 1787 3968 circumseptus,varia
1807 3914 1936 3951 san-

273 3990 510 4042 ctorum
546 3983 818 4040 circuiret
864 3984 1147 4056 pignora;
1199 3983 1298 4038 illa
1355 3984 1547 4039 vitans
1587 3985 1932 4057 arrogantiae

273 4074 911 4143 comitatum,solaibat
929 4074 999 4129 ad
1020 4073 1418 4146 apostolorum
1436 4074 1934 4146 1imina.Sponsus

269 4181 408 4223 eam
432 4162 759 4220 mstimabat
774 4178 1087 4235 repensare
1100 4179 1216 4234 pra:
1230 4160 1426 4217 multze
1441 4162 1541 4217 viae
1554 4162 1926 4218 lassitudine:

269 4253 380 4309 illa
399 4251 558 4307 velut
584 4255 776 4306 mente
803 4254 1079 4306 renovata
1096 4267 1162 4306 ac
1185 4249 1480 4306 robustior
1502 4251 1931 4318 eti‘ecta,omnia

266 4341 418 4399 foris
466 4344 523 4396 et
570 4341 732 4396 intus
781 4338 944 4395 urbis
977 4339 1173 4395 Romae
1205 4338 1489 4395 circuibat
1519 4339 1791 4396 oratoria.
1828 4340 1928 4397 Ille

262 4447 408 4504 ergo
427 4430 657 4485 ruitura
673 4428 839 4485 oculo
858 4443 1133 4501 corporeo
1154 4428 1481 4483 mirabatur
1497 4428 1741 4483 eediﬁcia
1762 4430 1926 4485 urbis

261 4517 708 4577 Hiericontinm:
742 4517 864 4573 haec
892 4516 952 4571 in
984 4520 1333 4588 perpetuum
1386 4532 1667 4571 mansura
1710 4516 1924 4573 mentis

264 4606 490 4665 intuitu
513 4606 801 4662 invisebat
819 4604 977 4661 clara
989 4603 1206 4661 mcenia
1222 4604 1471 4661 scelestis
1487 4604 1918 4677 Hierosolymaz,

261 4712 502 4768 semper
535 4696 606 4751 ob
655 4710 914 4750 amorem
954 4693 1154 4767 patriae
1186 4693 1435 4750 caelestis
1467 4693 1525 4749 in
1557 4694 1922 4751 orationibus

2046 3541 2339 3607 universa,
2373 3544 2549 3612 atque
2575 3540 2750 3596 fidem
2782 3556 2962 3612 quam
2992 3539 3242 3611 requiris
3272 3538 3385 3611 ipsi
3416 3556 3580 3595 servo
3604 3539 3694 3593 in-

2043 3635 2290 3703 tegram.
2320 3632 2505 3695 Quam
2555 3629 2605 3684 si
2654 3629 2826 3702 plane
2872 3628 2960 3683 vis
3010 3626 3232 3695 audire,
3268 3628 3523 3699 pandam
3563 3626 3690 3694 tibi,

2047 3718 2213 3773 Pater
2242 3718 2480 3790 optime,
2515 3718 2674 3789 quia,
2716 3717 2851 3772 licet
2888 3716 3139 3771 barbara
3168 3715 3281 3772 sim
3314 3714 3569 3783 natione,
3603 3719 3694 3769 ta-

2044 3822 2176 3862 men
2208 3806 2360 3861 hanc
2392 3807 2643 3861 fatemur
2699 3805 2871 3859 ﬁdem
2930 3822 3127 3859 veram
3177 3808 3353 3875 atque
3404 3808 3691 3870 sanctam,

2044 3914 2172 3969 quae
2206 3894 2371 3951 nobis
2401 3895 2462 3949 in
2494 3896 2608 3950 fine
2638 3894 2921 3966 temporis
2943 3899 3029 3950 est
3052 3893 3245 3949 delata
3266 3894 3336 3948 ab
3360 3893 3468 3948 hac
3491 3897 3696 3949 sancta

2045 3985 2181 4039 sede
2215 3983 2535 4056 apostolica
2563 3988 2619 4037 et
2651 3981 2939 4038 catholica
2985 3987 3171 4037 matre
3223 3981 3500 4037 Ecclesia.
3547 3982 3693 4036 Ecce

2041 4073 2254 4129 etenim
2286 4077 2389 4128 tua
2419 4071 2699 4128 sanctitas
2731 4073 2873 4126 dum
2909 4088 2942 4125 a
2974 4072 3144 4128 nobis
3176 4072 3353 4127 fidem
3380 4070 3576 4143 exigit,
3609 4070 3692 4124 vi-

2042 4164 2212 4219 detur
2242 4163 2410 4218 nobis
2443 4162 2610 4234 quasi
2656 4160 2926 4216 Christus
2977 4178 3009 4215 a
3057 4161 3427 4216 Samaritana
3473 4176 3689 4231 aquam

2040 4251 2217 4308 fontis
2249 4250 2504 4324 postulet
2536 4268 2548 4305 :
2584 4250 2683 4323 qui
2716 4251 2859 4305 dum
2892 4250 2994 4305 tali
3027 4249 3303 4323 dignatus
3350 4254 3438 4304 est
3467 4246 3687 4320 perfrui

2038 4341 2313 4413 alloquio,
2348 4339 2541 4395 innuit
2571 4338 2819 4395 latenter
2841 4340 2995 4411 quod
3029 4338 3323 4394 neminem
3357 4355 3391 4393 a
3422 4338 3535 4392 fide
3566 4335 3688 4391 ulla

2036 4434 2226 4502 potest
2256 4428 2411 4501 regio
2443 4427 2741 4501 repellere.
2787 4427 2950 4483 Unde
3000 4444 3106 4482 nos
3155 4425 3295 4498 quia
3341 4426 3514 4480 fidem
3567 4441 3682 4479 non

2032 4517 2535 4585 erubescimus,de
2548 4514 2845 4589 provincia
2856 4531 3228 4588 nequaquam
3242 4530 3346 4569 con
3357 4512 3680 4581 fundimur,

2032 4624 2165 4664 cum
2198 4607 2377 4663 David
2406 4604 2703 4679 praacipiat
2732 4621 2934 4660 omnes
2966 4608 3169 4677 gentes
3192 4602 3467 4675 plaudere
3498 4601 3683 4656 mani-

2030 4697 2141 4753 bus
2197 4700 2254 4752 et
2300 4695 2555 4766 juhilare
2608 4694 2724 4750 Deo
2785 4692 2845 4748 in
2901 4709 3039 4748 voce
3086 4690 3515 4758 exsultationis,
3566 4694 3676 4744 etc.

259 4790 322 4842 et
350 4785 567 4858 vigiliis
608 4801 674 4841 ac
698 4783 945 4857 jejuniis
976 4788 1112 4839 ante
1142 4784 1538 4856 apostolorum
1566 4782 1773 4840 limina
1797 4783 1919 4841 solo
1946 4820 1996 4885 D
2026 4786 2442 4842 Verumtamen
2502 4782 2780 4854 quoniam
2838 4780 3171 4854 apostolicis
3210 4779 3678 4836 institutionibus

261 4875 580 4940 recubans,
612 4878 669 4929 et
688 4872 783 4929 vix
813 4873 884 4928 ad
919 4872 1243 4945 hospitium
1275 4872 1529 4929 rediens.

333 4966 392 5017 7.
408 4964 548 5019 Inde
569 4963 781 5034 spretis
798 4962 974 5018 rebus
991 4960 1345 5017 transitoriis
1367 4961 1681 5034 relictoque
1699 4981 1914 5036 sponso

257 5069 401 5111 cum
432 5052 557 5109 suis
588 5052 887 5120 omnibus,
912 5067 1132 5123 pernox
1154 5055 1279 5106 erat
1298 5050 1357 5105 in
1379 5051 1763 5119 orationibus,
1789 5070 1913 5107 cor-

256 5160 375 5217 pus
397 5140 609 5215 vigiliis
628 5144 684 5196 et
699 5139 894 5196 inedia
913 5154 1239 5206 macerans,
1256 5143 1313 5194 et
1332 5139 1528 5195 omnia
1551 5157 1677 5214 quae
1699 5140 1915 5196 habere

257 5235 489 5306 poterat
500 5229 858 5304 pauperibus
870 5228 1347 5303 eroganszsicque
1364 5230 1916 5286 monachaefficitur

258 5336 393 5391 qua:
424 5335 643 5390 sponsa
673 5317 1022 5390 putabatur:
1074 5321 1131 5373 et
1176 5317 1470 5373 terrestris
1520 5317 1727 5391 copula
1775 5334 1911 5373 cum

255 5407 420 5465 omni
442 5424 655 5479 pompa
679 5406 969 5477 dejicitur,
986 5421 1120 5463 cum
1143 5424 1177 5461 a
1205 5405 1435 5478 superis
1469 5406 1706 5462 castitas
1729 5407 1909 5461 virtu-

256 5502 386 5552 tum
401 5496 604 5568 regina
617 5495 1281 5552 diﬂ'unditur.Eratcerte
1294 5496 1556 5568 gaudens
1574 5494 1741 5566 quasi
1756 5496 1909 5568 quod

253 5589 560 5658 optaverat
590 5584 691 5639 diu
722 5584 1052 5656 possidens,
1086 5584 1242 5640 unde
1273 5600 1377 5640 nec
1427 5584 1499 5639 ad
1543 5589 1909 5639 momentum

252 5679 487 5749 poterat
518 5673 848 5744 relinquere
877 5690 1005 5747 qua:
1038 5690 1172 5729 cum
1202 5676 1367 5728 tanta
1396 5673 1656 5728 claritate
1695 5672 1914 5729 meruit

253 5762 899 5820 invenire.Adveniente
919 5762 1111 5819 denuo
1143 5761 1235 5817 die
1265 5760 1534 5816 stationis
1556 5761 1907 5833 apostolicaa,

256 5851 565 5930 provoluta
595 5854 684 5908 est
721 5850 970 5923 pedibus
1018 5849 1297 5907 antistitis
1348 5854 1561 5907 sancta:
1614 5850 1909 5907 catholicae

2027 4891 2338 4930 monemur
2367 4876 2432 4927 ut
2462 4871 2739 4927 omnibus
2761 4870 3139 4943 poscentibus
3162 4870 3446 4924 rationem
3470 4868 3541 4923 de
3574 4884 3677 4939 spe

2023 4969 2080 5019 et
2111 4962 2394 5018 charitate
2425 4977 2553 5031 quae
2578 4959 2639 5014 in
2668 4959 2836 5015 nobis
2868 4963 2957 5014 est
2988 4959 3374 5030 proferamus,
3409 4974 3525 5012 non
3558 4973 3677 5010 mo-

2023 5068 2223 5107 remur
2253 5048 2476 5105 diutius
2507 5048 2752 5122 gloriam
2786 5048 2919 5103 ﬁdei
2951 5050 3162 5102 nostra:
3183 5051 3296 5102 tua:
3326 5044 3675 5101 beatitudini

2022 5138 2227 5213 paucis
2248 5136 2985 5194 demonstrare.Credimus
3012 5135 3229 5208 quippe
3248 5139 3303 5191 et
3325 5136 3675 5189 conﬁtemur

2022 5229 2244 5301 absque
2260 5226 2546 5300 principio
2570 5225 2851 5297 temporis
2883 5229 2940 5280 et
2961 5225 3074 5279 ﬁne
3098 5240 3399 5279 summum
3421 5228 3477 5279 et
3497 5222 3673 5278 incir-

2021 5316 2446 5389 cumscriptum
2478 5314 2783 5387 Spiritum,
2819 5331 3003 5369 unum
3037 5313 3496 5385 omnipotentem
3546 5329 3674 5367 esse

2021 5411 2224 5473 Deum,
2252 5406 2424 5476 juxta
2453 5405 2609 5476 quod
2641 5403 2721 5458 ait
2769 5404 2996 5476 Moyses
3052 5420 3063 5457 :
3116 5403 3276 5465 Audi,
3327 5402 3512 5467 Israel,
3564 5403 3672 5457 D0-

2020 5497 2206 5550 minus
2235 5496 2375 5549 Deus
2406 5502 2531 5550 tuus
2561 5495 2700 5549 Deus
2731 5510 2875 5548 unus
2905 5500 2984 5548 est
3013 5494 3186 5563 (Deut.
3221 5491 3320 5559 v1.)
3360 5490 3523 5545 Unus
3567 5496 3670 5555 est,

2020 5585 2285 5657 inquam,
2322 5583 2477 5640 Deus
2537 5582 2704 5637 Pater
2757 5582 3073 5655 ingenitus,
3126 5598 3280 5636 unus
3331 5580 3512 5635 Filius
3544 5580 3673 5648 ejus

2021 5672 2557 5746 unigenitus,unus
2590 5671 2845 5744 Spiritus
2869 5676 3108 5727 sanctus
3128 5670 3199 5724 ab
3235 5673 3481 5736 utroque
3532 5681 3671 5735 pro-

2021 5764 2253 5829 cedens,
2288 5761 2442 5817 Patri
2473 5765 2530 5816 et
2552 5759 2697 5816 Filio
2727 5764 3068 5825 coaeternus,
3104 5758 3202 5812 sed
3254 5769 3483 5822 semper
3513 5752 3667 5805 idem

2023 5852 2191 5908 Pater
2221 5851 2397 5919 Deus,
2433 5849 2615 5905 Filius
2644 5848 2819 5916 Deus,
2859 5847 3112 5917 Spiritus
3161 5846 3400 5897 sanctus
3431 5837 3607 5901 Deus,
3636 5853 3671 5892 a
