3910 6448
282 442 358 502 55
1277 447 1621 510 BERNERI
1666 445 1995 509 ABBATIS
2037 444 2360 508 HUMOLA
2370 443 2701 506 RIENSIS.
3625 439 3718 500 56

286 591 403 647 quo
436 576 764 650 omnia,per
790 594 967 650 quem
998 579 1215 648 omnia,
1240 583 1297 635 et
1325 579 1385 635 in
1406 594 1522 652 quo
1553 582 1692 636 sunt
1709 577 1928 646 omnia,
1958 578 2021 646 Α
2042 592 2150 650 per
2176 580 2440 633 nostram
2467 576 2934 632 benedictionem
2956 576 3061 631 tibi
3091 592 3127 631 a
3146 573 3395 631 Domino
3415 588 3718 630 concessa

284 668 341 719 et
373 665 497 720 sine
527 683 642 737 quo
674 666 894 722 factum
943 670 1034 722 est
1083 667 1252 723 nihil.
1286 668 1418 725 Hmc
1466 667 1760 740 tripartita
1796 683 1932 722 con-

280 753 509 824 junctio
540 759 596 809 et
628 756 939 827 conjuncta
968 756 1195 822 divisio,
1220 760 1275 811 et
1304 757 1361 811 in
1395 757 1659 829 personis
1679 755 1936 812 excludit

289 842 587 909 unionem,
647 847 704 898 et
758 844 817 898 in
880 861 1261 916 personarum
1311 846 1683 901 distinctione
1713 844 1935 900 obtinet

288 930 593 986 unitatem.
629 932 754 986 Non
795 938 989 987 autem
1040 934 1193 988 sicut
1234 937 1353 989 tres
1403 951 1703 1006 personas,
1750 933 1833 989 ita
1877 937 1935 988 et

280 1021 403 1073 tres
434 1020 572 1074 deos
604 1019 919 1087 credimus,
954 1022 1054 1076 sed
1105 1022 1165 1076 in
1209 1022 1400 1077 tribus
1455 1022 1721 1095 personis
1752 1038 1932 1077 unam

280 1107 566 1162 Deitatem
589 1107 965 1164 confitemur:
982 1109 1329 1165 Trinitatem
1350 1115 1614 1166 sanctam
1638 1111 1934 1167 credimus

276 1194 336 1249 in
368 1195 830 1253 subsistentibus
851 1199 1138 1269 personis.
1174 1199 1459 1254 unitatem
1478 1199 1694 1256 vero'in
1723 1204 1934 1255 natura

275 1287 333 1339 et
381 1286 688 1357 majestate
736 1303 805 1342 ac
858 1286 1191 1343 substantia
1232 1287 1498 1345 Deitatis.
1532 1287 1717 1344 Omne
1755 1288 1935 1361 igitur

273 1374 430 1444 quod
462 1377 572 1442 est,
626 1374 686 1428 in
735 1375 852 1429 duo
902 1375 1240 1431 dividimus.
1274 1376 1510 1449 Absque
1557 1377 1683 1433 sola
1725 1394 1936 1450 nempe

270 1461 558 1518 Trinitate
605 1479 780 1519 omne
827 1465 983 1536 quod
1036 1465 1095 1519 in
1146 1464 1308 1521 oculis
1352 1466 1644 1539 terrisque
1693 1483 1726 1523 a
1782 1465 1935 1523 mari

271 1554 613 1622 potentatur
640 1551 728 1607 vel
763 1553 958 1627 agitur
984 1552 1073 1609 vel
1107 1559 1393 1621 movetur,
1427 1559 1758 1611 creaturam
1809 1573 1940 1613 esse

271 1640 569 1695 credimus
599 1644 657 1695 et
686 1642 963 1709 fatemur,
996 1642 1184 1699 Deum
1215 1660 1349 1699 vero
1375 1643 1567 1700 solum
1590 1648 1934 1701 creatorem.

274 1727 489 1783 Filium
522 1745 755 1802 quoque
784 1730 886 1785 Dei
918 1732 1216 1787 credimus
1250 1731 1311 1786 in
1352 1732 1691 1789 novissimis
1712 1737 1935 1806 tempo—

276 1816 444 1871 ribus
476 1822 822 1890 conceptum
854 1834 983 1875 esse
1013 1819 1086 1876 de
1117 1820 1341 1892 Spiritu
1372 1825 1575 1878 sancto
1626 1825 1684 1877 et
1730 1826 1935 1877 natum

278 1922 348 1961 cx
372 1906 558 1962 Maria
587 1907 833 1979 virgine,
869 1924 1222 1982 carnemque
1279 1913 1502 1967 naturae
1550 1909 1823 1966 humanm
1873 1914 1930 1967 et

280 1994 542 2051 animam
572 1996 926 2069 suscepisse.
960 1997 1022 2054 In
1057 2014 1175 2070 qua
1204 2015 1377 2055 carne
1402 2000 1747 2055 cruciﬁxum
1769 2005 1827 2057 et
1847 2019 1932 2059 se-

281 2082 516 2155 pultum
545 2101 613 2141 ac
644 2086 1032 2143 resurrexisse
1063 2104 1098 2143 a
1128 2089 1378 2144 mortuis
1408 2089 1705 2147 credimus
1756 2095 1814 2147 et
1859 2091 1939 2146 fa-

282 2176 498 2240 temur,
521 2176 579 2228 et
606 2173 666 2228 in
697 2174 901 2230 eadem
933 2174 1065 2248 ipsa
1079 2191 1273 2244 carne,
1299 2176 1435 2231 licet
1455 2176 1697 2234 alterius
1717 2178 1935 2253 gloriae,

288 2264 423 2331 post
468 2263 953 2319 resurrectionem
1006 2265 1343 2321 ascendisse
1391 2266 1451 2320 in
1501 2265 1733 2335 ccclum,
1785 2269 1940 2323 unde

280 2348 544 2419 judiccm
575 2356 889 2406 venturum
922 2357 1331 2425 exspectamus
1370 2355 1632 2410 vivorum
1681 2361 1739 2412 et
1786 2375 1939 2413 mor-

286 2443 547 2494 tuorum.
582 2439 787 2495 Carnis
817 2458 1051 2514 quoque
1095 2446 1306 2499 nostra:
1338 2445 1823 2501 resurrectionem
1859 2445 1941 2501 fa-

289 2532 486 2582 temur
533 2529 821 2601 integram
873 2535 1049 2603 atque
1099 2531 1436 2603 perfectam,
1498 2533 1556 2588 in
1613 2551 1732 2607 qua
1786 2551 1944 2591 nunc

291 2617 545 2673 vivimus
574 2621 631 2672 et
659 2635 964 2675 movemur
1008 2620 1068 2676 in
1110 2620 1380 2694 praesenti
1423 2621 1561 2690 vita,
1603 2628 1660 2677 et
1709 2623 1767 2677 in
1818 2624 1949 2698 ipsa

297 2710 399 2761 aut
429 2724 533 2779 pro
564 2706 733 2762 bonis
766 2708 995 2765 actibus
1044 2709 1323 2782 consequi
1365 2710 1653 2767 bonorum
1684 2713 1945 2785 praemia,

296 2799 399 2851 aut
428 2812 531 2867 pro
561 2794 735 2851 malis
762 2797 1052 2854 sustinere
1082 2815 1388 2870 pcenarum
1418 2800 1727 2873 supplicia.
1762 2801 1949 2857 Pceni-

298 2884 543 2939 tentiam
576 2889 949 2957 peccatorum
980 2886 1330 2959 plenissima
1352 2888 1468 2944 fide
1497 2890 1860 2961 profitemur,
1884 2907 1951 2947 ac

299 2972 461 3027 velut
487 2973 807 3028 secundam
857 2975 1110 3045 gratiam
1164 2977 1542 3048 suscipimus,
1576 2978 1746 3047 juxta
1794 2980 1951 3050 quod

301 3060 617 3133 Apostolus
649 3061 792 3115 dicit
820 3062 893 3116 ad
923 3062 1255 3119 Corinthios
1289 3080 1303 3119 :
1340 3065 1495 3119 Volui
1509 3081 1609 3136 per
1626 3082 1717 3122 vos
1744 3069 1951 3133 venire,

300 3156 363 3204 ut
390 3147 685 3204 secundum
710 3151 949 3221 gratiam
989 3150 1258 3207 haberetis
1309 3151 1383 3224 (II
1427 3151 1548 3208 Cor.
1598 3154 1659 3225 ι).
1713 3154 1817 3209 Hic
1864 3160 1954 3210 est

304 3236 439 3291 fidei
466 3239 677 3291 nostra:
702 3236 1017 3293 thesaurus
1040 3255 1212 3311 quem
1242 3239 1539 3311 signatum
1561 3240 1953 3298 ecclesiastico

2042 665 2279 734 dotalia,
2316 683 2421 739 per
2449 682 2577 737 qua:
2609 681 2889 737 sponsam
2937 663 3152 720 Christi
3198 667 3257 719 te
3300 662 3363 719 in
3409 666 3711 719 aeternum

2043 771 2446 828 recognoscas,
2496 758 2555 809 et
2601 752 2939 809 transitoria
2987 753 3436 820 contemnendo,
3478 751 3710 823 sempi-

2041 847 2208 898 terna
2229 843 2444 916 gaudia
2473 841 2958 915 comprehendas.
2976 841 3077 897 Ille
3097 841 3255 897 enim
3286 840 3347 895 in
3377 845 3482 896 tua
3501 843 3712 895 mente

2042 931 2184 1004 quid
2208 932 2384 988 facies
2410 930 2776 1004 prospicit,et
2797 948 2975 1003 quam
2998 931 3271 986 decenter
3290 932 3419 1001 ejus
3438 928 3712 1002 virgines

2042 1020 2339 1076 comiteris
2368 1019 2639 1075 attendit.
2672 1020 2982 1092 PrOpterea
3010 1019 3082 1074 ab
3122 1017 3579 1074 adolescentulis
3612 1017 3713 1090 ip-

2042 1109 2167 1165 sius
2189 1113 2255 1165 ut
2274 1107 2535 1181 diligeris
2554 1108 2930 1164 vehementer
2958 1109 3277 1175 decerta,et
3294 1110 3428 1180 post
3456 1108 3709 1163 odorem

2042 1201 2475 1271 unguentorum
2499 1196 2659 1253 illius
2678 1214 2911 1253 currere
2934 1198 3279 1253 festinanter
3299 1194 3533 1265 anhela,
3548 1212 3711 1252 sem-

2041 1304 2145 1361 per
2177 1304 2280 1360 pro
2311 1286 2606 1343 concessis
2637 1285 2883 1343 Domino
2934 1285 3153 1360 gratias
3192 1287 3469 1353 referens,
3499 1290 3561 1341 et
3592 1301 3709 1357 pro

2041 1375 2428 1433 concedendis
2456 1375 2762 1431 humiilter
2790 1376 3460 1448 exorans.Hortorquete
3479 1374 3710 1431 habere

2041 1465 2103 1521 in
2121 1464 2543 1537 memoriaque:
2560 1466 2860 1538 possidere
2873 1463 3706 1539 concupiscisinvitazeterna,

2042 1557 2108 1610 ut
2127 1555 2299 1626 cujus
2322 1557 2375 1609 te
2396 1570 2677 1626 sponsam
2701 1554 2899 1610 fateris
2916 1554 2976 1609 in
2995 1553 3304 1625 terra,ejus
3320 1551 3706 1626 amplexibus

2041 1641 2264 1716 perfrui
2295 1642 2572 1698 merearis
2598 1642 2659 1697 in
2691 1642 2931 1715 perenni
2961 1641 3168 1715 gloria.
3198 1663 3229 1693 »

2116 1731 2205 1785 10.
2239 1730 2340 1785 His
2370 1730 2543 1787 dictis
2564 1730 2759 1786 velum
2782 1730 2990 1803 capitis
3011 1748 3077 1787 ac
3107 1729 3333 1803 reliqua
3351 1730 3711 1787 indumenta

2044 1818 2104 1875 in
2136 1817 2467 1874 humilitate
2494 1819 2825 1875 castitatem
2857 1819 3052 1875 cordis
3081 1823 3139 1875 et
3167 1818 3427 1892 corporis
3462 1836 3528 1876 se
3557 1836 3708 1876 con-

2046 1910 2340 1979 temptum
2366 1906 2571 1962 mundi
2594 1907 2989 1981 signiﬁcantia
3012 1902 3189 1981 super
3209 1913 3483 1965 sanctum
3517 1908 3713 1964 altare

2045 1995 2371 2068 composita
2401 1999 2642 2051 sanctus
2689 2013 2842 2068 papa
2871 1996 2946 2069 (2)
2978 1996 3296 2064 benedixit,
3331 2013 3507 2069 atque
3537 2013 3712 2053 more

2046 2088 2248 2141 sancto
2279 2101 2630 2140 consecrans
2662 2085 2847 2140 eil'usa
2877 2084 3279 2141 benedictione
3308 2102 3437 2141 eam
3469 2084 3710 2141 Christo

2046 2171 2417 2240 servituram,
2452 2177 2520 2227 ut
2550 2176 2915 2244 poposcerat,
2941 2174 3078 2244 jure
3110 2173 3419 2229 dedicavit.
3451 2174 3522 2228 Et
3568 2190 3715 2229 con-

2046 2278 2251 2317 versus
2282 2262 2351 2316 ad
2387 2261 2704 2317 Dominum
2750 2266 2808 2316 et
2854 2278 3102 2317 exorans
3147 2262 3293 2317 dixit
3323 2278 3337 2317 :
3375 2284 3404 2313 «
3436 2262 3709 2335 Respice,

2050 2350 2316 2417 Domine,
2336 2367 2516 2422 super
2545 2348 2697 2405 hanc
2731 2349 3013 2405 famulam
3046 2355 3230 2418 tuam,
3259 2354 3327 2406 ut
3353 2355 3569 2408 sanctae
3597 2350 3718 2405 vir-

2053 2438 2316 2513 ginitatis
2347 2438 2897 2511 propositum,quod
2922 2444 2977 2495 te
2998 2439 3319 2511 inspirante
3340 2440 3628 2512 suscepit,
3651 2444 3716 2495 te

2055 2529 2418 2602 gubernante
2448 2527 2762 2583 custodiat.
2797 2528 2885 2584 Sit
2913 2526 2973 2582 in
3010 2544 3096 2595 ea,
3131 2526 3395 2595 Domine,
3446 2545 3554 2600 per
3604 2528 3718 2585 do-

2058 2633 2199 2673 num
2223 2616 2478 2689 Spiritus
2497 2615 2583 2672 tui
2605 2617 2865 2689 prudens
2908 2616 3208 2684 modestia,
3242 2615 3433 2689 gravis
3466 2615 3716 2684 lenitas,

2057 2709 2221 2761 casta
2265 2703 2786 2761 libertaszferveat
2824 2704 2885 2759 in
2926 2703 3228 2771 charitate,
3259 2706 3316 2758 et
3357 2702 3504 2758 nihil
3544 2708 3721 2760 extra

2059 2799 2117 2850 te
2147 2792 2372 2868 diligat.
2421 2792 2819 2849 Laudabiliter
2862 2792 3052 2849 vivere
3101 2793 3353 2861 studeat,
3384 2796 3443 2848 et
3478 2791 3719 2848 laudari

2062 2900 2177 2939 non
2211 2886 2468 2955 appetat.
2519 2883 2600 2937 Te
2646 2882 2907 2937 timendo
2950 2897 3130 2954 super
3177 2880 3377 2936 omnia
3426 2886 3603 2949 amet,
3655 2886 3721 2937 et

2062 2971 2314 3027 amando
2344 2970 2404 3025 in
2434 2969 2712 3025 omnibus
2743 2973 2798 3024 te
2832 2968 3051 3023 timeat.
3086 2970 3174 3024 Tu
3206 2968 3279 3036 ei,
3313 2969 3579 3037 Domine,
3630 2969 3718 3025 sis

2063 3057 2366 3132 gaudium,
2386 3061 2448 3111 tu
2474 3058 2534 3111 in
2554 3073 2801 3111 maerore
2823 3055 3123 3124 solatium,
3150 3056 3296 3112 tuin
3329 3058 3719 3132 ambiguitate

2063 3143 2396 3200 consilium.
2431 3143 2494 3199 In
2528 3142 2747 3214 injuria
2793 3143 2876 3198 sis
2927 3143 3207 3211 defensio,
3261 3144 3322 3199 in
3374 3150 3720 3220 paupertate

2063 3232 2446 3301 abundantia,
2476 3232 2539 3287 in
2560 3231 2790 3303 jejunio
2821 3231 3008 3301 cibus,
3056 3233 3117 3287 in
3166 3232 3510 3291 infirmitate
3538 3235 3721 3292 medi-

245 3362 267 3376 .
303 3322 571 3396 symbolo
602 3324 990 3393 custodimus,
1024 3307 1178 3398 quod
1210 3325 1268 3382 in
1299 3307 1652 3399 Baptismatc
1701 3332 1955 3403 suscepi-
1983 3307 2026 3374 C
2064 3319 2384 3387 cina.Quod
2416 3324 2508 3375 est
2536 3320 2801 3393 professa
2829 3320 3140 3389 custodiat,
3194 3326 3259 3376 ut
3304 3322 3534 3380 hostem
3564 3324 3718 3380 anti-

304 3429 461 3468 mus.
502 3412 596 3467 Sic
645 3428 842 3468 coram
900 3414 1017 3469 Deo
1065 3415 1238 3470 corde
1286 3416 1601 3485 credimus,
1635 3417 1719 3473 sic
1758 3435 1955 3475 coram

306 3501 584 3556 omnibus
616 3500 961 3557 hominibus
992 3519 1090 3559 ore
1121 3504 1489 3569 conﬁtemur,
1523 3510 1588 3560 ut
1616 3505 1957 3564 hominibus

308 3590 484 3645 ﬁdem
513 3606 621 3645 sua
651 3590 904 3661 cognitio
936 3591 1129 3660 faciat,
1181 3596 1238 3649 et
1282 3592 1479 3666 imago
1511 3611 1619 3650 sua
1658 3595 1774 3651 Deo
1803 3597 1961 3653 testi-

306 3678 574 3735 monium
607 3680 831 3734 reddat.
866 3701 893 3729 »

375 3767 431 3822 9.
459 3767 591 3824 Haec
620 3772 678 3822 et
709 3766 824 3823 alia
853 3767 1201 3840 hujusmodi
1246 3769 1562 3828 innumera
1597 3773 1733 3829 fidei
1766 3791 1960 3831 sacra-

307 3859 507 3912 menta
537 3856 729 3929 palam
757 3857 1034 3914 omnibus
1063 3858 1355 3931 replicans
1387 3860 1771 3933 Hunegundis
1801 3866 1962 3938 virgo

304 3944 954 4013 devotissima,auribus
965 3947 1285 4004 astantium
1298 3948 1531 4005 salubre
1546 3952 1962 4009 commercium

309 4033 664 4107 praestitit,et
691 4034 963 4091 faucibus
1010 4036 1289 4109 virgineis
1338 4038 1592 4110 optabile
1640 4040 1965 4097 silentium.

311 4122 478 4177 Tunc
503 4122 851 4178 venerabilis
882 4123 1140 4195 pontifex
1170 4142 1417 4181 summae
1449 4127 1606 4184 sedis
1637 4129 1967 4201 apostolica:

312 4213 560 4282 raptans
608 4226 725 4265 non
776 4228 985 4267 sonare
1033 4212 1355 4283 hominem,
1391 4216 1491 4271 sed
1526 4218 1723 4288 potius
1760 4217 1973 4275 intelli-

312 4313 458 4371 gens
487 4302 760 4355 sanctum
792 4316 1065 4357 resonare
1094 4301 1376 4375 Spiritum
1416 4305 1596 4360 castis
1635 4303 1696 4361 in
1726 4305 1971 4363 visceri-

313 4387 447 4455 bus,
479 4404 675 4443 ooram
708 4389 936 4445 eunetis
961 4388 1044 4446 ita
1075 4391 1231 4447 fatur
1257 4408 1271 4447 :
1309 4413 1338 4443 ‹‹
1369 4393 1681 4450 Benedicta
1710 4394 1830 4451 filia
1848 4401 1912 4451 tu
1937 4412 1972 4452 a

314 4475 564 4533 Domino
619 4477 736 4533 Deo
777 4478 1160 4546 exercituum,
1195 4496 1324 4552 quae
1374 4481 1432 4537 in
1479 4486 1581 4538 tua
1600 4487 1793 4540 mente
1823 4500 1972 4557 pura

306 4565 644 4637 jucundum
665 4566 782 4622 Deo
804 4567 1144 4640 praeparasti
1165 4568 1728 4629 habitaculum.Non
1745 4576 1975 4645 oportet

2066 3426 2252 3483 quum
2279 3408 2564 3476 devincat,
2599 3413 2659 3464 et
2687 3409 2963 3465 vitiorum
2994 3410 3196 3466 sordes
3235 3416 3537 3484 expurget,
3570 3429 3718 3485 qua-

2065 3504 2239 3555 tenus
2269 3498 2588 3554 centesimo
2621 3499 2815 3553 fructu
2835 3515 2970 3554 cum
3001 3500 3207 3555 decore
3226 3500 3495 3574 virginali
3522 3518 3589 3558 ac
3608 3502 3721 3559 vir-

2066 3593 2264 3644 tutum
2295 3587 2669 3660 lampadibus
2698 3592 3026 3657 exornetur,
3060 3592 3117 3644 et
3147 3589 3219 3645 ad
3250 3588 3571 3647 electarum
3602 3589 3718 3647 vir-

2068 3677 2274 3750 ginum
2307 3676 2669 3732 consortium
2714 3676 3014 3749 pervenire
3046 3682 3360 3734 mereatur.
3392 3700 3421 3729 »
3454 3678 3720 3752 Cumque

2070 3782 2275 3822 omnes
2305 3765 2765 3838 respondissent,
2798 3765 2986 3833 Amen,
3038 3771 3278 3823 sanctus
3325 3766 3573 3824 antistes
3621 3768 3721 3825 de-

2070 3854 2344 3911 osculans
2374 3859 2552 3927 caput
2577 3859 2791 3910 sanctae
2820 3854 3064 3930 virginis
3109 3856 3461 3929 Hungundis
3492 3855 3721 3913 dimisit

2073 3961 2203 4001 eam
2234 3943 2293 3999 in
2325 3960 2487 4015 pace.

2148 4034 2235 4088 11.
2269 4033 2398 4088 Haec
2428 4032 2673 4088 audiens
2701 4031 3023 4101 Eudaldus,
3069 4033 3171 4104 qui
3217 4032 3444 4105 pridem
3486 4039 3724 4092 vocatus

2077 4122 2266 4178 fuerat
2296 4137 2573 4193 sponsus,
2603 4137 2741 4176 cum
2762 4121 3129 4193 cognovisset
3158 4138 3220 4177 se
3249 4126 3654 4196 contemptum
3694 4142 3725 4179 a

2075 4210 2299 4283 virgine
2325 4209 2667 4283 indignatus
2698 4212 2789 4265 est
2817 4209 3037 4279 animo,
3086 4214 3145 4266 et
3194 4210 3423 4266 cunctis
3453 4212 3725 4268 sensibus

2078 4298 2301 4356 anxiari
2326 4299 2521 4372 cmpit,
2553 4298 2789 4355 volvens
2819 4298 2879 4354 in
2911 4299 3108 4356 animo
3148 4315 3286 4356 cum
3308 4300 3495 4356 nimia
3520 4305 3725 4357 aestua-

2077 4389 2236 4445 tione
2287 4392 2354 4443 ut
2399 4404 2529 4443 eam
2577 4387 2773 4461 gladio
2819 4387 3336 4446 transverberaret.
3371 4388 3482 4445 Sed
3518 4387 3725 4447 timens

2077 4478 2373 4533 incurrere
2418 4475 2742 4548 periculum
2788 4476 3111 4546 homicidii,
3143 4477 3501 4550 territusque
3532 4478 3726 4534 audita

2078 4563 2371 4621 sententia
2399 4564 2689 4619 sermonis
2719 4562 3021 4637 apostolici
3044 4579 3223 4637 quam
3255 4564 3726 4638 retulimus,quia

316 4669 454 4725 ergo
506 4657 777 4711 sanctum
828 4656 1163 4712 contristari
1203 4657 1511 4729 Spiritum,
1573 4662 1746 4733 cujus
1802 4678 1971 4717 mens
1999 4675 2050 4742 D
2079 4669 2195 4710 non
2221 4657 2450 4726 oportet
2494 4656 2767 4708 sanctum
2818 4652 3152 4710 contristari
3202 4653 3510 4726 Spiritum,
3559 4656 3724 4727 cujus

316 4741 533 4813 pudica
580 4743 839 4798 creditur
885 4761 1017 4800 esse
1066 4746 1413 4802 sacrarium.
1465 4748 1781 4821 Apostolus
1811 4749 1969 4806 enim

316 4829 480 4897 dicit,
531 4831 672 4903 quia
718 4836 877 4889 caste
923 4833 1178 4890 viventes
1234 4836 1455 4908 templa
1513 4841 1653 4892 sunt
1713 4837 1968 4910 Spiritus

318 4917 507 4973 sancti
540 4919 589 4991 (Ι
614 4918 735 4975 Cor.
775 4922 899 4993 xu),
951 4925 1006 4977 et
1055 4921 1185 4977 ideo
1245 4922 1518 4996 quisquis
1548 4924 1835 4997 templum
1866 4925 1968 4981 Dei

314 5006 615 5063 violaverit
638 5008 937 5081 disperdet
983 5009 1152 5065 illum
1200 5015 1372 5067 Deus.
1426 5011 1675 5068 Multum
1704 5018 1794 5069 est
1821 5013 1881 5069 in
1913 5018 1968 5070 te

314 5097 682 5153 venerandus
704 5097 803 5154 ille
833 5098 1037 5153 artifex
1058 5099 1459 5172 summus,qui
1482 5105 1759 5173 operatur
1773 5103 1972 5157 omnia

316 5183 379 5239 in
403 5185 699 5254 omnibus,
732 5186 998 5241 dividens
1028 5185 1278 5258 singulis
1310 5193 1485 5259 prout
1513 5188 1657 5244 vult.
1678 5190 1781 5245 Eia
1808 5189 1971 5262 virgo

318 5277 503 5342 casta,
536 5274 626 5330 eia
658 5292 825 5330 mens
856 5273 1089 5347 pudica,
1115 5277 1349 5348 suscipe
1371 5278 1525 5348 quod
1544 5278 1727 5333 amori
1753 5283 1968 5334 mterno

317 5362 619 5434 proficiat;
653 5363 849 5419 oblata
868 5360 1083 5417 etenim
1105 5363 1209 5417 tibi
1236 5381 1267 5418 a
1288 5365 1411 5419 viro
1438 5365 1835 5437 corruptibilis
1858 5368 1968 5422 sub

315 5451 509 5521 specie
540 5450 773 5524 pietatis
804 5449 1156 5505 munuscula
1178 5452 1473 5522 projecisti
1506 5470 1520 5508 :
1555 5454 1787 5526 suscipe
1812 5472 1968 5511 nunc

387 5573 466 5646 (2)
480 5574 800 5646 Martinam
815 5573 836 5627 Ι
858 5570 1130 5646 designat
1149 5574 1405 5631 Ecclesia
1421 5576 1967 5643 San-Quintinensis

311 5640 375 5721 in
396 5640 732 5721 lectioneﬂlg
762 5641 1236 5721 Breviariiﬂuod
1262 5648 1497 5719 quidem
1535 5640 1690 5705 stare
1711 5665 1827 5721 non
1858 5666 1965 5721 po-

309 5715 468 5783 terit,
504 5714 616 5770 nisi
643 5713 863 5787 Eligius
884 5712 1232 5785 priusquam
1255 5712 1410 5775 e'sset
1430 5721 1739 5796 episcopus
1771 5712 1964 5778 Hune-

2079 4746 2286 4799 sancta
2306 4741 2468 4814 virgo
2518 4745 2645 4797 erat
2692 4740 3080 4810 domicilium,
3123 4742 3298 4814 juxta
3328 4741 3489 4797 Pauli
3530 4758 3720 4799 vocem

2080 4831 2180 4886 ubi
2214 4829 2537 4902 dicit,quod
2570 4833 2729 4885 caste
2757 4830 3014 4886 viventes
3043 4829 3266 4903 templa
3296 4833 3435 4886 sunt
3471 4829 3720 4903 Spiritus

2080 4920 2269 4975 sancti
2302 4920 2347 4990 (I
2379 4919 2500 4975 Cor.
2532 4919 2617 4991 ιιι)
2647 4934 2661 4973 :
2696 4919 2945 4991 ideoque
2974 4918 3248 4991 quisquis
3292 4916 3580 4991 templum
3625 4919 3717 4976 Dei

2078 5007 2293 5063 violare
2319 5007 2646 5077 tentaverit,
2679 5006 2978 5080 disperdet
3004 5006 3173 5063 illum
3205 5007 3719 5080 Deus,pmnitentia

2080 5098 2294 5153 ductus
2324 5114 2439 5153 non
2460 5101 2549 5153 est
2568 5113 2697 5153 eam
2725 5113 2907 5153 ausus
2928 5096 3263 5169 contingere
3280 5096 3719 5155 diutius.Missis

2081 5186 2279 5259 itaque
2300 5187 2816 5254 nuntiis,sanctam
2837 5185 3125 5258 virginem
3148 5184 3367 5257 sprevit
3386 5200 3420 5239 a
3435 5186 3717 5241 consortio

2078 5279 2136 5331 et
2166 5293 2201 5331 a
2232 5276 2514 5331 comitatu
2543 5292 2663 5330 suae
2693 5274 3061 5343 reversionis,
3095 5272 3513 5345 derelinquens
3565 5271 3715 5329 illam

2078 5364 2264 5420 solam
2294 5366 2388 5419 via
2417 5364 2671 5436 publica,
2696 5368 2754 5419 et
2780 5362 3137 5420 subtrahens
3157 5362 3241 5418 illi
3266 5361 3465 5417 omnia
3484 5360 3558 5417 ad
3583 5360 3715 5417 tanti

2076 5452 2303 5510 itineris
2334 5452 2697 5510 necessaria.«
2718 5452 2947 5509 Privata
2981 5451 3144 5527 virgo
3187 5451 3447 5507 humano
3498 5448 3712 5516 solatio,

2119 5582 2333 5636 undem
2365 5580 2436 5637 de
2467 5596 2633 5635 sacro
2660 5578 2818 5636 fonte
2861 5578 3155 5636 levaverit.
3201 5578 3350 5633 Ante
3400 5574 3559 5631 enim
3604 5573 3713 5632 sedi

2127 5651 2447 5708 oviomensi
2495 5650 2728 5724 praefuit
2767 5650 2988 5725 Eligius
3036 5664 3217 5723 quam
3273 5647 3563 5707 Martinus
3613 5646 3714 5705 Ro-

2080 5737 2288 5778 manas.
