3910 6446
204 448 276 508 57
1400 452 1503 512 DE
1545 450 1734 529 VITA
1779 450 1846 512 s.
1894 448 2423 543 HUNEGUNDIS.

3492 442 3618 523 V58

200 552 376 654 ccepit
392 580 639 638 viriliter
667 598 837 657 agere
868 587 925 639 et
955 585 1270 639 confortari
1291 586 1351 639 in
1374 583 1849 657 Domino,dicens_
1881 582 1938 651 Α
1967 581 2121 637 malo
2152 598 2287 638 eum
2318 582 2731 649 custodivit,ne
2752 584 3015 655 peccaret
3043 580 3102 635 in
3143 582 3408 635 sanctam
3437 577 3616 650 virgi-

204 650 307 725 illa
336 650 782 743 Psalmograpvhi
815 672 1045 727 cantica
1089 662 1103 727 ἑ
1153 674 1419 729 Dominus
1462 650 1639 745 pascit
1682 685 1769 726 me
1812 650 1864 726 ἐι

200 758 345 814 nihil
373 760 825 828 mihidecerit,in
855 761 968 817 loco
988 778 1205 833 pascuae
1227 763 1407 818 ibime
1427 762 1725 828 collocavit,
1758 768 1856 816 etc.

201 848 373 917 (Psal.
404 849 565 921 xxn).
600 849 902 904 Deduxisti
954 851 1113 905 enim
1154 867 1249 906 me
1278 851 1336 905 in
1388 855 1623 923 portum
1652 848 1859 904 volun-

199 936 335 992 tatis
366 940 478 992 tuae
512 937 957 993 :misericordia
986 943 1107 1004 tua,
1142 939 1391 1007 Christe,
1426 941 1665 995 obsecro
1711 955 1868 1010 prae--

201 1026 386 1092 cedat,
419 1030 477 1080 et
501 1026 901 1098 subsequatur
932 1044 1045 1093 me,
1081 1031 1147 1082 ut
1178 1044 1405 1083 merear
1434 1028 1734 1099 pervenire
1783 1027 1855 1081 ad

200 1118 466 1186 optatum
498 1115 801 1171 servitium
826 1121 1043 1171 sanctae
1071 1117 1317 1188 virginis
1346 1117 1649 1172 Marize.Et
1678 1120 1745 1171 ut
1774 1115 1861 1172 in-

199 1203 466 1260 habitare
485 1202 710 1260 valeam
735 1204 792 1258 in
816 1205 1195 1261 tabernaculo
1224 1210 1326 1261 tuo
1368 1206 1426 1260 in
1468 1204 1700 1274 saecula,
1732 1222 1858 1278 pro-

198 1296 367 1365 tegar
394 1308 532 1367 rogo
565 1293 625 1348 in
655 1292 987 1349 velamento
1018 1293 1248 1350 alarum
1281 1300 1541 1352 tuarum.

270 1382 357 1436 12.
393 1381 576 1454 Igitur
604 1381 715 1437 hac
744 1382 975 1454 expleta
997 1384 1282 1451 oratione,
1333 1386 1511 1457 coepit
1558 1382 1683 1439 sola
1731 1399 1864 1455 pro.

196 1469 402 1537 ﬁcisci,
436 1474 494 1525 et
524 1471 597 1526 ad
626 1471 988 1527 voluntatem
1040 1472 1139 1527 Dei
1192 1472 1411 1529 Gallias
1459 1490 1739 1543 remeare,
1774 1475 1863 1531 lu-

197 1562 397 1614 strans
428 1558 595 1615 devia
642 1563 700 1615 et
748 1560 965 1631 pervia,
999 1565 1176 1631 atque
1197 1578 1444 1632 poscens
1483 1564 1593 1619 sibi
1628 1580 1862 1637 semper

196 1648 399 1703 adfore
429 1652 767 1703 sanctorum
801 1649 1093 1719 praesidia,
1129 1650 1404 1705 derelicta
1433 1652 1724 1723 siquidem
1756 1653 1862 1708 hu-

196 1751 376 1791 mano
408 1735 638 1803 solatio,
672 1737 774 1791 sed
808 1735 1049 1791 suffulta
1073 1741 1131 1791 et
1160 1742 1420 1809 protecta
1439 1739 1654 1794 Christi
1686 1740 1866 1795 comi-

192 1826 362 1880 tante
391 1824 602 1897 gratia.
624 1824 763 1881 Erat
794 1840 1055 1895 namque
1086 1841 1334 1897 pergens
1364 1826 1423 1882 in
1456 1827 1860 1900 itinere,quasi

183 1913 323 1984 jam
354 1914 575 1984 degens
605 1912 716 1967 sub
749 1913 1073 1967 monastico
1105 1914 1409 1985 regimine,
1442 1915 1528 1970 vel
1571 1921 1638 1971 ut
1667 1916 1860 1972 dicam

190 2000 582 2072 altius,quasi
610 2004 853 2056 sanctus
883 2001 1193 2057 eremicola
1223 2002 1454 2059 Christo
1477 2004 1773 2061 famulans
1793 2005 1870 2067 im

192 2093 432 2145 remota
453 2090 633 2145 eremi
655 2089 990 2147 solitudine.
1017 2091 1232 2146 Diebus
1255 2093 1472 2165 quippe
1493 2094 1658 2149 festis
1683 2099 1856 2150 utens

194 2193 355 2250 pane
387 2176 510 2233 solo
541 2180 600 2233 et
621 2194 777 2249 aqua
794 2178 1162 2250 parcissima,
1193 2179 1435 2252 reliquis
1466 2198 1614 2253 pane
1653 2183 1858 2239 cineri.-

194 2266 315 2321 bus
333 2265 647 2321 commisto
664 2271 721 2321 et
737 2266 1052 2322 herbarum
1073 2269 1465 2341 arborumque
1485 2271 1857 2342 pastionibus

195 2354 503 2411 defessum
532 2353 827 2410 refovebat
855 2357 1295 2428 corpusculum.
1339 2358 1503 2415 Unde
1550 2360 1707 2431 quod
1754 2377 1859 2433 per

195 2446 472 2499 sanctam
511 2442 798 2515 virginem
830 2442 1117 2499 Dominus
1166 2446 1443 2517 dignatus
1492 2451 1583 2503 est
1628 2449 1855 2522 operari

198 2530 580 2598 miraculum,
613 2547 729 2586 non
775 2535 866 2587 est
914 2536 1111 2587 nostro
1143 2532 1375 2590 silentio
1404 2538 1854 2594 transeundum.

250 2619 500 2676 i3.Cum
511 2619 1087 2692 praedictusEudalus
1118 2622 1303 2678 nimia
1324 2624 1723 2698 indignatione
1745 2632 1859 2684 sto-

195 2708 516 2768 machatus
540 2725 602 2764 se
632 2712 1032 2783 contemptum
1058 2712 1217 2766 omni
1242 2712 1433 2769 modis
1454 2716 1854 2787 comperisset,

191 2804 258 2854 nt
280 2799 346 2854 in
366 2802 637 2854 sanctam
654 2797 940 2871 virginem
953 2797 1125 2854 vellet
1145 2801 1246 2855 sed
1269 2818 1385 2856 non
1407 2804 1649 2858 auderet
1663 2802 1858 2877 gladio

203 2888 540 2960 insurgere,
572 2891 810 2959 accepto
841 2887 1085 2943 consilio
1116 2906 1151 2943 a
1180 2890 1435 2960 quodam
1460 2907 1636 2963 quem
1657 2909 1859 2948 secum

195 2977 457 3032 duxerat
483 2975 712 3031 itineris
743 2976 990 3045 socium,
1024 2978 1248 3033 concite
1296 2979 1368 3034 ad
1418 2986 1723 3053 paternam
1770 2998 1857 3038 re-

196 3081 406 3121 meare
428 3063 722 3136 disposuit
734 3064 1419 3133 hereditatem,vendens
1429 3069 1858 3127 etdistribuens

194 3169 476 3221 onerosa,
509 3155 578 3208 ut
603 3153 780 3208 citius
819 3155 1270 3227 transmigraret
1318 3158 1387 3212 ad
1435 3159 1689 3231 propria.
1741 3159 1859 3217 Hoc

196 3243 416 3315 utique
445 3245 809 3312 pertractans
832 3242 1098 3299 volvebat
1127 3244 1186 3298 in
1218 3244 1510 3312 animo,ut
1528 3247 1728 3303 omnia
1757 3265 1858 3321 pa-

193 3330 492 3387 trimonia
520 3334 578 3385 et
597 3330 740 3401 jura
773 3330 1145 3388 haereditaria
1185 3333 1427 3407 virginis
1475 3337 1770 3405 venderet,
1802 3340 1860 3393 et
1887 3322 1931 3390 C

195 3438 335 3494 qua
366 3419 618 3475 vendere
631 3436 745 3476 non
759 3425 958 3492 posset
988 3422 1047 3476 in
1079 3422 1330 3478 nihilum
1360 3426 1665 3499 redigeret,
1696 3432 1754 3482 et
1775 3427 1859 3483 sic

196 3508 564 3566 funditusea
575 3524 710 3564 cum
721 3510 880 3564 omni
902 3510 1247 3582 supellectili
1269 3516 1326 3567 et
1347 3515 1659 3586 mancipiis
1678 3515 1858 3571 extir-

195 3603 400 3673 paret.
410 3597 613 3669 Itaque
623 3613 760 3653 cum
770 3598 1156 3654 velocissimis
1177 3601 1864 3677 equitibus[equis]expe-

192 3689 400 3746 ditam
431 3685 607 3758 ccepit
634 3701 873 3758 carpere
901 3687 1331 3755 vium,eﬂ‘erens
1375 3706 1439 3745 se
1466 3696 1654 3746 totum
1688 3694 1860 3765 perﬁ-

195 3794 336 3835 cere
370 3778 436 3832 in
468 3791 660 3847 opere,
695 3776 851 3848 quod
882 3775 1022 3832 olim
1053 3776 1254 3832 doloso
1287 3786 1631 3851 conceperat
1665 3783 1858 3838 corde.

196 3866 375 3934 Quod
410 3867 679 3921 sanctam
711 3864 996 3937 virginem
1036 3882 1409 3937 nequaquam
1441 3866 1618 3925 latere
1649 3870 1860 3942 potuit,

193 3971 333 4027 qua:
366 3952 690 4009 Dominum
713 3952 995 4009 scientem
1019 3954 1216 4009 omnia
1244 3954 1303 4009 in
1336 3956 1530 4012 cordis
1550 3956 1862 4031 hospitiolo

191 4042 403 4099 locare
436 4040 679 4096 curavit.
714 4041 917 4115 Itaque
949 4042 1047 4098 Dei
1080 4041 1311 4110 ancilla,
1344 4044 1538 4102 divino
1578 4047 1864 4105 instinctu

191 4134 480 4203 permota
508 4134 684 4202 atque
714 4130 916 4185 afﬂatu
968 4132 1155 4186 sancti
1203 4133 1458 4204 Spiritus
1487 4120 1765 4208 vigorata,
1801 4143 1867 4193 ut

188 4224 324 4275 erat
357 4219 563 4292 pedes,
597 4219 825 4274 cunctis
871 4220 1167 4292 equitibus
1214 4225 1271 4276 et
1318 4223 1589 4280 curribus
1614 4224 1866 4284 velocior

187 4309 484 4377 efﬁcitur,
500 4308 618 4364 imo
648 4325 752 4381 per
781 4308 957 4364 aliam
978 4310 1134 4364 viam
1154 4311 1659 4384 gradiens,omnes
1682 4320 1740 4371 et
1760 4333 1863 4372 an-

188 4398 491 4465 tevolans,
508 4395 734 4453 veloces
764 4402 1142 4471 praecesserat
1168 4403 1676 4476 currus.Denique
1705 4406 1866 4478 prior

187 4489 251 4543 in
276 4493 512 4543 terram
537 4503 657 4549 suae
678 4488 1004 4544 nativitatis
1027 4490 1308 4562 pervenit,
1332 4494 1390 4547 et
1409 4492 1610 4547 omnia
1628 4509 1738 4550 sua
1759 4511 1861 4567 pro

184 4582 330 4633 voto
359 4581 424 4633 et
448 4575 620 4632 libitu
639 4576 698 4631 in
715 4575 841 4633 loco
858 4594 1034 4649 quem
1052 4578 1225 4651 vulgo
1242 4579 1448 4636 dicunt
1466 4581 1859 4651 Humolarias,

187 4671 425 4765 saan
456 4665 557 4721 Dei
863 4667 1057 4765 Mariae
1076 4684 1255 4740 seque
1274 4668 1453 4725 simul
1475 4675 1542 4726 ut
1560 4675 1865 4744 optaverat
1892 4701 1940 4766 Β

189 4755 566 4813 servituram
586 4755 730 4810 inibi
751 4754 983 4812 Christo
1006 4757 1149 4812 dum
1171 4757 1465 4814 adviveret
1484 4762 1860 4818 contradidit.

268 4845 368 4900 14.
408 4843 533 4898 Non
578 4848 711 4916 post
760 4844 1015 4900 multum
1046 4862 1180 4903 vero
1209 4848 1492 4920 temporis
1520 4856 1863 4923 persecutus

190 4934 362 4989 idem
396 4931 699 4989 Eudaldus
720 4934 793 4989 ad
814 4939 1015 4990 votum
1047 4935 1400 5009 explendum
1429 4938 1864 5013 devenit,seque

188 5022 480 5081 omnium
511 5038 707 5078 rerum
738 5023 982 5096 virginis
1007 5041 1408 5097 possessorem
1450 5031 1508 5082 et
1556 5027 1861 5085 dominum

189 5110 492 5185 praetulit,
526 5112 793 5169 nesciens
824 5115 976 5185 quod
1005 5115 1131 5184 jam
1162 5114 1515 5171 transissent
1560 5119 1759 5174 omnia
1803 5120 1861 5174 in

186 5200 439 5257 cultum
471 5200 571 5257 Dei
605 5206 663 5256 et
690 5206 903 5257 sanctae
932 5202 1034 5258 Dei
1065 5203 1377 5259 Genitricis
1407 5206 1720 5262 tutamina.
1754 5208 1860 5273 Qui

186 5306 335 5346 cum
370 5290 745 5363 cognovisset
774 5296 1048 5349 eventum
1071 5291 1174 5361 rei,
1199 5297 1258 5348 et
1288 5296 1411 5348 tam
1443 5295 1650 5350 auditu
1682 5312 1861 5367 quam

183 5379 327 5437 visu
360 5378 675 5437 didicisset
711 5385 842 5437 acta
868 5381 1112 5453 virginis
1159 5383 1432 5452 veridica,
1490 5401 1757 5442 reversus
1801 5386 1861 5440 in

185 5468 829 5540 semetipsum,secum
850 5473 1066 5527 tacitus
1086 5470 1288 5527 mirari
1310 5473 1485 5545 coepit
1504 5476 1563 5528 et
1577 5475 1860 5544 venerari,

183 5555 473 5616 recolens
493 5573 622 5629 qum
642 5562 698 5614 et
717 5564 942 5631 quanta
962 5577 1066 5632 per
1084 5565 1350 5617 sanctam
1368 5561 1655 5634 virginem
1673 5562 1867 5619 Domi-

186 5662 311 5703 nus
340 5645 434 5702 sit
454 5651 732 5718 operatus
753 5647 1060 5705 miracula.
1082 5648 1248 5706 Unde
1275 5648 1480 5723 quales
1518 5650 1709 5723 potuit
1729 5666 1865 5709 mox

182 5733 316 5800 Deo
370 5733 585 5794 laudes
614 5739 672 5793 et
700 5736 922 5811 gratias
953 5735 1174 5807 retulit,
1209 5738 1311 5812 qui
1343 5739 1416 5796 ab
1446 5742 1583 5796 actu
1613 5743 1672 5795 et
1700 5742 1865 5797 tactu
1906 5776 1917 5779 -

1970 676 2190 738 nem,et
2218 671 2508 727 furentem
2540 671 2601 726 in
2631 671 2958 727 reversione
2979 686 3094 725 non
3116 667 3387 741 permisit
3406 665 3614 723 merito

1968 761 2333 815 occumbere.
2366 760 2586 834 Dignos
2616 759 2796 833 igitur
2824 760 3050 815 fructus
3079 755 3434 831 pmnitentiaa
3484 772 3614 828 per-

1967 863 2147 920 agens
2169 865 2347 920 super
2364 848 2458 904 his
2485 866 2613 921 quae
2634 851 2898 920 gesserat
2917 847 2978 901 in
2998 846 3306 919 virginem,
3322 861 3437 900 non
3460 847 3615 917 pote-

1967 940 2057 989 rat
2086 936 2341 992 invenire
2362 938 2580 1009 quibus
2610 936 2887 992 laudibus
2907 952 3036 992 eam
3058 931 3467 1001 extolleret,vel
3490 931 3615 1004 qui-

1940 1096 1943 1098 η
1966 1023 2077 1079 bus
2094 1026 2441 1082 muneribus
2458 1027 2587 1097 ejus
2612 1025 2821 1082 faciem
2843 1024 3328 1097 complacaret,ut
3342 1019 3432 1077 vel
3453 1020 3526 1076 ab
3547 1036 3616 1075 ea

1964 1111 2147 1169 videri
2194 1120 2537 1183 mereretur,
2573 1119 2675 1170 aut
2725 1115 2855 1187 ipsa
2883 1131 2989 1187 pro
3018 1130 3084 1170 eo
3134 1128 3336 1186 preces
3381 1108 3613 1165 Christo

1966 1201 2209 1258 fundere
2227 1204 2854 1276 dignaretur.Tandem
2873 1202 3094 1258 salubri
3107 1205 3332 1273 reperto
3345 1197 3610 1263 consilio,

1966 1291 2349 1364 semetipsum
2366 1292 2425 1347 in
2442 1291 2777 1348 humilitate
2807 1292 3000 1347 cordis
3018 1295 3077 1346 et
3097 1288 3358 1362 corporis
3379 1285 3611 1352 obtulit,

1967 1395 2034 1434 ac
2063 1385 2354 1452 prostrato
2375 1398 2615 1454 corpore
2634 1397 2833 1438 coram
2857 1395 3022 1436 sacro
3050 1379 3219 1434 altari
3248 1375 3351 1432 Dei
3371 1373 3615 1449 genitri-

1967 1470 2053 1525 cis
2084 1469 2278 1526 Mariaa
2308 1470 2539 1526 veniam
2570 1470 2641 1526 de
2679 1468 3014 1526 commissis
3060 1464 3399 1540 expoposcit
3430 1480 3443 1519 :
3476 1478 3614 1541 con-

1964 1573 2249 1630 versoque
2277 1557 2442 1614 vultu
2473 1574 2590 1630 quo
2620 1558 2915 1614 residebat
2958 1556 3120 1629 virgo
3168 1554 3396 1621 caelebs,
3430 1549 3619 1625 poscit

1967 1646 2080 1701 sibi
2113 1647 2780 1720 misereri,mu1tumque
2799 1649 3087 1720 praecatur
3104 1649 3171 1700 ut
3193 1659 3367 1716 quem
3387 1640 3614 1715 pridem

1967 1733 2231 1791 voluerat
2259 1734 2475 1792 habere
2505 1750 2812 1808 sponsum,
2845 1733 3054 1791 saltem
3094 1737 3237 1788 tunc
3276 1731 3618 1804 dignaretur

1968 1823 2267 1895 suscipere
2296 1839 2550 1880 servum.
2588 1846 2616 1873 ‹‹
2643 1823 2929 1889 Quoniam
2962 1838 3076 1889 me,
3102 1821 3318 1893 inquit,
3351 1820 3424 1875 ad
3455 1817 3616 1888 inju-

1968 1911 2118 1967 riam
2148 1912 2549 1985 corruptibilis
2578 1912 2859 1968 amatoris
2906 1928 3022 1968 non
3073 1907 3479 1983 postposuisti,
3512 1922 3616 1960 nec

1965 1999 2113 2056 mihi
2143 2000 2636 2073 qualemcumque
2663 2017 2976 2074 personam
3006 2003 3302 2072 potentem
3333 2001 3437 2053 aut
3477 1995 3615 2050 inli-

1966 2104 2126 2145 mam
2151 2089 2542 2162 praeposuisti,
2567 2090 2668 2144 sed
2700 2105 2897 2163 regem
2928 2086 3277 2145 saeculorum
3306 2090 3364 2141 et
3399 2088 3618 2140 creato-

1964 2193 2090 2233 rem
2120 2177 2389 2233 omnium
2418 2177 2565 2233 mihi
2590 2177 2922 2250 praetulisti,
2946 2176 3173 2248 tibique
3194 2190 3479 2248 sponsum
3502 2189 3615 2228 ca:-

1964 2264 2170 2323 lestem
2201 2267 2262 2321 in
2291 2270 2418 2322 toro
2445 2266 2717 2340 virginali
2748 2266 3164 2333 ascivisti,ecce
3196 2266 3413 2319 memet
3440 2266 3617 2334 atque

1966 2372 2099 2411 mea
2126 2359 2426 2429 gratanter
2453 2355 2630 2412 offero
2661 2355 2747 2411 illi
2784 2372 2797 2410 :
2835 2360 2893 2412 et
2922 2372 3051 2428 quae
3076 2354 3181 2409 tibi
3214 2353 3354 2409 olim
3395 2349 3617 2408 contuli

1965 2444 2204 2512 dotalia,
2235 2445 2401 2500 trade
2429 2461 2644 2517 sponso
2675 2461 2811 2501 vero
2830 2445 2972 2501 Jesu
2993 2443 3225 2499 Christo
3255 2441 3314 2497 in
3347 2456 3615 2498 sororum

1914 2550 1919 2555 '
1965 2549 2401 2607 egenorumque
2419 2532 3348 2607 alimoniam.Ego,inquam,dum
3380 2530 3616 2586 advixe-

1965 2624 2318 2696 ro,dumque
2339 2639 2551 2696 corpus
2572 2623 2681 2679 hoc
2712 2626 3176 2695 gestavero,tuus
3198 2624 3540 2693 procurator
3555 2618 3612 2672 in

1966 2712 2350 2769 exterioribus
2379 2729 2507 2769 esse
2533 2712 2770 2788 curabo,
2821 2716 2879 2768 et
2922 2715 3055 2785 post
3099 2714 3348 2766 mortem
3379 2725 3613 2764 omnem

1967 2818 2159 2857 meam
2179 2800 2602 2874 supellectilem
2623 2817 2759 2856 cum
2776 2800 2953 2856 rebus
2970 2805 3029 2860 et
3049 2798 3362 2872 mancipiis
3382 2814 3486 2871 per
3503 2797 3614 2853 hoc

1967 2891 2334 2948 auctoritatis
2366 2894 2784 2946 testamentum
2806 2888 3222 2963 perpetualiier
3241 2888 3408 2944 trado
3435 2887 3493 2941 in
3515 2885 3615 2941 ho-

1966 2997 2169 3036 norem
2191 2980 2291 3035 Dei
2314 2979 2733 3052 omnipotentis
2749 2984 2925 3052 atque
2945 2983 3160 3036 sancta:
3182 2977 3283 3034 Dei
3306 2976 3615 3034 Genitricis

1964 3069 2266 3143 virginis.»
2290 3069 2361 3125 Et
2380 3069 2737 3125 confirmans
2756 3071 3175 3125 testamentum
3206 3065 3615 3139 hujuscemodi

1965 3176 2103 3214 voce
2132 3158 2329 3231 palam
2360 3159 2636 3214 omnibus
2668 3158 2852 3213 dixit:
2880 3180 2908 3208 ‹‹
2929 3157 3060 3213 Haec
3098 3174 3134 3212 a
3160 3171 3257 3212 me
3297 3172 3455 3212 nunc
3492 3172 3618 3211 sus-

1967 3248 2114 3320 cipe,
2156 3248 2318 3320 virgo
2367 3247 2720 3316 castissima,
2771 3263 3088 3320 meumque
3134 3246 3381 3302 cadaver
3418 3245 3479 3299 in
3507 3244 3617 3300 hoc

1968 3336 2094 3392 loco
2124 3335 2539 3392 tumulandum
2573 3336 2692 3392 tuis
2722 3337 2995 3409 precibus
3026 3336 3275 3408 impera,
3305 3338 3373 3389 ut
3398 3350 3535 3390 cum
3559 3338 3617 3388 te

1967 3443 2067 3482 rex
2098 3442 2390 3499 supernus
2440 3441 2506 3481 ac
2554 3425 2807 3481 ccelestis
2856 3441 3111 3497 sponsus
3168 3424 3230 3479 in
3286 3422 3614 3479 thalamum

1967 3514 2368 3570 transduxerit
2393 3513 2857 3587 virgineum,ego
2887 3517 3049 3570 veste
3078 3510 3326 3584 nuptiali
3357 3511 3614 3567 circum-

1969 3605 2143 3659 datus
2168 3607 2344 3674 atque
2365 3602 2499 3674 agni
2520 3601 2731 3658 vellere
2753 3603 2915 3658 niveo
2935 3602 3292 3667 succinctus,
3313 3599 3465 3655 inter
3485 3615 3618 3654 con-

1967 3692 2128 3746 vivas
2158 3707 2373 3745 mensae
2407 3691 2561 3763 regis
2579 3690 2871 3763 particeps
2889 3690 3020 3746 vita:
3050 3689 3304 3745 ccnlestis
3334 3704 3618 3761 apparere

1970 3797 2197 3836 merear
2222 3779 2312 3835 vel
2343 3779 2609 3835 ultimus.
2644 3800 2673 3831 »

2043 3870 2131 3924 15.
2163 3868 2429 3925 Obtinuit
2475 3884 2612 3940 ergo
2662 3869 2818 3940 quod
2865 3868 3103 3941 expetiit
3149 3871 3207 3925 et
3252 3884 3386 3924 cum
3418 3869 3622 3922 sancta

1971 3957 2153 4014 animi
2184 3956 2485 4013 devotione
2516 3956 2830 4013 incolumis
2862 3957 3138 4014 remeavit
3157 3957 3229 4014 ad
3252 3956 3618 4031 propria.Cui

1970 4047 2256 4103 Dominus
2288 4046 2434 4102 bene
2460 4045 2689 4105 vivendi
2719 4046 2965 4102 contulit
3000 4046 3343 4113 efﬁcaciam,
3375 4047 3621 4119 ejusque

1969 4140 2170 4192 votum
2193 4136 2265 4191 ad
2287 4134 2601 4207 optabilem
2623 4136 2893 4208 perduxit
2910 4135 3357 4193 ell‘ectum.Nam
3379 4135 3621 4191 devotus

1971 4224 2109 4292 Deo,
2143 4223 2299 4281 ultra
2326 4240 2504 4295 quam
2538 4224 2787 4280 fuissent
2837 4225 3167 4281 necessaria
3211 4223 3620 4280 sacratissima:

1971 4314 2200 4369 studuit
2228 4313 2679 4370 subministrare
2701 4314 2934 4386 virgini,
2958 4314 3290 4386 pariterque
3311 4313 3371 4367 in
3400 4316 3619 4367 statuto

1967 4402 2327 4459 xenodochio
2355 4400 2545 4458 victus
2590 4410 2647 4459 et
2686 4403 2934 4458 vestitus
2963 4402 3211 4475 praebuit
3255 4400 3617 4456 alimoniam.

1972 4491 2178 4548 Fultus
2209 4492 2417 4547 deinde
2449 4491 2799 4548 multimoda
2814 4491 3029 4548 Christi
3077 4490 3311 4557 virtute,
3347 4505 3414 4545 ac
3444 4488 3621 4543 dedu-

1968 4597 2108 4636 cens
2132 4585 2365 4653 tempus
2384 4581 2513 4635 vitaa
2536 4580 2595 4635 in
2617 4579 3026 4652 hujuscemodi
3050 4578 3620 4652 operatione,exutus

1970 4673 2060 4724 est
2090 4671 2392 4741 praesentis
2438 4669 2634 4725 saeculi
2683 4669 2953 4741 contagio
3003 4686 3070 4725 ac
3119 4668 3463 4741 perfunctus
3492 4665 3622 4723 luce

1970 4760 2329 4827 transitoria,
2365 4758 2586 4814 audivit
2615 4759 2686 4814 de
2715 4758 2988 4830 supernis
3015 4774 3215 4813 vocem
3248 4756 3359 4812 sibi
3381 4755 3504 4812 hzec
3535 4756 3621 4812 lo-

1973 4848 2071 4919 qui
2105 4864 2119 4903 :
2152 4849 2316 4921 Euge,
2364 4864 2517 4904 serve
2560 4848 2694 4904 bone
2738 4856 2791 4903 et
2828 4847 3029 4918 ﬁdelis,
3079 4848 3210 4921 quia
3246 4862 3411 4919 super
3446 4861 3624 4918 pauca

1968 4939 2130 5008 fuisti
2150 4937 2524 5010 ﬁdelis,supcr
2542 4939 2717 4993 multa
2739 4945 2788 4994 te
2805 4938 3166 5006 constituam;
3195 4937 3309 4992 eris
3347 4936 3621 5009 princeps

1972 5030 2172 5084 decem
2218 5025 2540 5082 civitatum.
2582 5027 2747 5081 Tunc
2795 5026 2964 5082 beata
3002 5026 3164 5099 virgo
3214 5026 3619 5100 Hunegundis,

1973 5120 2227 5172 mentem
2258 5118 2520 5169 sanctam
2540 5131 2673 5170 cum
2699 5114 2989 5170 oblatione
3011 5115 3283 5171 sacrificii
3304 5132 3409 5188 per
3437 5132 3625 5172 sacer-

1973 5207 2176 5261 dotum
2191 5220 2402 5258 manus
2420 5204 2559 5277 Regi
2592 5219 2797 5277 regum
2819 5203 3049 5259 Christo
3063 5205 3622 5278 obtulit,deprecans

1970 5298 2028 5351 et
2052 5310 2296 5350 exorans
2327 5293 2636 5349 subvenire
2666 5293 2750 5348 illi
2782 5296 3016 5350 sanctos
3047 5293 3308 5367 angelos,
3339 5312 3405 5351 ac
3444 5294 3621 5351 locari

1971 5385 2099 5455 ejus
2117 5382 2391 5455 spiritum
2412 5382 2565 5438 inter
2584 5382 2793 5439 choros
2815 5383 3119 5456 agminum
3136 5383 3624 5441 cmlestium.Cor-

1972 5489 2085 5545 pus
2102 5488 2237 5527 vero
2260 5472 2393 5544 poni
2408 5472 2592 5543 jussit
2614 5472 2673 5527 in
2694 5472 2902 5528 feretro
2942 5489 3010 5528 ac
3050 5473 3259 5532 deferri
3290 5474 3361 5530 ad
3396 5489 3457 5529 se
3488 5471 3625 5528 fecit

1972 5562 2125 5617 infra
2146 5561 2590 5630 monasterium,
2607 5565 2663 5617 et
2687 5562 2748 5617 in
2765 5561 3055 5636 condigne
3076 5566 3133 5619 et
3154 5566 3352 5636 optato
3381 5559 3626 5617 tradidit

1975 5651 2288 5723 sepulturae
2313 5650 2462 5708 loco.

2048 5740 2135 5797 16.
2170 5739 2306 5797 Post
2347 5740 2522 5813 cujus
2579 5740 2942 5812 abscessum,
2990 5739 3222 5797 arctiori
3253 5755 3316 5796 se
3347 5735 3624 5795 submisit
