3910 6382
364 462 442 527 59
1372 477 1717 538 BERNERI
1762 457 2094 538 ABBATIS
2137 462 2771 537 HUMOLIARENSIS
2891 496 2896 501 ~
3702 475 3783 535 eo

365 600 492 655 vita:
522 604 579 655 et
607 601 823 659 Christi
856 604 1107 675 servitio,
1135 608 1385 677 puniens
1408 612 1583 681 atque
1606 611 1825 665 deflens
1855 607 2009 681 cogi-
2038 608 2096 675 Α
2121 607 2233 673 tiit,
2267 607 2700 680 Dominumque
2728 608 2944 663 suimet
2986 606 3249 663 misereri
3281 606 3420 663 totis
3448 606 3658 663 virbus
3686 625 3781 663 ex-

363 691 485 743 tata
515 705 618 748 seu
653 690 855 747 nociva
877 693 1003 763 jam
1037 700 1272 766 peracta
1294 714 1487 769 opera,
1514 697 2012 769 crebrisqucjeju-

2122 697 2324 752 oravit.
2358 696 2452 754 Sic
2483 698 2721 753 tandem
2754 696 3042 752 Dominici
3074 697 3336 769 corporis
3368 701 3425 753 et
3470 696 3781 769 sanguinis

366 775 478 831 niis
497 793 564 831 ac
579 778 791 850 vigiliis
812 782 1326 855 tundebatcorpus
1345 786 2013 857 fatigatum,memorans
2119 784 2396 841 viaticum
2427 802 2691 854 sumens,
2728 802 2895 841 roseo
2924 783 3089 839 vultu
3122 790 3179 840 et
3222 786 3432 840 decora
3484 784 3655 849 facie,
3687 802 3781 839 ve-

365 864 506 935 quia
536 883 651 921 non
676 867 775 939 qui
808 870 1062 940 coeperit,
1097 874 1195 927 sed
1221 872 1321 944 qui
1348 875 1800 947 perseveraverit
1819 875 2014 930 salvus
2119 873 2210 929 lut
2256 876 2663 946 prmsentanda
2719 874 2838 946 regi
2892 889 3099 945 regum
3147 872 3208 927 in
3256 871 3477 928 cmlesti
3522 872 3783 928 thalamo

365 951 493 1007 erit.
528 954 590 1008 In
623 955 732 1010 hac
763 957 1015 1029 denique
1058 966 1262 1017 sancta
1311 963 1492 1018 animi
1544 965 1916 1021 meditatione
1948 981 2015 1019 ac

366 1041 571 1096 devota
600 1043 736 1098 fidei
774 1046 1111 1116 operatione
1158 1050 1414 1107 moriens
1462 1055 1685 1109 mundo
1716 1058 1773 1109 ct
1817 1054 2046 1109 vivens

369 1128 620 1199 Christo,
676 1136 865 1190 totum
920 1139 1153 1210 tempus
1196 1139 1325 1195 vita:
1373 1158 1492 1197 sum
1525 1142 1762 1198 duxisse
1810 1144 2013 1209 fertur,

365 1219 509 1274 adeo
541 1224 607 1275 ut
637 1221 984 1297 plerumque
1007 1227 1302 1285 videretur
1330 1230 1560 1286 causari
1581 1235 1639 1286 et
1659 1231 1848 1287 dicere
1872 1230 2015 1286 illud

366 1308 775 1381 propheticum
808 1330 822 1369 :
857 1315 971 1370 Heu
1005 1318 1182 1375 mihi!
1214 1322 1346 1392 quia
1376 1322 1642 1377 incolatus
1688 1338 1842 1377 meus
1887 1336 2016 1393 pro-

368 1398 616 1469 longata:
662 1410 758 1471 est,
810 1408 919 1459 etc.
973 1406 1140 1477 (Psal.
1193 1412 1363 1479 ωαχ).
1414 1410 1594 1482 Cujus
1642 1410 2018 1484 longanimen

369 1493 753 1562 sanctamque
778 1495 1308 1567 peregrinationem
1339 1517 1595 1571 superna
1643 1501 2019 1556 considerans

368 1577 755 1650 clementia,ej
764 1598 832 1635 us
845 1583 1108 1653 petitioni
1121 1586 1674 1645 desiderantissimaa
1686 1589 2022 1646 satisfacere

368 1666 679 1738 disposuit,
713 1673 779 1724 ut
808 1674 962 1742 quod
995 1674 1278 1733 hactenus
1308 1678 1527 1734 viderat
1572 1696 1676 1751 per
1713 1680 2019 1751 speculum

368 1759 425 1810 et
453 1755 513 1811 in
544 1757 853 1830 aenigmate
875 1761 1003 1832 jam
1030 1767 1171 1820 tunc
1217 1764 1500 1839 inciperet
1530 1767 1676 1824 facie
1704 1769 1776 1825 ad
1812 1768 2019 1824 faciem

368 1861 628 1901 CBI‘DCI'C.

440 1934 527 1989 17.
557 1936 824 2045 Quadam.
851 1955 1105 2045 namque
1136 1941 1229 1997 die
1259 1944 1401 2044 dum
1432 1945 1555 2002 solo
1586 1947 1873 2002 recubans
1895 1963 2021 2002 ma-
2048 1978 2101 2045 B

368 2039 481 2079 nus
512 2028 779 2081 extensas
812 2031 1031 2083 teneret
1060 2029 1120 2084 in
1151 2032 1429 2101 oratione,
1463 2052 1745 2107 percussa
1775 2040 1864 2092 est
1895 2053 2019 2091 cor-

370 2110 530 2182 poris
551 2115 860 2186 gravedinc
874 2133 939 2171 ac
955 2117 1136 2175 nimio
1161 2126 1302 2177 aestu
1320 2122 1680 2180 infirmitatis
1694 2142 1981 2197 corporeae
2001 2141 2015 2179 :

370 2200 472 2256 sed
504 2202 793 2258 consolari
812 2206 1025 2262 meruit
1055 2209 1397 2281 angelorum
1418 2213 1689 2285 praesidio
1710 2218 1768 2270 et
1799 2218 2024 2270 sancto-

370 2307 503 2345 rum
533 2292 800 2348 omnium
831 2295 1130 2370 suffragio,
1155 2317 1302 2371 quos
1328 2301 1594 2358 invocare
1616 2322 1732 2360 non
1755 2304 2025 2359 cessabat

369 2379 547 2435 etiam
583 2379 643 2435 in
677 2387 890 2455 iegroto
922 2387 1183 2458 corporis
1204 2391 1520 2462 ergastulo.
1548 2392 1764 2449 Verum
1785 2392 2024 2449 astanti-

369 2469 482 2525 bus
503 2467 961 2546 circumquaque
982 2475 1290 2550 utriusque
1303 2496 1476 2537 sexus
1488 2480 1716 2538 Christo
1738 2481 2025 2537 famulan-

371 2558 550 2629 tibus,
588 2559 689 2632 qui
711 2562 782 2617 ad
815 2563 1121 2621 decessum
1146 2570 1318 2624 tantae
1351 2569 1557 2625 matris
1578 2575 1753 2643 atque
1777 2570 2023 2645 virginis

370 2665 689 2705 convenere
709 2668 778 2707 ex
798 2652 1003 2709 vicinis
1024 2656 1081 2710 et
1107 2654 1446 2730 longinquis
1469 2659 1824 2732 regionibus,
1858 2660 2025 2715 dolor

370 2741 597 2812 ingens,
633 2757 847 2798 mceror
874 2746 931 2800 et
961 2744 1257 2819 singultus
1278 2752 1402 2803 erat
1422 2748 1718 2817 omnibus,
1743 2750 2022 2822 quoniam

370 2827 717 2886 videbantse
730 2830 968 2889 frustari
982 2834 1163 2891 nimio
1178 2836 1405 2904 solatio,
1420 2837 1555 2893 licet
1566 2844 1763 2894 essent
1780 2840 2023 2895 ﬁdentes

373 2920 525 2989 quod
552 2919 683 2990 ejus
703 2938 937 2994 semper
956 2921 1014 2977 in
1038 2923 1197 2980 cmlis
1211 2925 1587 2982 devotissimo
1608 2932 1914 2984 tuerentur
1930 2946 2023 3000 pa-

372 3006 638 3062 trocinio.
655 3008 943 3065 Interhzec
956 3027 1239 3068 conversa
1249 3013 1321 3067 ad
1334 3030 1433 3070 eos
1447 3013 1548 3086 qui
1561 3015 1901 3071 assidebant
1911 3016 2024 3071 sibi

374 3094 764 3166 presbyteros,
783 3098 1078 3155 unctionis
1101 3100 1293 3157 oleum
1307 3106 1363 3157 et
1375 3103 1849 3160 communionem
1862 3122 2026 3176 cxpe-

442 3264 523 3334 (3)
550 3266 715 3348 Anno
748 3267 979 3348 circiter
1016 3269 1143 3338 690,
1180 3270 1472 3344 siquidem
1522 3273 1905 3348 Hunegundis
1954 3278 2026 3333 de

2122 962 2373 1035 imperat
2393 962 2621 1019 cunctis
2642 980 2957 1035 personare
2977 961 3180 1017 dulces
3197 965 3255 1017 et
3273 961 3649 1033 hymnidicos
3670 977 3787 1017 me-

2124 1050 2212 1107 los
2246 1052 2605 1124 psalmodiaz,
2641 1052 2989 1123 dicebatque
3018 1050 3171 1107 inter
3200 1055 3407 1105 caetera
3444 1049 3619 1123 quasi
3650 1067 3783 1122 pro-

2127 1139 2359 1197 minens
2388 1160 2458 1196 ex
2487 1140 2675 1196 cilicio
2705 1144 2763 1196 et
2792 1140 2986 1196 cinere
3021 1157 3034 1193 :
3062 1161 3092 1189 «
3123 1140 3347 1196 Adsum
3377 1156 3505 1212 ego,
3530 1138 3782 1206 Christe,

2126 1233 2230 1285 tua
2258 1230 2498 1299 famula,
2530 1229 2661 1285 veni
2691 1245 2851 1302 rogo,
2880 1246 2980 1284 rex
3027 1227 3312 1301 piissime,
3344 1232 3523 1300 atque
3556 1244 3653 1284 me
3683 1228 3784 1283 be-

2129 1319 2305 1392 nigne
2331 1318 2584 1391 suscipe.
2618 1340 2646 1370 »
2679 1318 2944 1391 Cumque
2975 1316 3035 1373 in
3076 1317 3490 1389 hujuscemodi
3518 1333 3662 1372 voce
3708 1317 3783 1371 ab

2128 1408 2273 1462 hora
2300 1407 2488 1463 noctis
2510 1408 2704 1463 media
2725 1424 2914 1479 usque
2935 1408 3007 1463 ad
3030 1406 3235 1463 horam
3264 1405 3378 1461 diei
3401 1405 3638 1461 tertiam
3660 1422 3785 1476 per-

2129 1496 2379 1564 sisteret,
2413 1495 2568 1552 illico
2599 1513 2736 1551 cum
2768 1496 3057 1551 immenso
3084 1493 3307 1550 lumine
3337 1495 3481 1550 odor
3510 1492 3786 1549 suavissi-

2131 1603 2264 1641 mus
2296 1585 2614 1641 astantium
2646 1602 2749 1640 ora
2778 1584 3045 1656 perculit,
3069 1584 3150 1639 ita
3178 1587 3240 1639 ut
3267 1583 3360 1637 vix
3388 1587 3631 1656 possent
3651 1582 3788 1637 sub-

2131 1674 2334 1730 sistere
2366 1692 2480 1747 prae
2511 1673 2753 1741 lumine,
2782 1673 2916 1729 licet
2945 1676 3141 1729 essent
3185 1671 3429 1744 vigorati
3481 1671 3785 1727 balsameo

2131 1768 2460 1819 aromatum
2491 1762 2831 1835 spiramine.
2865 1763 3130 1834 Namque
3158 1778 3266 1817 vox
3289 1777 3425 1816 cum
3456 1777 3670 1833 magno
3701 1759 3788 1814 lu-

2130 1852 2289 1908 mine
2320 1853 2495 1908 etiam
2527 1852 2712 1908 fertur
2739 1850 3134 1919 descendisse,
3168 1868 3297 1922 quae
3329 1850 3473 1905 dum
3505 1849 3786 1904 omnibus

2129 1946 2408 1999 terrorem
2436 1941 2654 2009 intulit,
2686 1939 2884 1996 minus
2916 1939 3020 1994 ulli
3052 1956 3113 1996 se
3142 1937 3595 2012 cognoscibilem
3646 1954 3789 2010 pra:-

2130 2030 2276 2097 buit,
2313 2029 2413 2085 sed
2436 2028 2577 2101 quid
2599 2029 2756 2084 aliud
2778 2028 3006 2084 videtur
3025 2028 3271 2096 edicere,
3296 2044 3472 2100 quam
3497 2026 3653 2098 quod
3677 2026 3787 2080 fer-

2129 2124 2228 2174 tur
2256 2118 2526 2191 proloqui
2579 2118 2793 2190 cuique
2839 2122 3053 2173 sanctae
3099 2116 3348 2173 animm?
3394 2116 3529 2171 Inﬁt
3574 2114 3785 2171 enim:

2132 2209 2338 2281 Surge,
2371 2224 2638 2280 propera,
2671 2206 2862 2262 amica
2882 2223 3032 2274 mea,
3057 2205 3332 2262 columba
3350 2221 3501 2273 mea,
3525 2204 3790 2260 formosa

2132 2313 2265 2352 mea
2293 2302 2350 2351 et
2378 2295 2527 2351 veni.
2559 2295 2760 2351 Amica
2777 2294 3047 2351 videlicet
3076 2312 3179 2368 per
3195 2309 3477 2360 amorem,
3511 2291 3789 2348 columba

2134 2403 2237 2458 per
2265 2384 2722 2457 simplicitatem,
2757 2385 3015 2441 formosa
3043 2401 3146 2455 per
3175 2397 3407 2438 morum
3452 2379 3788 2453 pulchritu-

2131 2474 2349 2543 dinem,
2382 2477 2492 2530 etc.

2202 2566 2256 2619 3.
2290 2563 2392 2619 His
2436 2568 2493 2618 et
2543 2561 2672 2618 aliis
2722 2561 3130 2635 hujuscemodi
3180 2565 3381 2616 sancta
3420 2564 3601 2630 atque
3660 2558 3791 2614 felix

2134 2652 2332 2708 anima
2361 2651 2664 2708 dulcorata
2684 2651 3075 2708 solaminibus
3094 2667 3196 2706 VIII
3218 2648 3505 2704 Kalendas
3528 2648 3793 2718 Septem-

2133 2742 2255 2798 bris
2284 2741 2359 2813 (3)
2391 2740 2677 2813 migrasse
2707 2740 2966 2796 creditur
2995 2740 3067 2795 ad
3099 2737 3435 2803 Dominum,
3462 2734 3566 2809 qui
3595 2741 3687 2792 est
3707 2753 3791 2791 so-

2134 2830 2227 2886 lus
2258 2830 2383 2887 sine
2415 2828 2699 2903 principio
2748 2845 3001 2901 regnans
3050 2828 3109 2882 in
3154 2826 3376 2883 unitate
3428 2830 3485 2880 et
3529 2823 3791 2880 trinitate

2135 2920 2389 2992 perfecta
2420 2918 2574 2974 Deus
2603 2934 2759 2973 nunc
2790 2921 2847 2971 et
2876 2932 3108 2986 semper
3138 2920 3195 2970 et
3225 2915 3285 2968 in
3317 2914 3515 2969 omnia
3545 2913 3789 2970 saeculo-

2135 3024 2267 3062 rum
2299 3006 2530 3063 saecula.
2567 3004 2681 3077 Ipsi
2712 3003 2917 3077 gloria,
2950 3003 3081 3058 laus
3112 3006 3168 3056 et
3188 3001 3486 3072 jubilatio,
3520 3002 3710 3058 honor
3738 3009 3793 3057 et

2133 3095 2450 3168 imperium
2482 3111 2586 3167 per
2612 3092 2811 3149 omnia
2842 3091 3060 3148 saecula
3089 3091 3462 3149 saeculorum.
3496 3094 3702 3148 Amen.

2138 3302 2292 3359 ctino
2324 3306 2381 3358 et
2408 3300 2705 3357 Gallieano
2732 3315 2835 3355 VIII
2855 3296 3099 3354 Kalend.
3125 3297 3445 3370 Septemb.,
3463 3297 3699 3370 tametsi
3723 3298 3793 3352 ob

375 3360 540 3441 δέξατο
573 3345 730 3402 fonte
755 3346 944 3440 le‘fata
974 3355 1119 3441 ξεί-ἣ
1149 3352 1212 3407 Βο
1235 3352 1420 3441 Eligit)
1443 3354 1542 3441 {Ini
1567 3372 1717 3411 anno
1748 3355 1902 3441 ςξνςθ
2056 3345 2100 3412 C
2772 3345 3282 3441 .ejusuovl‘liciumra
3329 3345 3631 3425 canonicis
3681 3371 3792 3423 Au-

376 3425 446 3508 ad
468 3442 723 3508 superos
754 3428 1045 3501 migravit.
1070 3432 1427 3488 Memoratur
1447 3434 1831 3508 Hunegundis
1852 3437 1909 3492 in
1934 3439 2030 3493 ad-

374 3505 698 3564 ditionibus
720 3508 791 3563 ad
819 3508 1152 3566 Usuardum
1178 3517 1236 3568 et
1253 3511 1313 3567 in
1337 3505 1768 3589 martyrologiis
1793 3518 2030 3573 Benedi-

2180 3451 2322 3502 ustze
2355 3443 2898 3500 Veromanduorum
2930 3442 2989 3496 in
3022 3441 3178 3497 diem
3225 3445 3570 3512 sequentem
3604 3446 3792 3495 trans-

2162 3522 2341 3574 'ertur.

1134 3748 2029 3880 BEBNEBI
2115 3748 3009 3879 ΑΒΕΔ-π·ιὸ

453 3979 598 4088 DE
660 3978 1537 4097 TRANSLATIONE
1606 3983 2173 4100 CORPORIS
2240 3984 2335 4100 S.
2409 3980 3147 4096 HUNEGUNDIS
3211 3978 3730 4093 VIRGINIS

1630 4186 1854 4260 APUD
1905 4184 2531 4260 VIBOMANDUOS
2964 4278 2969 4285 _

1176 4336 1362 4408 (Apud
1398 4335 1617 4393 Mabill.
1650 4337 1793 4393 Acta
1820 4336 1924 4393 SS.
1958 4337 2084 4392 0rd.
2117 4335 2179 4391 S.
2215 4335 2453 4402 Bened.,
2488 4334 2630 4390 Szec.
2664 4332 2733 4401 V,
2765 4350 2823 4405 p.
2854 4334 3005 4405 213.)

1870 4493 2269 4507 ——-——-—-

1359 4605 2284 4694 OBSERVATIONES
2342 4606 2819 4692 PR/EVI/E

448 4780 499 4833 1.
515 4780 739 4855 Sanctae
753 4781 1136 4855 Hunegundis
1147 4782 1391 4855 virginis
1402 4787 1458 4838 et
1471 4783 1935 4839 sanctimonialis
1957 4782 2419 4840 Humolariensis
2431 4782 2623 4855 Vitam
2636 4779 3081 4855 exhibuimusin
3105 4778 3327 4855 _Saaeulo
3342 4778 3793 4855 IIZBenedietino,

371 4865 621 4926 eamque
650 4852 900 4926 Bernero
926 4850 1142 4926 abbati
1162 4850 1383 4910 auctori
1413 4855 1754 4910 tribuimus.
1790 4856 1851 4910 Id
1881 4872 2015 4911 vero
2048 4858 2276 4910 constat
2303 4870 2372 4909 ex
2401 4854 2667 4926 subjecta
2689 4850 3378 4926 translationishistoria,
3412 4866 3595 4926 quam
3621 4850 3798 4904 unius

373 4920 756 5005 ejusdemque
785 4924 1089 5005 scriptoris
1119 4925 1304 5005 fetum
1333 4941 1465 5005 esse
1493 4926 1899 5005 demonstrant
1930 4926 2051 5005 haec
2070 4927 2247 5005 verba
2266 4942 2429 5005 num.
2453 4926 2487 4979 9
2509 4920 2580 5005 ξε(
2601 4923 3052 5005 nilis-praemissis
3074 4924 3143 5004 de
3165 4922 3283 5003 vita
3297 4926 3357 5002 et
3378 4920 3613 5005 actibus
3632 4936 3796 5005 saepe

374 4992 540 5048 dictas
568 4992 835 5118 gloriosas
867 4992 1129 5068 virginis,
1163 5000 1357 5051 ratum
1385 4996 1663 5052 duximus
1672 5014 1883 5118 (pauca
1910 4997 2332 5053 subscribendo
2364 4996 2615 5052 describi
2647 4992 3063 5051 miraculorum
3094 4992 3369 5066 insignia.
3406 5013 3432 5041 ››
3464 4993 3645 5063 Atqui
3672 4993 3798 5046 Ber-

374 5080 552 5118 nerus
606 5065 1024 5118 ranslationem
1056 5064 1267 5118 litteris
1297 5068 1616 5118 mandavit.
1650 5067 1666 5118 i
1713 5086 1826 5118 aue
1857 5074 2218 5118 contestatur
2245 5070 2587 5118 Anonvmus
2616 5067 2678 5118 in
2709 5066 3088 5118 subseauenti
3120 5063 3316 5118 libello
3348 5063 3427 5117 De
3470 5063 3797 5118 mutatione

374 5080 552 5120 nerus
574 5063 1024 5141 trapslationein
1056 5064 1267 5141 litteris
1297 5068 1616 5141 mandavit,
1650 5063 1826 5141 idque
1857 5074 2218 5141 contestatur
2245 5070 2587 5141 Anonymus
2616 5067 2678 5122 in
2709 5066 3088 5141 subsequenti
3120 5063 3316 5141 libello
3348 5063 3797 5141 De__mutatione

373 5135 633 5211 corporis
663 5136 723 5211 S._
757 5136 1141 5211 Hunegundis
1175 5153 1255 5211 :_«
1286 5134 1867 5211 Cujusiinventionis,
1900 5140 2094 5211 inquit
2115 5156 2279 5194 num.
2312 5144 2366 5211 2,
2403 5134 2628 5211 necnon
2659 5142 2716 5194 et
2764 5134 3167 5211 translationis
3197 5134 3679 5211 descriptionem,
3712 5135 3793 5189 si-

373 5205 616 5277 mulque
645 5205 1065 5291 miraculorum
1096 5205 1385 5291 insignia;
1405 5209 1549 5264 inibi
1581 5205 1861 5291 divinitus
1908 5205 2216 5291 declarata,
2249 5205 2578 5291 volentibus
2623 5222 2958 5291 agnﬁos‘cere,
2999 5206 3165 5291 claro.
3190 5206 3336 5286 stle
3386 5205 3797 5291 locnlentoque

371 5292 640 5353 sermone
671 5279 900 5353 studuit
926 5277 1267 5353 elucubrare
1296 5281 1403 5352 piae
1434 5282 1727 5336 memoriae
1758 5283 2011 5337 domnus
2037 5283 2217 5337 abbas
2251 5283 2555 5347 Bernerus,
2580 5277 2691 5353 qui
2714 5283 2828 5353 Deo
2859 5282 3226 5353 disponente,
3251 5277 3479 5353 primus
3512 5277 3800 5353 successit

371 5347 596 5435 locello,
632 5369 660 5397 »
692 5354 804 5435 etc.
840 5350 908 5435 E't
932 5366 1072 5435 sane
1101 5349 1265 5431 idem
1278 5347 1599 5435 utrobique
1627 5353 1815 5435 stylus
1848 5371 1913 5409 ac
1945 5354 2172 5435 genius,
2209 5354 2319 5408 nisi
2353 5354 2514 5435 quod
2539 5347 2615 5407 in'
2631 5347 3013 5435 translatione
3032 5368 3099 5435 ac
3122 5347 3610 5435 miraculis,‘quce
3633 5349 3797 5435 testis

372 5418 599 5498 auritus
630 5424 732 5498 aut
762 5419 1029 5498 oculatus
1061 5421 1314 5498 scripsit,
1340 5418 1551 5498 certior
1573 5428 1662 5498 est
1682 5418 1811 5498 ejus
1831 5418 2147 5498 auctoritas
2162 5418 2346 5496 quam
2370 5418 2429 5479 in
2450 5425 2583 5479 Vita
2603 5423 3027 5498 quaatrecentis
3041 5421 3121 5498 _ab
3141 5418 3507 5498 Hunegunde
3530 5420 3798 5498 annis

371 5488 689 5569 eo_scripta
719 5488 1196 5569 es_t.A_Ant_equam‘
1221 5488 1391 5565 plura
1409 5494 1479 5569 de
1512 5488 1730 5569 eodem'
1748 5496 1995 5553 Bernero
2029 5488 2380 5565 scribamus,
2414 5488 2698 5552 nonnulla
2726 5495 2797 5550 de
2828 5495 2997 5550 Berta
3041 5488 3506 5548 Humolariensis
3532 5491 3800 5546 antistita

371 5562 575 5636 prima;
606 5562 1010 5636 translationis
1030 5562 1276 5620 auctore
1301 5564 1657 5636 przelibanda
1688 5572 1846 5621 sunt.

440 5634 497 5686 2.
524 5632 665 5707 _Fuit
690 5634 813 5691 hazc
842 5639 978 5707 post
1005 5636 1200 5691 mariti
1253 5631 1478 5707 obitum
1528 5637 1726 5693 Remis
1756 5660 1783 5689 »
1820 5638 1930 5693 sub
1983 5638 2332 5694 beatissima:
2383 5638 2482 5695 Dei
2533 5636 2842 5694 Genitricis
2886 5635 3091 5707 tutela,
3143 5637 3414 5707 suscepto
3447 5631 3739 5707 velamine
3770 5654 3797 5680 η

370 5701 618 5780 ngnino
642 5701 1007 5780 consecrata.
1042 5707 1104 5780 Id
1136 5707 1194 5763 in
1228 5707 1295 5780 S._
1312 5706 1461 5780 Petri
1483 5709 1847 5780 parthenone
1869 5710 2087 5765 factum
2112 5710 2315 5765 scribit
2339 5710 2625 5767 recentior
2648 5701 3111 5780 Humolariensis
3132 5701 3478 5780 monachus,
3515 5702 3616 5774 qui
3644 5718 3799 5757 anno

376 5776 510 5832 1681
547 5776 606 5834 S.
641 5777 1026 5853 Hunegundis
1042 5779 1236 5836 Vitam
1266 5774 1788 5837 Gallico—idiomate
1819 5781 2209 5837 concinnavit.
2246 5782 2384 5838 Inde
2414 5783 2684 5837 eductam
2707 5781 2903 5836 ferunt
2926 5780 2999 5835 ad
3032 5774 3572 5834 Humolariensium
3592 5790 3801 5831 mona-
