3910 6430
315 534 459 603 9:63
1376 536 1717 602 BERNERI
1761 522 2095 597 ABBA’I‘IS
2138 510 2802 599 HUMOLAPJENSIS.
3760 536 3853 592 ea

379 672 678 739 duximus,
697 677 993 744 quatenus
1013 672 1357 731 lucidiorem
1380 674 1697 730 reddamus
1718 669 1898 742 hujus
1929 668 2027 725 de-
2056 668 2114 736 Α
2143 668 2388 724 rationis
2419 685 2601 725 causa
2622 669 2976 726 temeritatis
3010 668 3307 726 maculam
3342 668 3533 726 diluat
3558 686 3571 735 ;
3609 668 3854 732 ﬁnitus

379 759 718 832 scriptionis
740 765 984 828 textum,
1004 764 1070 817 ut
1091 762 1273 834 hujus
1290 762 1463 818 ofﬁcii
1498 759 1739 817 nomina
1761 770 2032 828 persona-
2142 773 2431 814 annorum
2463 775 2747 815 numerus
2781 758 3004 832 aliquid
3039 760 3212 816 nobis
3234 759 3296 814 in
3327 759 3534 814 eodem
3568 773 3855 813 numero

381 865 535 918 rum,
555 866 765 906 causas
787 868 1004 918 rerum,
1020 868 1309 907 annorum
1332 866 1643 906 numerum
1662 845 1840 903 simul
1852 846 2029 901 etiam
2144 847 2458 919 mysticum
2481 847 2710 915 innuat,
2734 852 3068 921 temporum
3091 864 3327 922 quoque
3357 847 3542 904 series
3563 847 3857 902 miractr

383 939 594 994 seriem
610 944 941 1012 temporum
958 940 1326 1009 intimemus,
1350 941 1550 1011 sicque
1570 940 1657 1005 ﬁt,
1674 941 1743 992 ut
1764 951 2032 1008 persona-
2144 934 2336 990 lorum
2366 934 2615 1008 gloriam
2647 941 2879 1011 augeat.

385 1043 516 1084 rum
547 1029 803 1101 gravitas
840 1028 1093 1085 levitatis
1141 1034 1338 1085 notam
1389 1028 1648 1099 abjiciat,
1690 1024 2035 1082 certissimae

1561 1272 1931 1367 INCIPIT
1996 1270 2631 1366 TRANSLATIO

457 1459 512 1512 2.
527 1455 864 1528 Eratigitur
882 1457 1151 1529 quaedam
1166 1450 2044 1512 sanctimonialisfeminaBerta
2070 1449 2119 1515 B
2151 1447 2371 1519 retulit,
2406 1452 2506 1524 qui
2538 1451 2590 1509 ei
2622 1452 2914 1510 concessit
2933 1453 3090 1526 quod
3119 1470 3256 1511 eum
3294 1457 3459 1510 tanta
3487 1454 3679 1513 animi
3715 1469 3836 1509 an-

390 1545 646 1613 nominc,
672 1562 801 1618 qua:
820 1545 880 1601 in
900 1546 1211 1617 juventute
1234 1563 1344 1601 sua
1362 1544 1726 1618 parentibus,
1750 1545 1817 1596 ut
1842 1540 2038 1595 ferunt
2146 1538 2359 1595 xietate
2378 1540 2505 1611 jam
2546 1542 2646 1597 diu
2687 1542 3104 1615 postulaverat.
3136 1543 3266 1599 Ibat
3313 1543 3514 1614 itaque
3553 1540 3836 1598 multum

388 1634 732 1707 cogentibus
753 1650 886 1689 cum
920 1635 1043 1690 viro
1084 1636 1286 1706 juncta
1315 1634 1524 1690 fuerat.
1542 1634 1664 1698 Quo
1685 1631 1759 1686 ab
1780 1629 1888 1684 hac
1908 1627 2038 1683 luce
2147 1626 2355 1683 hilaris
2374 1634 2432 1683 et
2464 1630 2643 1687 nimis
2663 1630 2986 1701 exsultans,
3011 1636 3069 1689 et
3090 1632 3259 1704 quasi
3284 1633 3543 1704 quadam
3567 1632 3838 1687 immen-

388 1723 689 1779 suhtracto
721 1723 930 1780 statuit
958 1724 1019 1778 in
1040 1725 1213 1778 corde
1244 1740 1352 1778 suo
1375 1739 1490 1777 non
1516 1719 1773 1792 amplius
1806 1714 2037 1773 mortali
2148 1717 2320 1772 sitate
2341 1717 2555 1774 lmtitiae
2587 1720 2886 1793 absorpta,
2911 1722 3095 1778 totius
3116 1720 3345 1776 consilii
3376 1721 3669 1793 gravitate
3689 1738 3842 1793 pro—

387 1812 602 1867 servire
627 1811 861 1867 marito.
894 1812 1041 1867 Nam
1074 1811 1279 1867 multis
1298 1810 1593 1867 nobilibus
1624 1814 1682 1864 et
1729 1804 2039 1862 ditissimis
2149 1806 2360 1877 posita,
2394 1808 2631 1880 superni
2690 1810 2844 1882 regis
2892 1809 3265 1865 eetcrnalibus
3314 1811 3683 1866 ornamentis
3719 1828 3836 1883 pe-

386 1900 527 1955 viris
548 1902 615 1955 ad
643 1903 768 1972 ejus
791 1900 1127 1973 conjugium
1145 1900 1580 1967 anhelantibus,
1599 1896 1693 1952 vix
1713 1897 2037 1952 amicorum
2149 1894 2408 1950 renniter
2434 1896 2805 1953 inserendam
2828 1898 3028 1955 subito
3058 1898 3248 1956 levare
3267 1897 3625 1954 moliebatur
3645 1898 3835 1953 caele-

388 1988 664 2045 manibus
694 1987 913 2061 elapsa,
945 1989 1005 2044 in
1036 1989 1241 2044 urbem
1266 1989 1581 2045 Remorum
1596 1988 1665 2042 ad
1686 1984 2039 2041 beatissima:
2150 1988 2300 2039 stem
2332 1986 2734 2057 margaritam.
2760 1987 2871 2042 Sed
2903 1987 3093 2042 adfuit
3125 1988 3303 2042 divini
3337 1987 3649 2060 dispositio
3670 2004 3833 2043 con-

388 2076 491 2133 Dei
517 2076 819 2149 genitricis
863 2082 921 2133 ct
967 2095 1197 2149 semper
1255 2078 1497 2149 virginis
1552 2075 1747 2131 Maria
1796 2071 2038 2127 tutelam
2150 2073 2286 2141 silii,
2322 2090 2449 2145 quae
2481 2075 2635 2130 circa
2676 2076 2827 2131 beati
2869 2077 3129 2148 corporis
3168 2077 3411 2150 pignora
3460 2077 3690 2150 aliquid
3730 2078 3830 2132 in-

389 2165 753 2237 confugiens,
777 2165 986 2238 capitis
1005 2166 1268 2221 velamen
1293 2168 1366 2237 (4)
1397 2167 1603 2221 devota
1629 2162 1905 2234 suscepit.
1934 2159 2040 2214 Cui
2148 2162 2516 2219 considerate
2536 2164 2623 2219 vel
2646 2164 2848 2220 leviter
2868 2182 2983 2221 non
2998 2183 3128 2222 esse
3149 2167 3439 2239 agendum
3463 2166 3827 2222 declaravit.

391 2254 768 2327 postmodum
809 2254 926 2309 Deo
969 2255 1316 2325 disponente
1355 2254 1598 2327 contigit
1626 2253 1764 2308 huic
1791 2265 2041 2324 prmesse
2151 2252 2297 2307 Nam
2328 2268 2462 2308 mox
2493 2255 2745 2323 advenit,
2786 2272 2901 2310 non
2950 2271 3113 2324 casu,
3164 2257 3264 2312 sed
3304 2256 3405 2311 Dei
3438 2256 3831 2329 providentia

352 2358 357 2367 λ
390 2340 539 2410 loco,
568 2341 667 2397 ubi
680 2342 899 2398 nostris
919 2344 1282 2415 temporibus
1304 2344 1531 2399 cunctis
1552 2340 1895 2398 imitabilem
1910 2339 2040 2395 diu-
2149 2342 2515 2397 venerandus
2543 2344 2849 2416 presbyter
2876 2344 3033 2411 Giso,
3086 2348 3423 2400 sanctorum
3473 2349 3828 2418 martyrum

391 2430 512 2487 tius
542 2430 766 2503 peregit
783 2430 985 2487 vitam.
1016 2433 1149 2488 Fuit
1178 2450 1433 2505 namque
1454 2434 1615 2487 mira:
1648 2430 2038 2495 abstinentiae,
2150 2430 2413 2495 Quintini
2446 2435 2502 2486 et
2531 2431 2804 2487 Victorici
2838 2433 3146 2505 pignorum
3177 2437 3375 2488 custos
3402 2434 3682 2501 idoneus,
3714 2435 3827 2506 qui

390 2518 646 2576 victricis
701 2521 1014 2592 patientiae,
1061 2522 1311 2577 amatrix
1369 2521 1767 2595 paupertatis,
1825 2520 2041 2574 devotae
2143 2518 2271 2590 jam
2318 2519 2485 2575 dictae
2530 2521 2973 2593 przecipitationi
3022 2521 3117 2576 vix
3166 2522 3340 2578 ﬁnem
3390 2522 3714 2594 imposuit,
3767 2528 3829 2578 et

392 2608 768 2676 humilitatis,
793 2609 1205 2665 misericordiae
1236 2611 1510 2683 operibus
1540 2610 1754 2676 dedita,
1773 2607 2039 2680 jejuniis,
2151 2625 2353 2664 eorum
2380 2608 3629 2683 moliminavehementissimaincrepatione
3652 2628 3823 2667 coer-

390 2696 607 2769 vigiliis
626 2701 683 2752 et
714 2697 1079 2753 orationibus
1110 2699 1521 2755 convenienter
1542 2700 1792 2754 intenta:
1816 2713 2044 2752 verum-
2151 2698 2293 2765 cuit,
2322 2698 2470 2767 Non,
2494 2699 2787 2770 inquiens,
2811 2699 3453 2767 rationabilevidemur,
3477 2704 3546 2755 ut
3564 2700 3703 2756 sine
3721 2718 3825 2756 au-

393 2786 570 2842 etiam
597 2787 882 2859 quasdam
908 2787 1694 2861 sanctimoniales,qua3inibi
1708 2804 1811 2859 per
1832 2787 2045 2841 misera

393 2875 644 2932 carnalis
657 2873 929 2932 desiderii
950 2876 1237 2933 lenocinia
1256 2877 1596 2950 turpissime
1606 2876 2041 2940 volutabantur,

395 2962 615 3018 crebris
642 2964 1148 3021 exhortationibus
1188 2966 1258 3020 ad
1311 2967 1401 3020 sui
1449 2966 1835 3021 imitationem
1874 2965 2045 3036 juxta

395 3051 1852 3126 monitaApostoli,arguendo,obsecrando,necnon
1865 3054 2044 3109 etiam

2151 2787 2420 2843 ctoritate
2476 2792 2535 2844 et
2581 2805 2870 2844 consensu
2921 2788 3101 2859 hujus
3151 2789 3458 2843 diaaceseos
3508 2789 3820 2861 pontiﬁcis

2153 2876 2328 2931 levari
2367 2875 2576 2931 debeat
2612 2893 2825 2949 corpus
2866 2880 2989 2934 tam
3030 2876 3384 2933 beatissima:
3403 2876 3695 2949 virginis:
3730 2879 3820 2932 vi-

2153 2965 2364 3021 delicet
2411 2982 2483 3020 ne
2521 2982 2649 3037 quas
2682 2965 2867 3021 multo
2887 2966 3015 3037 jam
3048 2970 3310 3037 tempore
3338 2966 3496 3021 fama
3517 2966 3815 3021 virtutum

2154 3054 2325 3126 longe
2353 3053 2584 3125 lateque
2611 3052 2883 3126 plurimis
2922 3053 3081 3109 clara
3109 3054 3399 3119 extiterat,
3431 3053 3614 3126 hujus
3644 3056 3815 3110 subi-

396 3140 772 3212 inorepando,
805 3142 1101 3199 continere
1148 3143 1448 3199 invitabat.
1484 3144 1595 3201 Sed
1629 3144 1782 3200 sicut
1811 3158 2042 3215 semper
2081 3138 2124 3206 C
2155 3148 2302 3199 tana:
2333 3159 2400 3198 ac
2429 3142 2586 3199 velut
2616 3144 2840 3198 furtiva:
2892 3141 3299 3199 translationis
3329 3143 3515 3216 elogio
3544 3143 3811 3200 vilescat.

397 3230 692 3285 contraria
714 3248 842 3287 esse
862 3231 1009 3288 solet
1024 3232 1146 3288 vita
1156 3234 1458 3305 justorum
1482 3233 1746 3289 moribus
1778 3233 2047 3305 reprobo-

398 3334 553 3386 rum,
587 3319 785 3391 gravia
812 3320 896 3377 eis
927 3322 1081 3377 facta
1107 3327 1197 3378 est
1224 3321 1400 3379 etiam
1423 3323 1494 3379 ad
1515 3324 1854 3378 videndum.
1885 3321 2046 3377 Unde

396 3422 502 3481 per
524 3408 714 3464 multa
740 3412 1053 3483 opprobria
1071 3416 1127 3468 et
1156 3412 1466 3469 maledicta
1496 3416 1671 3485 atque
1693 3411 2043 3468 insidiarum

390 3497 594 3569 jacula
621 3515 748 3572 quae
779 3500 831 3556 ei
867 3500 1242 3568 intorserant,
1267 3502 1406 3574 quia
1441 3519 1638 3558 amore
1658 3500 2043 3557 sanctissima:

396 3586 639 3660 virginis
670 3589 1053 3663 Hunegundis
1083 3592 1192 3647 hoc
1222 3592 1280 3646 in
1315 3592 1519 3647 eodem
1547 3592 1672 3647 loco
1700 3590 1947 3646 detineri
1970 3589 2047 3643 vi-

396 3676 664 3745 debatur,
697 3678 767 3734 de
816 3681 945 3751 ejus
991 3681 1139 3736 sacri
1188 3682 1447 3755 corporis
1477 3682 1744 3737 absentia
1774 3680 2041 3751 quaedam

398 3781 554 3820 ausa:
585 3771 724 3822 sunt
746 3771 1130 3825 commentari
1154 3771 1453 3844 ﬁgmenta.
1478 3770 1666 3841 Hujus
1686 3786 1942 3841 namque
1964 3768 2043 3824 rei

397 3853 586 3926 gratia
605 3857 1181 3929 rcquircndumtanti
1199 3860 1458 3931 corporis
1471 3859 1913 3915 sanctissimum
1928 3858 2047 3913 the-

398 3960 641 4000 saurum
674 3946 861 4002 ﬁdelis
892 3948 1136 4003 intentio
1167 3955 1532 4020 provocatur,
1556 3948 1755 4004 dicens
1785 3948 1895 4002 sibi
1928 3964 2045 4003 non

386 4047 529 4087 eam
561 4032 638 4087 ibi
670 4040 1067 4106 opportunum
1089 4053 1217 4092 esse
1237 4037 1490 4111 amplius
1512 4054 1768 4105 manere,
1803 4038 1847 4093 si
1882 4037 2047 4092 locus

400 4120 586 4176 isdem
618 4121 923 4180 fraudatus
944 4129 1100 4181 esset
1125 4130 1247 4180 tam
1288 4131 1491 4182 sancta
1522 4130 1580 4182 et
1623 4125 2049 4199 gloribsissima

401 4214 609 4266 matre.

470 4300 524 4353 3.
547 4299 727 4373 igitur
741 4319 895 4358 anno
928 4303 1349 4361 Incarnationis
1379 4306 1694 4361 Dominica:
1726 4309 2045 4377 nongentc-

397 4387 548 4446 simo
570 4391 1019 4465 quadragesimo
1034 4394 1512 4462 sexto,Ludovico
1533 4394 2046 4466 regnante,quinto

400 4478 493 4533 die
511 4478 698 4552 pridie
728 4480 1027 4537 Nonarum
1054 4481 1340 4550 Octobris,
1364 4486 1499 4554 post
1517 4480 1773 4554 plurima
1793 4483 2045 4552 jejunia,
2078 4506 2127 4571 D
2160 4496 2348 4552 neque
2396 4484 2719 4536 sementem
2772 4478 2886 4534 nisi
2936 4495 3072 4533 cum
3125 4478 3530 4551 desperalione
3563 4480 3707 4550 jacta

400 4572 534 4623 nost
551 4568 786 4623 crebras
804 4568 1196 4623 vigiliasnost
1213 4571 1435 4623 multas
1465 4570 2047 4623 lacrvmas.eamdem
2159 4569 2372 4623 Eadem
2393 4584 2527 4623 vero
2546 4568 2691 4623 hora
2710 4568 3032 4623 eodemque
3044 4573 3360 4623 momento.
3386 4573 3451 4622 ut
3468 4567 3707 4623 oncrcul

2206 4583 2372 4623 adem
2393 4584 2527 4623 vero
2548 4583 2691 4623 nora
2710 4583 3032 4640 aedemque
3044 4583 3360 4635 momento,
3386 4583 3451 4622 ιη
3468 4583 3804 4640 operculum

399 4572 534 4640 post
551 4568 786 4625 crebras
804 4568 1196 4644 vigilias,post
1213 4571 1435 4627 multas
1465 4570 2047 4644 lacrymas,eamdem

397 4660 628 4712 noctem
660 4673 795 4713 cum
827 4657 920 4715 his
939 4659 1216 4714 omnibus
1243 4659 1498 4730 quosvel
1520 4676 1668 4732 quas
1698 4660 1769 4715 ad
1792 4658 1901 4714 hoc
1925 4676 2051 4732 pro-

398 4759 604 4800 vocare
633 4745 843 4817 potuit,
873 4746 1203 4803 insomnem
1243 4749 1464 4803 ducens
1496 4764 1598 4820 per
1622 4749 1829 4805 uberes
1859 4753 1917 4803 et
1938 4747 2046 4802 im-

399 4848 637 4889 mensos
667 4834 1059 4908 lacrymarum
1091 4834 1332 4903 imbres,
1367 4835 1785 4908 omnipotentis
1815 4837 2045 4892 Domini

399 4920 771 4978 clementiam
804 4922 1107 4979 humiliter
1137 4924 1486 4995 imploravit,
1521 4929 1587 4979 ut
1615 4926 1664 4981 ei
1697 4930 1911 4981 sanctae
1932 4926 2046 4981 vir-

400 5008 555 5080 ginis
566 5027 686 5065 sua:
699 5010 1163 5067 sacratissimum
1181 5028 1393 5085 corpus
1405 5012 1658 5069 revelare
1685 5013 2043 5088 dignaretur,

400 5096 669 5168 factoque
707 5116 880 5154 mane
928 5104 1061 5171 post
1096 5106 1329 5172 peracta
1370 5101 1685 5158 missarum
1738 5104 2043 5172 solemnia,

400 5184 591 5239 ﬁdelis
616 5201 681 5240 ac
712 5187 827 5242 Deo
850 5188 1054 5244 devota
1074 5189 1312 5257 femina,
1338 5192 1653 5263 pretiosam
1674 5192 1826 5249 sacri
1843 5210 2045 5266 corpo-

403 5272 485 5328 ris
514 5288 787 5343 gemnam
803 5276 1064 5332 studiose
1078 5278 1415 5349 quaesitura,
1438 5280 1737 5337 sarculum
1758 5282 2005 5355 arripuit
2029 5300 2041 5338 :

403 5360 739 5435 factumque
767 5368 857 5419 est
896 5369 1189 5420 annuente
1235 5367 1659 5439 omnipotentia
1700 5370 2042 5439 divinitatis,

402 5466 531 5522 qua:
553 5467 615 5507 se
634 5450 695 5506 in
710 5451 953 5508 veritate
973 5453 1306 5523 petentibus
1322 5455 1468 5510 nihil
1493 5474 1703 5530 negare
1724 5461 2042 5529 consuevit,

401 5543 467 5595 ut
496 5541 652 5613 quod
683 5539 936 5597 fideliter
956 5542 1270 5613 quaerebat,
1298 5542 1543 5601 feliciter
1563 5546 1867 5604 inveniret.
1893 5550 2046 5604 Laeta

399 5630 693 5703 siquidem
724 5634 782 5687 et
811 5630 1095 5704 gaudens,
1124 5632 1510 5703 omnipotenti
1549 5635 1796 5692 Domino
1826 5638 2045 5711 gratias

468 5755 864 5844 μὴ’-γάμοι),
882 5756 1041 5844 istud
1062 5755 1280 5844 caelibis
1298 5756 1429 5844 Vit?
1461 5762 1802 5844 peragendae
1826 5767 2045 5844 tessera

398 5827 533 5890 fuit.
552 5828 646 5889 Sic
673 5829 867 5889 Gundi
906 5828 1125 5887 femina
1167 5836 1309 5886 veste
1343 5838 1397 5886 et
1424 5827 1695 5891 velamine
1721 5843 1921 5891 sancta:
1949 5836 2047 5893 Dei

2155 3230 2280 3287 Tali
2303 3248 2435 3288 vero
2465 3232 2668 3287 ordine
2706 3248 2907 3287 eorum
2952 3231 3184 3287 nisibus
3231 3231 3552 3288 terminum
3587 3235 3811 3304 posuit,

2154 3325 2330 3392 atque
2360 3337 2462 3395 per
2491 3321 2733 3392 triginta
2771 3325 2830 3376 et
2886 3321 3035 3376 duos
3083 3320 3208 3377 dies
3248 3321 3333 3377 ita
3358 3325 3632 3394 apertum
3662 3323 3813 3377 scri-

2154 3409 2319 3464 nium
2352 3410 2411 3464 in
2435 3426 2550 3481 quo
2577 3409 2987 3465 beatissimum
3012 3426 3226 3482 corpus
3238 3410 3495 3481 jacebat,
3518 3411 3809 3465 intactum

2153 3500 2548 3567 observantes,
2601 3500 2902 3571 sacrisque
2946 3498 3163 3572 vigiliis
3193 3498 3285 3554 die
3316 3504 3614 3571 noctuque
3643 3499 3811 3555 incu-

2154 3589 2379 3656 bantes,
2404 3588 2659 3661 episcopi
2719 3589 3033 3644 adventum
3092 3588 3410 3660 praestolati
3468 3594 3629 3645 sunt.
3686 3589 3809 3645 Non

2154 3679 2357 3751 utique
2380 3679 2505 3734 sine
2525 3695 2706 3733 causa
2726 3677 2877 3733 hanc
2892 3678 3233 3734 dilationem
3256 3680 3633 3750 omnipotens
3653 3678 3810 3734 Deus

2156 3768 2281 3823 ﬁeri
2309 3766 2512 3834 voluit,
2538 3768 2639 3822 sed
2673 3772 2739 3822 ut
2764 3783 2941 3838 quam
2973 3784 3168 3823 coram
3202 3766 3425 3839 angelis
3458 3768 3809 3839 cunctisque

2146 3857 2446 3929 justorum
2481 3856 2787 3928 spiritibus
2819 3857 2945 3928 jam
2987 3873 3122 3911 cum
3163 3856 3394 3911 Christo
3425 3857 3483 3912 in
3527 3856 3692 3913 caelis
3725 3874 3807 3910 re—

2156 3946 2474 4022 gnantibus
2506 3944 2941 4013 clariﬁcaverat,
2974 3962 3103 4000 eam
3126 3945 3300 3999 etiam
3334 3945 3393 3999 in
3425 3946 3602 4001 terris
3630 3944 3809 4000 homi-

2156 4037 2333 4090 nibus
2363 4034 2553 4090 adhuc
2583 4050 2758 4089 carne
2788 4032 3149 4105 corruptibili
3174 4039 3232 4088 et
3263 4040 3639 4105 peccatorum
3664 4033 3809 4088 mole

2156 4124 2411 4196 gravatis
2441 4122 2829 4179 venerabilem
2857 4123 3211 4195 designaret.

2227 4213 2280 4267 ἦ.
2315 4212 2452 4266 Erat
2472 4212 2729 4284 profecto
2761 4227 2865 4283 per
2891 4210 3047 4267 idem
3094 4215 3329 4284 tempus
3384 4216 3550 4266 tanta
3584 4212 3808 4285 pluvia-

2157 4318 2289 4356 rum
2329 4301 2657 4368 inundatio,
2692 4305 2758 4355 ut
2788 4316 2904 4372 pra:
2953 4300 3137 4356 nimia
3176 4317 3464 4371 aquarum
3528 4303 3807 4357 effusione

2157 4406 2527 4461 nequaquam
2556 4389 2817 4445 valerent
2853 4388 3236 4462 agricultores
3277 4394 3493 4444 terram
3532 4391 3807 4456 excolere,

2160 4496 2348 4552 neque
2396 4484 2719 4536 sementem
2772 4478 2886 4534 nisi
2936 4495 3072 4533 cum
3125 4478 3530 4551 desperalione
3563 4480 3805 4550 jactare.

2158 4658 2410 4713 levatum
2428 4662 2519 4713 est
2536 4657 2608 4713 de
2642 4656 3023 4730 sarcophago,
3050 4674 3179 4713 sese
3204 4674 3305 4729 per
3326 4657 3667 4725 fenestram,
3685 4673 3804 4729 qua

2158 4748 2274 4803 sita
2302 4751 2426 4802 erat
2450 4763 2620 4802 secus
2649 4744 2844 4801 locum
2874 4746 3063 4802 sancti
3095 4745 3367 4818 sepulcri,
3399 4746 3801 4818 splendidissi-

2160 4855 2291 4891 mus
2305 4836 2733 4891 infuditradius
2747 4835 3014 4907 solis,qui
3037 4834 3617 4891 mirabilitercffulsit
3634 4851 3803 4909 super

2157 4943 2369 4997 corpus
2400 4924 2753 4979 beatissimm
2772 4924 3045 4997 virginis:
3071 4924 3272 4996 sicque
3302 4923 3504 4996 fugata
3523 4925 3684 4979 omni
3709 4941 3802 4978 nu»

2157 5016 2320 5070 bium
2352 5014 2661 5081 densitate,
2696 5030 2832 5068 cum
2862 5017 3029 5069 tanta
3055 5012 3351 5069 celeritate
3382 5004 3558 5068 rediit
3589 5014 3799 5068 sereni-

2156 5110 2247 5159 tas
2278 5103 2450 5170 aeris,
2479 5119 2545 5156 ac
2577 5103 2625 5157 si
2658 5119 2762 5173 pro
2793 5119 3032 5175 corpore
3060 5102 3325 5157 almiﬁcze
3357 5102 3626 5173 virginis,
3660 5101 3800 5156 alius

2156 5192 2323 5266 quasi
2358 5190 2443 5247 sol
2478 5190 2615 5247 oriri
2645 5191 2939 5247 videretur
2966 5192 3026 5246 in
3055 5191 3264 5247 terris:
3298 5208 3362 5246 ac
3392 5189 3551 5246 velut
3582 5192 3670 5246 sol
3704 5190 3800 5246 iste

2154 5280 2401 5337 visibilis
2430 5279 2557 5355 suis
2585 5280 2826 5335 vocibus
2865 5279 3273 5352 proclamaret,
3316 5298 3377 5336 se
3408 5297 3523 5335 non
3558 5298 3731 5353 posse
3758 5280 3800 5334 ei

2156 5388 2270 5427 non
2302 5370 2640 5424 ministrare
2666 5368 3001 5426 instabilem
3033 5369 3224 5425 lucem
3256 5370 3315 5424 in
3345 5369 3538 5435 terris,
3575 5370 3669 5424 cui
3701 5375 3802 5425 sta

2156 5460 2351 5516 biliter
2381 5460 2440 5514 in
2479 5459 2641 5515 cmlis
2671 5459 2941 5531 splendet
2979 5458 3179 5517 lumen
3224 5460 3591 5515 mternitatis.
3625 5461 3800 5516 Tanta

2153 5550 2405 5622 denique
2448 5547 2711 5606 claritate
2760 5550 3033 5622 perfusus
3077 5555 3168 5605 est
3225 5550 3389 5606 locus
3446 5549 3799 5605 sanctissimi

2154 5639 2453 5712 corporis,
2506 5643 2572 5694 ut
2619 5640 2918 5695 incertum
2977 5639 3126 5695 foret
3179 5639 3551 5695 intuentibus
3612 5645 3799 5694 utrum

2152 5765 2442 5847 genetricis
2471 5763 2660 5847 ρίαζὴιξ
2684 5765 2899 5847 induta
2926 5764 3229 5847 dicitur
3263 5764 3477 5837 placito
3511 5765 3650 5820 anni
3680 5762 3797 5831 874,

2153 5834 2213 5893 in
2239 5835 2341 5892 lib.
2364 5853 2421 5892 v1
2454 5835 2526 5892 de
2555 5836 2637 5893 Re
2667 5834 3048 5907 diplomatica
3077 5835 3252 5894 edito:
