3910 6466
99 500 171 558 65
1078 506 1181 566 DE
1224 497 1833 573 TRANSLATIONE
1873 498 1936 559 S.
1984 498 2521 573 HUNEGUNDIS.
3424 504 3591 577 66:»

100 592 254 688 radio
312 624 454 692 solis
512 636 684 693 istius
749 624 1128 694 materialiter
1185 636 1451 709 fulgeret,
1513 652 1587 691 an
1645 633 1735 689 lu-
1758 633 1817 701 Α
1846 632 2112 701 adduxit,
2143 649 2325 705 seque
2353 634 2513 690 omni
2546 650 2700 690 anno
2732 635 2995 706 quandiu
3019 635 3313 693 adviveret
3340 655 3503 694 cum-

100 722 250 777 mine
306 723 513 780 divina:
572 723 876 782 claritatis.
935 727 1296 798 Factumque
1363 728 1453 781 est
1511 723 1740 780 cunctis

98 808 320 879 diebus,
363 812 579 883 quibus
629 814 711 869 ita
760 819 1016 871 reserato
1057 816 1248 887 jacuit
1292 813 1610 880 mausoleo,
1646 812 1739 884 pie

97 901 486 969 quaerentibus
516 903 948 975 conspicabilis,
973 907 1035 959 ut
1066 921 1369 984 nunquam
1391 903 1631 958 omnino
1650 918 1736 955 re-

96 988 320 1043 cederet
347 988 437 1045 vis
466 992 611 1045 tanti
649 991 910 1065 fulgOris.
946 993 1093 1048 Nam
1143 1012 1176 1049 a
1222 998 1451 1065 pectore
1503 996 1561 1047 et
1607 1007 1737 1046 sur-

96 1092 246 1142 sum,
269 1095 369 1149 pro
396 1080 664 1135 minutiis
685 1086 741 1136 et
762 1081 1035 1138 sordibus
1068 1083 1343 1154 pulveris,
1359 1080 1605 1137 nitentia
1624 1096 1739 1135 res-

94 1164 445 1234 plendebant
465 1170 756 1240 fragmina
786 1172 1266 1243 margaritarum;
1293 1176 1349 1227 et
1378 1170 1736 1243 quibusdam

94 1252 436 1311 clarissimis
456 1257 728 1313 scintillis
760 1259 1206 1332 erumpentibus
1227 1260 1637 1333 aspicientium
1657 1274 1739 1312 re-

91 1342 549 1400 verberabantur
578 1348 815 1403 obutus.
851 1350 996 1405 Cum
1039 1351 1242 1406 eodem
1287 1350 1465 1405 etiam
1515 1347 1738 1403 lumine

94 1436 253 1486 tanta
275 1450 514 1505 aspersa
539 1442 625 1490 est
650 1437 779 1491 miri
807 1438 1001 1494 odoris
1024 1439 1362 1511 fragrantia,
1380 1442 1443 1493 ut
1471 1436 1736 1493 omnium

91 1522 411 1577 astantium
462 1541 632 1580 nares
678 1525 957 1583 ineffabili
1010 1530 1294 1585 suavitate
1354 1527 1734 1598 replerentur.

90 1610 227 1673 Qua:
254 1610 415 1665 omni
446 1618 706 1685 tempore
739 1632 854 1687 quo
895 1616 977 1672 ita
1015 1618 1223 1689 jacuit,
1254 1617 1739 1689 quotiescumque

85 1698 266 1753 variis
296 1699 743 1759 inﬁrmitatibus
775 1705 1071 1776 oppressis
1094 1707 1166 1761 ad
1194 1706 1506 1761 videndam
1530 1702 1740 1760 revela-

86 1785 263 1840 batur
280 1786 441 1858 (nam
469 1792 808 1863 quicunque
850 1792 1003 1848 hanc
1049 1793 1242 1849 videre
1281 1797 1566 1865 poterant,
1601 1809 1740 1865 qua-

83 1891 322 1946 cunque
352 1876 694 1934 inﬁrmitate
723 1880 1140 1949 dctinerentur,
1157 1881 1311 1938 illico
1334 1880 1735 1951 sanabantur),

1849 720 1983 775 dem
2015 720 2209 777 locum
2241 737 2377 778 cum
2406 721 2800 778 luminaribus
2848 727 2905 778 et
2958 723 3282 780 amicorum
3325 727 3498 784 turba

1846 808 2226 865 visitaturum
2259 809 2551 882 promisit.

1917 898 1973 952 6.
2006 897 2125 953 Hoc
2153 915 2388 971 quoque
2417 898 2723 955 intervallo
2754 899 2995 971 quidam
3026 902 3285 959 rusticus
3315 907 3501 961 nomi-

1848 1003 1920 1041 ne
1952 986 2173 1058 Lupus,
2209 987 2312 1058 qui
2344 987 2537 1043 adhuc
2567 993 2854 1060 superest,
2888 992 2947 1044 et
2974 994 3239 1046 moratur
3276 992 3333 1047 in
3368 1010 3494 1050 cas-

1848 1078 1937 1130 tro
1970 1076 2126 1145 quod
2156 1075 2375 1130 dicitur
2404 1075 2662 1132 Parrona
2692 1076 2769 1149 (5)
2801 1078 3047 1133 accessit
3076 1096 3211 1134 cum
3244 1082 3497 1137 naturali

1850 1163 1971 1218 ﬁlia
2000 1181 2127 1235 qua:
2158 1168 2400 1219 vocatur
2425 1164 2717 1233 Afflindis,
2756 1166 2929 1222 ambo
2978 1185 3083 1239 pro
3132 1168 3496 1241 egritudinis

1849 1269 1968 1307 sua:
2011 1251 2280 1308 molestia
2308 1252 2481 1308 istius
2511 1253 2899 1310 sanctissima:
2944 1255 3185 1328 virginis
3238 1259 3496 1330 postula-

1847 1340 1964 1395 turi
1997 1341 2461 1415 suifragia.Nam
2494 1347 2661 1414 pater
2693 1343 2923 1400 obtusis
2953 1346 3197 1402 auribus
3228 1347 3495 1403 auditum

1850 1430 2207 1502 perdiderat;
2244 1430 2367 1486 ﬁlia
2411 1448 2544 1486 vero
2592 1448 2696 1503 per
2744 1449 2860 1488 non
2914 1434 3211 1491 modicum
3262 1440 3499 1509 tempus

1849 1518 2154 1574 oculorum
2184 1519 2576 1591 corporalium
2608 1520 2809 1576 lumen
2859 1522 3156 1579 amiserat.
3192 1524 3499 1597 Supplices

1848 1607 2095 1679 igiturct
2106 1624 2240 1663 cum
2254 1607 2437 1664 nimia
2451 1609 2840 1665 amaritudine
2852 1610 3501 1685 ﬂentes,omnipotentis

1852 1695 2082 1751 Domini
2115 1696 2576 1753 misericordiam
2626 1697 3038 1770 implorabant,
3077 1706 3369 1772 quatenus
3398 1720 3501 1775 per

1850 1784 2127 1840 meritum
2160 1785 2510 1841 beatissima:
2542 1785 2785 1858 virginis
2815 1786 2899 1842 eis
2937 1788 3268 1858 proveniret
3311 1807 3497 1846 reme-

1850 1874 2015 1929 dium
2046 1874 2517 1946 sanitatiszquod
2545 1880 2603 1930 et
2625 1876 2847 1931 factum
2879 1877 3086 1932 est.Ab
3118 1876 3216 1934 illo
3243 1895 3499 1950 namque

83 1963 276 2017 isdem
311 1964 627 2035 praedictus
652 1968 1042 2024 suavissimus
1070 1971 1211 2025 ador
1240 1988 1367 2027 esse
1399 1971 1650 2035 suavior,
1684 1973 1741 2023 et
1771 2006 1818 2071 Β
1851 1962 1946 2062 die
1974 1967 2032 2018 et
2060 1968 2226 2071 pgtejl‘
2253 1962 2546 2029 auditum,
2577 1966 2636 2071 cit
2664 1962 2786 2019 ﬁlia
2814 1963 3028 2021 melius
3052 1965 3268 2071 ξιὸξῧθιςϐ
3284 1969 3500 2068 meri-lit

83 2069 323 2123 semper
348 2054 408 2106 in
442 2053 653 2111 melius
702 2062 1006 2128 reparatus
1056 2061 1433 2131 prazsentium
1482 2058 1743 2131 replebat

80 2139 358 2196 olfactus.
395 2141 457 2194 ln
491 2142 597 2197 hac
630 2159 767 2215 ergo
797 2150 971 2201 tanta:
1004 2149 1211 2204 matris
1240 2148 1572 2204 inventione
1622 2148 1738 2203 fac-

80 2233 211 2283 tum
244 2233 337 2284 est
370 2246 651 2302 magnum
681 2233 965 2304 gaudium
987 2235 1048 2290 in
1079 2238 1239 2292 omni
1269 2237 1461 2292 vicina
1480 2235 1736 2309 regione.

82 2318 423 2372 Laztabatur
452 2317 629 2374 tellus
656 2338 719 2375 se
742 2325 861 2376 tam
888 2323 1111 2379 clarum
1144 2324 1243 2380 diu
1278 2327 1445 2381 sidus
1475 2326 1687 2381 texisse
1723 2341 1737 2380 :

78 2405 342 2462 exsultat
370 2423 470 2461 aer
501 2411 674 2463 tantae
714 2410 959 2483 virginis
1007 2413 1197 2485 gratia
1243 2413 1371 2469 θαιΙί
1420 2431 1627 2471 serena
1679 2432 1741 2469 se

78 2496 368 2565 adeptum
382 2495 502 2550 fore
518 2496 723 2552 nubila
742 2516 754 2566 ;
771 2500 988 2570 gaudet
1004 2501 1144 2558 solis
1166 2503 1367 2558 radius
1388 2502 1738 2574 obsequium

77 2583 358 2654 praebens
387 2583 538 2639 sacri
569 2586 829 2658 corporis
860 2591 1105 2645 artubus
1132 2608 1145 2658 ;
1180 2592 1508 2663 gratulatur
1537 2610 1739 2664 super-

77 2671 342 2728 cwlestis
372 2671 674 2729 beatorum
706 2679 903 2732 turma
933 2677 1444 2753 spirituum,quod
1476 2680 1742 2736 videlicet

76 2761 154 2814 de
167 2760 346 2831 cujus
354 2760 481 2830 jam
504 2763 713 2818 anima;
734 2766 992 2835 gaudent
1012 2768 1304 2835 societate,
1330 2770 1458 2840 ejus
1484 2770 1739 2842 profecto

69 2847 490 2904 sacratissima
502 2851 768 2907 membra
780 2852 1059 2910 ineffabili
1070 2855 1269 2912 laatitia
1280 2858 1339 2912 in
1352 2859 1444 2914 die
1458 2874 1743 2915 resurrec-

70 2935 263 2992 tionis
275 2936 543 2992 omnium
556 2956 660 3010 pro
675 2941 898 2998 meritis
911 2943 1741 3016 gloriﬁcanda,ﬁdelitervene-

71 3025 201 3080 rari
221 3026 803 3097 conspiciuntadhuc
833 3030 894 3085 in
908 3038 1161 3106 angusta
1191 3036 1404 3091 tumuli
1437 3036 1735 3108 spelunca.

147 3117 211 3169 5.
245 3115 332 3169 Ad
365 3114 569 3173 laudes
600 3116 797 3190 itaque
829 3121 1163 3179 referendas
1201 3124 1391 3181 valere
1443 3126 1739 3181 credimus

68 3202 357 3259 omnium
383 3204 689 3273 conditori,
711 3207 760 3261 si
774 3209 1086 3266 tradantur
1110 3219 1478 3286 posterorum
1498 3214 1734 3284 notitiae,

68 3310 213 3363 quae
249 3291 535 3350 Dominus
580 3295 865 3351 miracula
911 3302 1137 3371 operari
1184 3302 1369 3358 voluit
1420 3304 1479 3359 in
1539 3305 1735 3359 inven-

1847 2051 2061 2107 visum.
2096 2052 2310 2107 Eadem
2343 2068 2577 2123 quoque
2608 2052 2753 2108 hora
2778 2054 3189 2127 suprascripta
3221 2055 3500 2113 inventio-

1851 2139 1962 2207 nis,
1999 2140 2236 2212 quidam
2272 2157 2499 2212 pauper
2528 2140 2739 2213 spiritu
2772 2142 3009 2199 nomine
3045 2144 3380 2202 Adelbodus
3402 2147 3496 2217 ja-

1850 2230 2016 2284 ccbat
2048 2228 2208 2284 omni
2240 2230 2642 2285 membrorum
2683 2231 2874 2286 ofﬁcio
2925 2231 3262 2300 destitutus,
3293 2239 3352 2289 et
3393 2252 3497 2307 pro

1848 2318 2037 2374 exitus
2067 2317 2160 2372 sui
2193 2317 2531 2387 vicinio,die
2559 2323 2877 2387 transacta,
2893 2320 3152 2392 corporis
3182 2327 3240 2378 et
3267 2323 3502 2396 sangui-

1851 2399 1943 2462 nis
1973 2406 2262 2463 Dominici
2283 2408 2670 2465 sacramentis
2704 2409 3237 2477 munitus,cunctis
3259 2411 3497 2484 quidem

1847 2496 2156 2551 videbatur
2188 2495 2360 2551 morti
2393 2497 2706 2570 contiguus
2741 2514 2755 2554 :
2786 2515 2921 2554 mox
2965 2503 3031 2555 ut
3060 2499 3284 2557 audivit
3313 2501 3500 2573 signis

1850 2585 2339 2657 concrepantibus
2355 2586 2503 2640 tanti
2517 2586 2762 2643 somatis
2774 2588 3062 2660 orama(6)
3094 2588 3499 2663 perspicuum,

1850 2674 2039 2747 surgit
2059 2691 2091 2729 a
2112 2673 2345 2743 lectulo,
2361 2674 2590 2730 nullum
2612 2675 2673 2732 in
2694 2679 2858 2733 motu
2877 2676 3278 2734 membrorum
3300 2682 3498 2735 osten-

1850 2764 1996 2819 dens
2026 2762 2390 2818 inﬁrmitatis
2421 2763 2732 2833 indicium,
2765 2764 3065 2837 curritque
3096 2766 3169 2822 ad
3210 2766 3497 2838 templum

1850 2851 2321 2924 sanctacvirginis
2334 2852 2592 2925 gestiens
2604 2852 2799 2909 videre
2834 2852 3194 2924 sepulcrum,
3213 2858 3271 2912 et
3299 2872 3497 2929 arrep-

1848 2944 1969 2994 tam
1984 2940 2108 2996 suis
2122 2957 2300 2995 unam
2323 2957 2392 2996 ex
2412 2940 2618 2996 ovibus
2640 2940 2793 2997 hanc
2818 2947 3034 2998 sanctae
3057 2942 3267 3016 virgini
3285 2944 3499 3002 obtulit

1849 3028 1909 3083 in
1941 3045 2180 3095 munus,
2205 3034 2262 3084 et
2291 3029 2365 3084 ab
2394 3028 2739 3086 inﬁrmitate
2763 3030 3032 3102 protinus
3064 3031 3495 3103 convalescens,

1847 3116 2074 3173 nullam
2086 3117 2362 3190 deinceps
2373 3123 2683 3175 transacta:
2704 3119 2985 3176 molestiae
2998 3121 3183 3177 sensit
3194 3121 3369 3194 injuri
3378 3138 3494 3178 am.

1917 3209 1971 3260 7.
2006 3206 2223 3262 Eodem
2253 3224 2386 3263 vero
2408 3207 2601 3262 adhuc
2627 3208 2906 3264 reboante
2926 3206 3205 3281 tripudio,
3229 3211 3501 3284 quaedam

1845 3295 2022 3350 vidua
2050 3294 2287 3350 nomine
2315 3294 2619 3368 Wiburgis
2642 3296 2880 3368 jacebat
2909 3297 3088 3354 nimis
3119 3304 3498 3373 aagrota,quaa

65 3381 246 3436 tione
278 3382 667 3439 sanctissimae
720 3385 1108 3459 Hunegundis
1148 3390 1390 3464 virginis
1421 3411 1562 3449 suae.
1592 3394 1739 3449 Nam
1773 3372 1815 3441 C
1845 3383 2018 3457 paulo
2042 3389 2177 3439 ante
2198 3401 2302 3456 pro
2324 3384 2513 3441 exitus
2540 3384 2631 3441 sui
2654 3386 3084 3458 exspectatione
3126 3387 3338 3444 divinis
3367 3404 3497 3461 per-

66 3470 329 3541 quidem
391 3470 785 3529 daemoniacus
836 3493 939 3547 per
986 3494 1200 3536 manus
1248 3482 1595 3551 amicorum,
1638 3484 1742 3555 qui

66 3574 255 3630 spem
288 3561 533 3615 curandi
566 3563 841 3618 eumdem
891 3583 1065 3637 quem
1116 3569 1411 3628 ducebant
1446 3570 1507 3627 in
1539 3576 1743 3627 sancta

66 3646 315 3719 virgine
354 3648 526 3704 ﬁrma
554 3650 669 3705 ﬁde
718 3651 1075 3724 locaverant,
1103 3659 1413 3735 adductus,
1445 3660 1743 3716 reluctans

65 3742 136 3792 et
169 3736 479 3808 proprium
510 3738 621 3793 iter
666 3741 804 3797 totis
850 3742 1075 3802 viribus
1122 3746 1469 3819 impediens,
1500 3750 1740 3805 tandem

65 3840 223 3880 cum
263 3841 478 3897 magno
510 3826 707 3884 labore
745 3831 949 3888 multis
998 3837 1400 3906 prementibus
1446 3837 1505 3893 in
1551 3837 1740 3911 ipsius

66 3914 273 3969 beata:
323 3913 567 3987 virginis
618 3918 925 3976 ecclesiam
973 3922 1268 3996 impulsus
1316 3931 1423 3982 cst.
1458 3928 1566 3993 Qui
1595 3928 1737 3984 dum

62 4019 190 4074 per
238 4018 453 4060 manus
500 4009 555 4059 et
605 4006 847 4065 brachia
891 4028 1095 4069 versus
1157 4014 1336 4071 altare
1386 4016 1734 4084 traheretur,

57 4090 326 4162 quando
358 4093 547 4165 magis
576 4093 765 4151 eidem
792 4102 1320 4174 appropinquabat,
1336 4109 1497 4161 tanto
1529 4106 1738 4174 maiori

56 4178 329 4234 vesania
358 4196 662 4252 accensus,
678 4182 1104 4257 impellentium
1142 4191 1372 4249 nisibus
1407 4194 1733 4250 resistebat.

51 4268 189 4335 Qui
221 4268 327 4324 diu
360 4268 669 4340 luctantes,
716 4275 788 4329 ad
831 4276 1106 4333 ultimum
1130 4298 1409 4337 vesanum
1433 4289 1733 4355 superant,

47 4361 127 4411 et
167 4372 372 4411 coram
404 4357 575 4414 altari
606 4365 897 4419 statuunt.
932 4368 1112 4431 Quem
1146 4369 1279 4426 inde
1329 4378 1736 4442 promoventes

45 4445 145 4500 ad
180 4444 595 4517 aspiciendum
618 4452 977 4509 sanctissimi
996 4458 1254 4529 corporis
1284 4460 1579 4516 tumulum
1603 4479 1736 4517 oeu-

42 4534 161 4590 los
194 4532 497 4591 inﬂectere
529 4545 766 4609 cogunt.
801 4544 1059 4608 Quorum
1092 4547 1379 4604 desiderio
1429 4551 1735 4606 subvenire

43 4623 329 4694 cupiens
358 4641 511 4695 saepe
559 4626 716 4683 dicta
763 4633 1227 4691 sanctimonialis
1275 4638 1445 4694 Bcrta
1493 4639 1731 4707 scilicet,

39 4716 295 4769 retecto
356 4713 627 4785 sepulcro
681 4717 998 4776 videndum
1057 4724 1273 4792 velum,
1334 4729 1489 4799 quod
1560 4744 1812 4809 superD

37 4805 286 4857 sancta
319 4802 589 4858 membra
629 4804 886 4877 jacebat,
941 4811 1025 4866 eis
1071 4815 1297 4887 copiam
1348 4817 1574 4872 tribuit.
1610 4819 1732 4883 Quo

40 4889 342 4961 viso,qui
373 4892 779 4963 torquebatur,
806 4898 1086 4956 continuo
1118 4904 1315 4959 sensui
1347 4909 1404 4960 ct
1432 4905 1591 4961 omni
1616 4906 1732 4979 pri-

39 4979 243 5036 stinae
276 4977 461 5034 saluti
490 4986 581 5037 est
610 4984 879 5042 redditus
910 5005 924 5055 ;
959 5005 1210 5063 moxque
1251 4994 1379 5063 jam
1429 4995 1589 5050 nullo
1617 4977 1731 5051 *θο-

36 5072 265 5143 gente,
284 5068 348 5123 in
368 5072 586 5126 terram
604 5079 935 5144 prostratus
947 5078 1366 5151 omnipotentis
1383 5082 1613 5138 Domini
1633 5100 1734 5155 per

35 5159 257 5213 beatae
313 5156 561 5229 virginis
607 5162 886 5220 meritum
935 5167 1308 5225 clementiam
1351 5173 1625 5240 exoravit,
1660 5174 1731 5228 dc

41 5248 307 5316 ~cccpta
341 5243 533 5302 salute
553 5251 777 5321 gratias
815 5256 1091 5327 referens,
1136 5260 1207 5315 de
1238 5260 1436 5316 futura
1464 5262 1731 5317 custodia

39 5338 428 5404 lcprecans:
454 5336 554 5406 qui
586 5338 659 5393 ad
682 5341 949 5412 perfectae
983 5347 1255 5404 sanitatis
1288 5349 1729 5418 indicium,non

40 5426 196 5479 ωδε
229 5420 493 5478 multum
537 5430 773 5500 tempus
829 5448 966 5488 cum
1016 5434 1412 5494 luminaribus
1465 5456 1727 5494 reversus

41 5516 289 5569 sancta:
322 5511 535 5585 virgini
568 5514 852 5576 honorem
884 5523 1114 5592 detulit,
1148 5532 1323 5599 atque
1371 5529 1430 5582 in
1462 5528 1726 5584 testimo-

42 5603 233 5659 iium
266 5605 517 5672 receptae
549 5603 778 5693 salutis,
808 5607 1007 5681 plures
1038 5631 1107 5670 ex
1135 5615 1342 5672 vicinis
1371 5618 1495 5674 suis
1527 5635 1727 5674 secum

124 5743 215 5812 (5)
249 5742 696 5831 AliasnPerona,
732 5758 1140 5831 ca_str_um_seu
1189 5760 1399 5831 regalis
1446 5763 1625 5818 ﬁscus
1656 5763 1726 5817 ad

37 5816 689 5905 Sicinenamqﬂuviu'ni,
721 5826 909 5905 veteri
930 5826 1143 5905 palatio
1187 5816 1587 5905 insigniade
1608 5816 1726 5905 quo

40 5843 392 5875 )Uiucuuui
423 5843 687 5890 uuvxuul,
721 5843 878 5879 vctcr
930 5843 1143 5897 palatio

40 5891 92 5947 ιΙ
106 5904 240 5946 ura
272 5888 337 5945 in
367 5886 471 5945 lib.
503 5908 562 5948 ιν
589 5892 670 5950 De
701 5911 762 5952 re
789 5843 1184 5969 diplomatica.

1852 3473 2035 3547 ceptis
2058 3472 2442 3528 sacramentis
2454 3490 2559 3545 per
2569 3473 2973 3545 paenitentiam
2992 3480 3049 3532 et
3059 3474 3499 3549 lacrymabilem

1851 3563 2277 3618 confessionem
2307 3578 2342 3615 a
2371 3561 2773 3618 sacerdotibus
2822 3563 3031 3620 divina:
3061 3563 3263 3636 pietati
3311 3565 3501 3623 fuerat

1852 3650 2242 3708 reconciliata.
2279 3650 2411 3705 Hmc
2440 3648 2641 3722 populi
2674 3648 3026 3707 exsultantis
3054 3650 3259 3724 plenas
3284 3651 3499 3711 laetitia

1848 3758 2018 3797 voces
2047 3738 2434 3811 persentiens,
2458 3738 2781 3811 interrogat
2793 3740 2949 3811 quod
2970 3737 3068 3795 ille
3080 3740 3192 3797 sibi
3217 3742 3500 3814 strepitus

1849 3829 2041 3896 vellet,
2072 3827 2159 3884 vel
2190 3828 2361 3898 cujus
2392 3843 2573 3883 causa
2601 3826 2934 3884 festivitatis
2962 3831 3128 3884 tanta
3173 3827 3236 3885 in
3283 3830 3498 3903 populo

1848 3917 2051 3974 laetitia
2080 3920 2450 3988 personaret;
2476 3933 2603 3987 qua:
2636 3916 2836 3970 statim
2869 3916 3384 3975 circumstantium
3406 3937 3495 3977 re-

1848 4006 1971 4062 latu
2004 4004 2227 4070 didicit,
2249 4005 2405 4077 quod
2436 4004 2587 4059 sacri
2618 4005 2878 4077 corporis
2908 4005 3239 4063 inventione
3270 4006 3406 4064 talis
3436 4009 3497 4065 in

1847 4095 2015 4168 plebe
2043 4093 2245 4149 laetitia
2273 4094 2369 4149 sit.
2406 4092 2510 4148 Illa
2534 4110 2667 4148 vero
2701 4093 2938 4150 nomine
2990 4100 3203 4151 sanctae
3252 4097 3497 4170 virginis

1848 4184 2068 4251 audito,
2103 4183 2263 4238 dictu
2294 4182 2469 4237 citius
2500 4188 2678 4254 caput
2725 4199 2760 4237 a
2807 4181 2954 4238 lecto
3004 4182 3194 4255 erigit,
3228 4186 3498 4242 membra

1846 4271 2163 4345 componit,
2178 4276 2397 4326 vestem
2426 4271 2666 4339 inducit,
2691 4270 2999 4327 ecclesiam
3031 4272 3299 4329 celeriter
3327 4274 3493 4346 petit.

1846 4362 2109 4433 Cumque
2142 4361 2213 4416 ad
2247 4377 2307 4416 se
2338 4376 2565 4415 reversa
2594 4376 2848 4432 superna
2878 4360 3089 4416 virtute
3120 4361 3383 4434 fugatam
3412 4361 3494 4418 in-

1847 4451 2206 4517 firmitatem,
2242 4454 2299 4504 et
2329 4448 2440 4505 sibi
2477 4448 2672 4504 subito
2704 4448 2994 4504 redditam
3035 4448 3371 4519 sanitatem,
3403 4468 3494 4506 se-

1845 4557 1980 4597 cum
2008 4539 2189 4594 tacita
2211 4536 2447 4593 volvens
2478 4538 2808 4605 miraretur,
2825 4536 3262 4610 omnipotentiae
3288 4538 3494 4597 divinze

1844 4628 2063 4704 gratias
2085 4631 2142 4683 et
2169 4627 2376 4683 laudes
2398 4626 2614 4696 retulit,
2633 4630 2809 4698 atque
2838 4624 2994 4681 illico
3027 4643 3208 4683 unam
3231 4644 3350 4682 sua:
3367 4644 3495 4699 pro-

1843 4717 2108 4791 prietatis
2141 4713 2439 4784 ancillam,
2489 4716 2726 4770 nomine
2777 4712 3084 4787 Isigildim,
3140 4713 3494 4773 beatissima:

1843 4804 2194 4878 Huncgundi
2225 4820 2330 4876 pro
2358 4808 2629 4876 percepto
2661 4802 2942 4858 beneﬁcio
2973 4801 3264 4870 sanitatis,
3290 4803 3494 4861 multis

1843 4896 2174 4954 astantibus
2206 4892 2450 4948 tradidit
2476 4909 2489 4946 :
2526 4892 2727 4964 sicque
2757 4891 2832 4947 ab
2864 4890 2965 4947 illa
2995 4890 3336 4949 inﬁrmitate
3364 4909 3498 4949 con-

1840 4986 2041 5054 valuit,
2077 4989 2134 5038 et
2165 4980 2540 5054 postmodum
2574 4980 2799 5037 diutius
2823 4980 3101 5036 vixit.His
3132 4980 3350 5037 denum
3371 4999 3497 5055 per-

1842 5076 2011 5139 actis,
2045 5072 2294 5144 aliisque
2324 5086 2441 5124 non
2464 5073 2670 5143 paucis
2693 5067 3115 5126 miraculorum
3146 5068 3352 5142 signis,
3369 5070 3497 5143 qui-

1841 5167 1952 5222 bus
1982 5162 2270 5219 Dominus
2301 5158 2586 5214 declarari
2614 5157 2801 5215 voluit
2845 5158 3095 5232 gloriam
3146 5175 3266 5216 suae
3313 5159 3495 5233 virgi-

1838 5255 1952 5322 nis,
1986 5270 2115 5325 qua:
2146 5266 2249 5322 pro
2281 5245 2717 5319 multiplicitatc
2748 5246 2839 5302 sui
2872 5247 3265 5321 incongruum
3296 5247 3494 5306 existi-

1839 5362 1934 5400 mo
1960 5340 2099 5398 huic
2120 5336 2425 5412 pictaciolo
2451 5337 2522 5392 ad
2555 5350 2812 5408 unguem
2826 5334 3027 5393 inseri.

1910 5438 1964 5487 8.
1997 5431 2144 5486 Nam
2176 5426 2548 5499 omnipotens
2580 5425 2733 5480 Deus
2762 5429 2829 5480 ut
2859 5425 3193 5483 ostenderet
3241 5428 3493 5501 cunctis,

1840 5526 2125 5595 quantam
2157 5535 2276 5574 sua:
2299 5514 2532 5571 famula:
2564 5514 2856 5572 concessit
2875 5514 3128 5588 gratiam
3146 5518 3493 5590 curationis,

1840 5616 2041 5669 tantus
2067 5609 2271 5666 eodem
2304 5610 2569 5678 tempore
2602 5603 2662 5662 in
2693 5603 2804 5662 hac
2853 5604 3060 5664 eadem
3108 5604 3250 5666 villa
3298 5606 3496 5667 nimia:

1899 5755 1985 5884 l8e)
2009 5752 2278 5883 tiorporis
2295 5751 2679 5809 detectionem
2711 5749 2806 5808 hic
2838 5756 3041 5811 auctor
3060 5750 3377 5826 grachana
3403 5752 3493 5813 ivn-

1840 5835 1895 5886 te
1945 5843 2024 5886 1m
2058 5867 2069 5881 .

1945 5843 2069 5899 igit.
