3910 6440
279 544 359 603 67
1267 537 1606 598 BERNER]
1652 537 1986 598 ABBATIS
2030 537 2697 603 HUMOLARIENSIS.
3618 550 3698 609 68

279 674 644 731 inﬁrmitatis
672 672 1053 746 grassabatur
1083 672 1345 739 morbus,
1378 675 1444 726 ut
1473 670 1635 726 nulla
1666 685 1813 743 pene
1844 686 1927 725 re-
1951 674 2007 739 Α
2038 686 2250 743 corpus
2281 671 2352 726 de
2383 672 2672 744 sepulcro,
2693 675 2945 747 septimo
2968 677 3106 733 Idus
3136 677 3697 738 Novembris.Nobis

281 766 544 819 maneret
573 763 805 828 domus,
840 761 898 815 in
931 777 1051 833 qua
1079 777 1194 816 non
1218 761 1442 833 jaceret
1474 759 1747 814 inﬁrmus
1782 776 1795 812 :
1831 759 1929 831 qui

280 869 484 909 omnes
513 851 573 906 in
602 851 878 924 praedicta
898 849 1270 906 solemnitate
1282 853 1447 904 tanta
1476 853 1616 903 sunt
1639 847 1933 903 celeritate

282 940 490 1008 sanati,
508 944 574 995 ut
602 939 945 995 beatissima
973 938 1197 1011 virgine
1227 938 1417 993 levata
1438 937 1508 992 de
1540 936 1790 1002 tumulo,
1808 935 1935 990 nul-

278 1030 373 1086 lus
394 1045 596 1084 eorum
621 1028 893 1083 inﬁrmus
910 1031 1302 1084 remoraretur
1319 1025 1379 1080 in
1402 1024 1930 1106 lectuloAreessito

280 1119 532 1190 denique
564 1117 810 1172 Rodulfo
842 1115 1245 1171 Noviomensis
1275 1114 1547 1170 Ecclesiae
1579 1113 1931 1168 archidiaco-

279 1226 374 1275 no,
409 1212 613 1280 postea
648 1207 912 1277 ejusdem
962 1204 1232 1259 Ecclesiae
1286 1205 1558 1275 episcopo
1592 1204 1836 1269 devoto;
1873 1206 1931 1256 et

278 1316 348 1352 ex
378 1295 825 1368 congregatione
857 1291 1183 1348 beatissimi
1208 1292 1483 1363 martyris
1515 1291 1730 1345 Christi
1758 1290 1930 1355 Quin-

276 1384 406 1450 tini,
430 1383 763 1439 convocatis
795 1380 1065 1435 Patribus
1086 1380 1318 1446 Gisone,
1350 1380 1649 1445 Rotberto,
1682 1378 1929 1450 aliisque

276 1472 548 1546 plurimis
588 1488 804 1543 magna
852 1468 1156 1523 devotione
1210 1468 1470 1539 repletis,
1523 1469 1624 1522 diu
1679 1466 1926 1523 dilatum

275 1560 589 1617 festinatur
609 1563 674 1613 ut
694 1559 797 1612 ﬁat
813 1556 1093 1613 ofﬁcium.
1111 1556 1366 1612 Peractis
1390 1557 1586 1628 itaque
1608 1557 1925 1611 missarum

275 1647 598 1713 solemniis,
613 1650 806 1702 mente
827 1644 1038 1701 humili
1058 1662 1129 1701 ac
1150 1645 1370 1700 devotis
1394 1644 1607 1700 animis
1631 1646 1928 1701 acceditur

275 1740 346 1796 ad
379 1735 698 1804 tumulum,
723 1736 783 1790 in
816 1735 943 1807 ipso
975 1735 1168 1789 adhuc
1189 1736 1317 1807 jam
1349 1735 1505 1789 dicto
1539 1734 1821 1788 divinitus
1846 1734 1927 1789 in-

272 1829 403 1883 fuso
433 1825 660 1882 lumine
691 1824 845 1879 circa
876 1827 1054 1896 caput
1091 1828 1150 1878 et
1198 1826 1403 1895 pectus
1456 1823 1636 1878 beata:
1681 1821 1926 1894 virginis

271 1922 393 1973 tam
416 1915 568 1972 clare
588 1914 872 1981 radiante,
890 1917 954 1968 ut
976 1930 1092 1985 prae
1114 1911 1413 1968 nimietate
1434 1911 1526 1966 sui
1551 1928 1922 1984 nequaquam

273 2006 519 2082 pleniter
536 2002 979 2077 possetintueri.
1000 2003 1250 2059 Levatur
1270 2004 1464 2057 autem
1478 2000 1922 2057 sanctissimum

2042 763 2260 830 autem,
2276 759 2483 815 fratres
2509 762 2863 833 charissimi,
2879 766 3099 837 quibus
3114 766 3235 822 haec
3258 767 3698 843 beataevirginis

2041 851 2205 920 gesta
2230 847 2596 922 aliorumque
2637 857 2974 908 sanctorum
3024 854 3386 927 perplurima
3433 859 3700 932 exempla

2041 937 2435 992 ostenduntur
2465 939 2537 993 ad
2568 939 2902 1012 legendum,
2926 948 3332 1016 proponuntur
3360 947 3431 1002 ad
3464 948 3697 1004 imitan-

2040 1024 2207 1093 dum,
2239 1026 2482 1082 solerter
2512 1028 2880 1097 intuendum,
2917 1032 3146 1088 fortiter
3174 1037 3561 1108 satagendum
3582 1044 3695 1106 est,

2041 1130 2115 1168 ne
2144 1114 2407 1184 ipsorum
2458 1123 2719 1188 expertes
2770 1137 3011 1191 operum
3055 1122 3113 1175 in
3164 1122 3263 1177 illa
3306 1126 3543 1195 perenni
3577 1127 3695 1183 vita

2040 1201 2213 1257 alieni
2236 1204 2563 1260 efﬁciamur
2584 1224 2615 1260 a
2638 1210 2935 1263 communi
2961 1210 3162 1265 laetifia
3193 1218 3530 1269 sanctorum
3564 1232 3689 1271 0m-

2039 1291 2225 1346 nium.
2245 1292 2554 1349 Pulsemus
2584 1312 2719 1369 ergo
2750 1296 2943 1352 intimi
3082 1300 3170 1355 dis
3213 1301 3484 1373 suspiriis
3513 1322 3690 1360 aures

2038 1379 2288 1451 piissimi
2322 1384 2660 1453 conditoris,
2695 1392 2986 1457 quatenus
3018 1388 3144 1460 ipso
3194 1390 3363 1447 nobis
3412 1393 3689 1460 donante,

2038 1471 2192 1540 quod
2219 1472 2387 1542 jubet
2417 1473 2730 1530 efﬁcaciter
2749 1477 3039 1549 complere
3068 1477 3389 1536 valeamus.
3415 1483 3570 1554 quod
3595 1501 3689 1539 sa-

2035 1555 2285 1614 lubriter
2314 1566 2513 1616 monet
2543 1578 2556 1616 :
2593 1568 2655 1617 ut
2687 1569 2966 1619 venturus
2998 1566 3055 1619 in
3097 1566 3197 1623 illo
3246 1568 3508 1626 districte
3554 1588 3688 1627 exa-

2041 1646 2201 1702 mine
2222 1648 2455 1718 judicii,
2492 1667 2605 1705 non
2638 1651 2697 1705 in
2730 1651 2898 1708 nobis
2929 1654 3184 1710 inveniat
3214 1658 3370 1728 quod
3421 1659 3690 1729 damnet,

2037 1736 2137 1790 sed
2172 1738 2326 1808 quod
2361 1754 2494 1793 cum
2527 1741 2654 1795 suis
2685 1742 3003 1814 redemptis
3034 1745 3492 1802 misericorditer
3523 1766 3689 1805 coro-

2037 1829 2136 1879 net
2165 1825 2339 1880 Jesus
2370 1826 2638 1885 Christus
2669 1830 2955 1887 Dominus
2987 1838 3203 1903 noster,
3234 1834 3336 1907 qui
3383 1853 3517 1892 cum
3570 1838 3689 1894 Deo

2036 1913 2204 1969 Patre
2235 1919 2291 1970 et
2322 1915 2543 1987 Spiritu
2577 1924 2778 1974 sancto
2809 1921 2947 1975 vivit
2975 1926 3033 1977 et
3079 1922 3366 1995 gloriatur
3394 1926 3551 1982 Deus
3585 1944 3693 1999 per

2036 2003 2236 2058 omnia
2261 2004 2473 2060 saecula
2506 2006 2875 2063 saaculorum.
2904 2012 3110 2065 Amen.

1679 2340 2274 2430 MIBACULA

335 2551 390 2605 9.
420 2549 520 2606 His
552 2547 869 2622 prmmissis
883 2548 954 2603 de
983 2545 1168 2602 vitaet
1190 2545 1420 2602 actibus
1436 2562 1587 2617 saepe
1610 2544 1776 2600 dicta:
1789 2544 1910 2617 glo-
1942 2548 1992 2613 B
2022 2545 2487 2603 sanctimonialis
2527 2548 2792 2619 ejusdem
2844 2549 3182 2603 monasterii
3239 2551 3691 2633 pulchritudine

267 2639 433 2696 riosee
461 2638 725 2713 virginis,
748 2641 942 2693 ratum
974 2636 1251 2691 duximus
1281 2651 1469 2708 pauca
1500 2634 1910 2707 subsequendo

267 2728 517 2786 describi
572 2725 992 2785 miraculorum
1039 2724 1312 2798 insignia,
1346 2741 1474 2795 quae
1525 2723 1810 2779 Dominus
1840 2722 1914 2777 ob

265 2823 492 2875 tantam
523 2817 615 2874 sui
648 2814 931 2874 famulam
975 2814 1068 2887 pie
1118 2815 1396 2886 dignatus
1442 2816 1533 2868 est
1558 2811 1785 2884 operari
1813 2827 1912 2883 per

265 2908 536 2980 gratiam.
565 2907 711 2963 Nam
743 2922 811 2960 ea
842 2922 969 2977 quae
1000 2902 1260 2976 aggressi
1306 2918 1515 2958 sumus
1562 2900 1912 2968 describere,

267 2995 622 3068 quibusdam
657 2998 869 3050 nostra:
886 2992 1071 3048 {etatis
1100 2990 1487 3046 referentibus
1507 2990 1600 3045 vix
1618 2989 1915 3044 valuimus

267 3101 581 3157 agnoscere
613 3100 627 3138 :
662 3083 902 3139 fuerunt
932 3081 1107 3136 etiam
1138 3080 1450 3135 innumera
1478 3079 1714 3134 virtutis
1737 3078 1910 3146 facta,

266 3190 393 3245 qua:
424 3172 472 3229 si
504 3189 607 3247 per
632 3169 922 3227 incuriam
954 3168 1228 3225 oblivioni
1258 3168 1478 3224 tradita
1526 3185 1642 3223 non
1693 3173 1910 3233 essent,

265 3262 412 3317 satis
440 3260 615 3334 digne
635 3259 847 3316 litteris
877 3258 1144 3314 mandari
1167 3258 1515 3330 potuissent.
1537 3257 1729 3312 Unum
1754 3273 1915 3311 nam-

266 3367 379 3422 que
412 3349 651 3424 signum
682 3348 840 3422 quod
872 3352 1103 3404 constat
1132 3345 1483 3402 mirabiliter
1510 3362 1639 3402 esse
1668 3345 1910 3412 factum,

265 3442 692 3510 consequenter
719 3437 877 3494 brevi
907 3436 1200 3492 locutione
1230 3440 1320 3491 est
1349 3436 1730 3491 narrandum.
1748 3434 1914 3490 Deni-

265 3546 379 3601 que
409 3528 664 3600 quodam
692 3531 954 3598 tempore
984 3525 1255 3581 homines
1276 3525 1528 3596 perversi
1562 3542 1671 3580 sua
1688 3523 1911 3579 fortiori

265 3620 552 3689 potestate
583 3616 850 3682 ﬁdentes,
883 3613 1091 3669 audaci
1122 3613 1449 3669 temeritate
1480 3612 1685 3669 silvam
1725 3611 1913 3684 ipsius

265 3709 480 3762 sanctas
508 3704 773 3777 virginis,
809 3720 937 3775 quae
970 3702 1084 3758 sita
1115 3707 1205 3758 est
1251 3719 1421 3758 secus
1470 3700 1712 3757 ﬂuvium
1746 3702 1911 3757 Sam-

264 3793 530 3863 bram,in
559 3792 694 3848 villa
725 3810 852 3864 quae
879 3792 1093 3848 dicitur
1113 3790 1464 3847 Dediniacus
1495 3791 1911 3864 ingressi,eam

264 3883 390 3939 suis
420 3883 610 3954 porcis
640 3881 929 3936 edendam
968 3885 1370 3953 pervaserunt.
1401 3885 1458 3935 et
1504 3896 1746 3935 censum
1795 3879 1913 3933 sive

264 3970 501 4043 aliquod
534 3968 837 4025 servitium
868 3985 974 4041 pro
1006 3970 1210 4024 eadem
1261 3969 1406 4024 silva
1454 3969 1643 4024 eidem
1695 3972 1911 4022 sanetae

262 4059 472 4132 virgini
487 4074 615 4114 esse
629 4058 1007 4113 deferendum
1019 4103 1031 4124 ,
1045 4057 1210 4112 nulla
1229 4056 1454 4112 ratione
1465 4063 1908 4112 consenserunt.

264 4151 419 4215 Quos
451 4164 553 4219 per
582 4146 836 4218 seipsam
878 4147 1049 4201 beata
1093 4147 1256 4220 virgo
1304 4147 1624 4218 increpare,
1657 4151 1832 4217 atque
1879 4164 1913 4203 a

264 4242 430 4293 tanta
461 4235 705 4291 audacia
743 4251 1008 4293 coercere
1057 4235 1297 4291 curavit.
1349 4236 1496 4289 Nam
1540 4235 1681 4290 dum
1729 4233 1912 4291 libere

261 4329 428 4381 tanta
455 4324 735 4380 silvarum
766 4324 934 4399 copia
958 4324 1069 4379 laati
1103 4323 1451 4396 potirentur,
1483 4322 1678 4378 subito
1708 4324 1910 4378 eadem

262 4415 361 4470 Dei
389 4414 550 4487 virgo
582 4414 918 4485 pastoribus
968 4414 1027 4470 in
1076 4411 1321 4468 terribili
1374 4412 1567 4483 specie
1617 4413 1909 4484 apparuit,

261 4521 478 4576 eosque
508 4521 614 4558 cur
643 4503 753 4558 sibi
789 4504 1043 4558 fructum
1075 4500 1448 4571 subriperent
1477 4498 1633 4555 silvae
1666 4501 1908 4556 interro-

261 4586 442 4666 gans;
472 4593 636 4665 virga
665 4608 843 4664 quam
876 4608 1053 4647 manu
1085 4589 1357 4662 gestabat
1376 4591 1684 4661 percussit,
1711 4591 1911 4663 sicque

262 4681 454 4736 omnis
485 4679 586 4735 illa
614 4694 926 4752 porcorum
958 4676 1275 4734 multitudo
1304 4676 1420 4732 huc
1451 4677 1705 4751 illucque
1736 4680 1907 4734 diffu-

262 4788 348 4838 sa,
400 4786 602 4825 versus
651 4768 1075 4823 monasterium
1125 4764 1569 4821 Humolariense
1626 4768 1906 4841 praecipiti

260 4875 438 4913 cursu
470 4857 580 4912 iter
609 4855 876 4927 arripuit.
912 4854 1051 4910 Inde
1081 4854 1300 4909 factum
1334 4859 1423 4909 est
1464 4860 1529 4910 ut
1576 4872 1645 4910 ex
1694 4856 1908 4927 quibus

260 4946 499 5001 domina
519 4943 782 5000 redditus
801 4942 956 4998 silva:
979 4943 1194 4999 habere
1222 4959 1335 4998 non
1360 4948 1605 5016 poterat,
1622 4944 1729 5000 hos
1750 4951 1906 5016 post-

260 5036 503 5091 modum
535 5032 759 5089 familia
790 5032 978 5104 ipsius
996 5034 1131 5104 jure
1162 5032 1358 5104 quieto
1391 5034 1733 5104 possideret.
1759 5035 1904 5089 Nam

259 5140 393 5178 cum
426 5136 639 5192 magno
673 5120 895 5191 impetu
922 5120 1117 5176 villam
1147 5121 1416 5194 ingressi,
1442 5122 1597 5176 circa
1619 5128 1908 5178 monaste-

258 5212 414 5266 rium
445 5227 548 5282 per
576 5208 802 5281 plateas
827 5214 884 5264 et
912 5213 1106 5265 curtes
1155 5226 1189 5264 a
1235 5227 1296 5265 se
1342 5207 1586 5265 invicem
1646 5210 1838 5278 divisi,
1872 5228 1907 5266 a

2022 2634 2273 2703 illectus,
2312 2652 2681 2708 nequaquam
2713 2653 2774 2691 se
2800 2636 3092 2693 abstinere
3124 2639 3313 2710 potuit
3343 2641 3416 2695 ab
3447 2643 3585 2711 ejus
3618 2644 3685 2698 il-

2025 2722 2204 2779 licitis
2234 2724 2623 2796 amplcxibus.
2658 2726 2809 2780 Dum
2842 2726 3025 2799 igitur
3067 2729 3323 2799 quadam
3369 2729 3465 2785 die
3517 2749 3683 2788 more

2024 2812 2193 2867 solito
2223 2814 2646 2869 monasterium
2678 2820 2914 2887 peteret,
2952 2825 3015 2869 ut
3045 2832 3166 2871 sum
3210 2821 3267 2872 et
3313 2817 3503 2889 ipsius
3554 2838 3682 2876 car-

2024 2901 2115 2956 nis
2143 2901 2427 2975 voluptati
2459 2903 2837 2972 satisfaceret,
2888 2905 2939 2959 ei
3000 2910 3204 2960 sancta
3248 2906 3408 2979 virgo
3458 2908 3680 2966 Hume-

2022 2991 2178 3063 gund
2191 2991 2238 3046 is
2250 2992 2309 3045 in
2324 2994 2472 3047 atrio
2485 2993 2749 3063 ejusdem
2764 2994 3103 3049 monasterii
3115 2995 3362 3051 visibilis
3375 2999 3675 3069 apparuit,

2022 3097 2276 3152 eumque
2287 3080 2660 3137 vehementer
2685 3084 2995 3154 increpans
3015 3100 3130 3155 quo
3152 3090 3417 3157 pergeret
3429 3085 3681 3158 requisi-

2021 3168 2120 3223 vit.
2156 3170 2261 3235 Qui
2295 3171 2364 3224 ad
2399 3188 2593 3226 vocem
2626 3172 2982 3245 increpantis
3009 3172 3177 3228 valde
3216 3175 3499 3230 confusus
3547 3193 3677 3232 eru-

2021 3257 2169 3323 buit,
2185 3264 2241 3314 et
2271 3276 2332 3315 se
2362 3260 2433 3314 ab
2465 3277 2635 3331 opere
2666 3261 2884 3317 nefario
2916 3264 3408 3332 compescens,ab
3430 3281 3675 3321 accessu

2024 3346 2200 3402 simul
2231 3353 2288 3402 et
2320 3352 2451 3403 actu
2485 3350 2734 3404 nefando
2767 3351 2838 3405 ad
2872 3355 3105 3420 tempus
3138 3351 3449 3407 subtraxit.
3470 3353 3679 3409 Praedi—

2023 3441 2115 3492 cta
2143 3443 2338 3492 autem
2371 3438 2853 3505 sanctimonialis,
2874 3438 3030 3493 velut
3050 3437 3244 3495 labilis
3270 3446 3328 3495 et
3356 3440 3594 3514 lasciva,
3610 3460 3675 3498 se

2024 3544 2056 3580 a
2086 3526 2207 3581 viro
2231 3530 2625 3597 contemptam
2646 3532 2878 3599 putans,
2896 3529 3036 3581 dum
3062 3529 3343 3584 acerrimo
3366 3529 3562 3586 dolore
3587 3532 3670 3586 fa-

2020 3613 2203 3686 tigata
2234 3631 2295 3669 se
2327 3614 2724 3670 abominatum
2762 3615 3190 3689 ingemisceret,
3223 3618 3449 3689 antiqui
3483 3618 3674 3675 hostis

2021 3703 2253 3758 insidiis
2268 3710 2513 3771 armata,
2530 3706 2801 3760 eumdem
2816 3705 3003 3759 virum
3019 3705 3340 3762 calliditate
3356 3724 3469 3779 qua
3482 3709 3673 3780 potuit

2023 3792 2095 3845 ad
2125 3808 2187 3846 se
2219 3809 2484 3848 revocare
2519 3794 2777 3848 tentavit.
2830 3793 3093 3850 Alfabilis
3142 3795 3417 3866 inquiens
3459 3796 3670 3862 amice,

2020 3898 2126 3935 cur
2154 3898 2246 3936 me
2277 3883 2665 3952 spernendam
2700 3883 2917 3954 putasti
2941 3882 2968 3937 ?
3000 3900 3116 3938 non
3144 3888 3200 3938 te
3229 3884 3372 3939 visio
3395 3902 3574 3957 quam
3596 3887 3674 3941 vi-

2022 3967 2158 4023 disti
2190 3969 2683 4040 absterreat,quia
2712 3987 2826 4025 non
2859 3968 2969 4024 fuit
2997 3971 3309 4042 praesentia
3330 3973 3673 4028 sanctaeHu-

2020 4058 2332 4129 negundis,
2366 4058 2465 4112 sed
2498 4056 2693 4128 aliqua
2732 4058 2801 4113 de
2844 4057 3070 4113 aemulis
3122 4059 3288 4128 meis,
3321 4060 3564 4132 cupiens
3616 4066 3674 4117 te

2022 4151 2276 4200 avertere
2309 4163 2341 4199 a
2373 4146 2588 4201 me.lta
2617 4147 2750 4201 dato
2780 4146 3312 4213 indicio,aliorsum
3334 4149 3671 4205 clanculum

2022 4239 2342 4306 praeparato
2369 4233 2597 4302 ostiolo,
2620 4234 2667 4288 is
2701 4234 3126 4306 spurcissimus
3154 4233 3240 4289 vir
3257 4229 3668 4293 intermissum

2022 4324 2186 4377 nefas
2208 4322 2416 4376 iterare
2436 4323 2803 4378 tentavit.Cui
2828 4341 2961 4379 mox
2984 4322 3225 4396 pervigil
3247 4330 3444 4380 custos
3465 4333 3673 4382 sancta

2019 4411 2180 4484 virgo
2203 4412 2588 4483 Hunegundis
2605 4413 2833 4467 obviam
2847 4412 3021 4479 venit,
3047 4416 3103 4467 et
3124 4412 3331 4468 baculo
3346 4430 3521 4485 quem
3551 4431 3675 4471 ma-

2020 4517 2098 4554 nu
2132 4500 2363 4555 tenebat
2395 4500 2451 4553 in
2482 4500 2719 4572 inguine
2750 4500 3181 4571 percussit.Qui
3205 4517 3338 4555 mox
3354 4504 3671 4575 exsanguis

2019 4589 2259 4644 effectus
2291 4588 2528 4657 corruit,
2546 4594 2602 4645 et
2630 4588 2691 4643 in
2716 4590 2988 4644 manibus
3019 4586 3207 4645 elatus
3239 4606 3379 4645 coxa
3400 4592 3670 4662 ejusdem

2018 4677 2445 4733 intumescente
2491 4679 2693 4733 eodem
2743 4676 2941 4733 dolore
2990 4678 3169 4732 vitam
3215 4678 3440 4745 ﬁnivit;
3494 4682 3671 4751 cujus

2018 4783 2160 4822 coxa
2189 4784 2342 4822 anno
2374 4767 2597 4839 integro
2629 4770 2761 4821 ante
2793 4765 3015 4822 obitum
3050 4783 3224 4821 suum
3259 4767 3316 4821 in
3339 4771 3493 4822 terra
3514 4785 3669 4824 com-

2018 4855 2259 4927 putruit.
2278 4857 2385 4911 Pro
2408 4857 2578 4927 cujus
2600 4860 2795 4910 tamen
2816 4854 3113 4910 curatione
3135 4854 3457 4911 amicorum
3470 4859 3669 4914 studio

2021 4946 2278 4999 maxima
2301 4945 2545 4999 donaria
2576 4945 2646 4999 ad
2680 4944 3039 4999 offerendum
3065 4947 3279 4998 sanctae
3296 4943 3506 5016 virgini
3528 4962 3672 5017 pra:-

2018 5037 2316 5105 parantur,
2352 5050 2478 5104 qua
2508 5032 2663 5088 velut
2709 5033 3191 5088 immundissima
3240 5037 3494 5090 stercora
3526 5036 3668 5107 reji-

2016 5122 2271 5177 ciuntur.
2307 5122 2451 5176 Nam
2485 5121 2691 5176 iisdem
2726 5120 3048 5193 plurimum
3097 5137 3477 5177 nummorum
3526 5125 3667 5179 oﬁ'e-

2018 5210 2284 5266 rentibus
2316 5210 2485 5264 turbo
2517 5208 2744 5265 ccelitus
2767 5208 3075 5280 irruit,qui
3097 5211 3261 5263 tanta
3280 5209 3668 5281 exagitatione

257 5298 420 5354 nullo
452 5313 715 5369 unquam
748 5302 952 5370 postea
981 5303 1120 5353 sunt
1146 5298 1430 5370 requisiti.
1456 5299 1645 5369 Hujus
1678 5299 1758 5353 rei
1780 5289 1975 5372 plu-D
2005 5300 2341 5373 praedictam
2368 5298 2724 5354 oblationem
2753 5298 3073 5354 exsufﬂans
3098 5297 3402 5369 dispersit,
3432 5305 3496 5354 ut
3519 5300 3667 5356 nulli

258 5386 393 5443 rimi
440 5391 619 5442 testes
667 5386 946 5457 existunt,
979 5403 1048 5442 ex
1103 5388 1321 5459 quibus
1370 5388 1639 5459 quaedam
1692 5388 1904 5443 mulier

257 5476 493 5533 nomine
523 5475 802 5531 Dodisma
831 5493 1019 5548 nuper
1048 5477 1121 5531 ab
1152 5477 1260 5531 hac
1291 5474 1419 5531 luce
1451 5477 1753 5532 subtracta
1790 5482 1898 5542 est,

257 5582 384 5636 quae
416 5581 477 5619 se
507 5568 683 5618 tantae
715 5564 791 5619 rei
827 5563 1163 5620 interfuisse
1192 5581 1259 5619 ac
1301 5582 1369 5618 ex
1415 5565 1500 5619 eis
1546 5582 1714 5618 suam
1766 5583 1895 5636 por-

252 5654 471 5710 tionem
498 5652 826 5726 percepisse
857 5653 1043 5709 veraci
1074 5654 1395 5709 assertione
1426 5654 1736 5709 fatebatur.

323 5744 410 5800 10.
442 5744 660 5800 Eodem
698 5747 958 5816 tempore
987 5747 1110 5799 erat
1136 5742 1374 5815 quidam
1408 5742 1577 5797 miles
1625 5742 1893 5799 nobiliori

241 5850 453 5909 genere
483 5838 735 5903 exortus,
770 5835 1003 5890 nomine
1048 5835 1414 5904 Magenerus,
1448 5831 1548 5903 qui
1582 5831 1889 5900 cujusdam

2014 5390 2288 5460 deinceps
2319 5387 2656 5443 mortalium
2683 5388 3005 5459 quidquam
3028 5387 3099 5442 de
3119 5403 3187 5443 ea
3206 5392 3530 5459 appareret.
3554 5388 3664 5445 Ve-

2012 5496 2141 5534 rum
2177 5477 2322 5533 nulli
2354 5476 2687 5532 incredibile
2732 5475 2914 5532 videri
2961 5476 3149 5542 debet,
3184 5476 3342 5547 quod
3395 5480 3663 5533 sanctam

2011 5568 2109 5622 Dei
2140 5567 2425 5639 virginem
2459 5566 2581 5619 suis
2603 5565 2874 5621 hostibus
2891 5564 3193 5619 visibiliter
3213 5563 3562 5635 apparuisse
3577 5584 3663 5620 re-

2008 5655 2273 5723 tulimus,
2308 5672 2441 5710 cum
2474 5654 2663 5707 simile
2697 5653 2835 5725 quid
2870 5656 2941 5708 de
2974 5654 3141 5709 beato
3172 5652 3337 5708 Petro
3376 5654 3664 5724 apostolo-

2006 5762 2135 5799 rum
2151 5743 2411 5816 principe
2426 5740 2644 5796 inlibro
2662 5741 3037 5812 Dialogorum
3062 5740 3251 5807 tertio,
3268 5741 3377 5795 sub
3401 5742 3659 5814 capitulo

2000 5834 2277 5890 vicesimo
2307 5836 2513 5902 quarto
2564 5835 2806 5887 sanctus
2856 5847 3006 5903 papa
3056 5831 3269 5885 referat
3317 5830 3655 5902 Gregorius.
