3910 6470
119 556 195 623 69
1103 562 1207 622 DE
1248 556 1842 622 TRANSLATIONE
1887 555 1950 616 S.
2006 555 2538 620 HUNEGUNDIS.

3452 562 3532 624 70

120 691 205 748 ait
239 694 396 748 enim
427 693 583 765 quod
615 694 801 750 isdem
850 691 1197 750 venerabilis
1248 692 1473 758 Petrus,
1533 688 1766 744 cuidam
1795 688 1854 754 Α
1874 686 2171 744 mentibus
2192 688 2455 761 generari
2469 689 3233 762 scrupulumdubitationis,
3248 692 3525 765 quodest,

120 780 423 837 Theodoro
437 799 555 837 suae
567 778 823 838 ecclesiae
842 781 1237 838 mansionario
1250 779 1422 836 solito
1443 779 1617 834 citius
1639 795 1767 832 sur-

118 867 299 942 genti,
333 874 509 942 atque
539 865 599 926 in
630 868 840 944 ligneis
868 872 1150 944 gradibus
1172 871 1245 926 ad
1268 870 1575 925 refovenda
1594 866 1768 922 lumi-

119 957 287 1013 naria
314 959 513 1027 stanti,
547 960 821 1016 deorsum
856 961 913 1014 in
947 961 1278 1032 pavimento
1310 963 1475 1013 stans
1515 957 1573 1012 in
1622 953 1772 1011 stola

120 1048 371 1102 candida
399 1049 691 1120 apparuit,
708 1066 960 1123 eumque
987 1066 1092 1104 cur
1109 1053 1229 1104 tam
1254 1048 1369 1102 cito
1401 1045 1768 1112 surrexisset,

122 1137 432 1209 increpuit.

198 1228 285 1281 11.
327 1227 429 1281 His
472 1228 722 1283 breviter
764 1230 959 1297 tactis,
1014 1234 1308 1300 postremo
1342 1228 1412 1281 ad
1446 1244 1512 1280 ea
1542 1242 1669 1295 qua
1700 1224 1771 1278 ad

121 1314 331 1370 horam
346 1316 794 1384 intermisimus,
820 1318 973 1389 quod
991 1322 1259 1388 superest
1278 1315 1569 1370 narraturi
1585 1313 1776 1367 redea-

121 1421 279 1459 mus.
317 1402 561 1470 Quidam
592 1406 681 1460 vir
711 1407 947 1461 nomine
986 1406 1344 1473 Guntardus,
1370 1403 1671 1459 oculorum
1694 1401 1778 1456 lu-

122 1488 284 1549 mine
316 1495 596 1564 privatus,
631 1512 810 1551 causa
848 1495 1123 1550 audiendi
1168 1495 1414 1549 missam
1446 1493 1519 1548 ad
1562 1496 1777 1547 sanctas

118 1582 369 1653 virginis
390 1583 623 1640 divertit
650 1583 992 1639 ecclesiam:
1040 1584 1142 1639 sed
1173 1600 1308 1639 cum
1342 1583 1660 1637 missarum
1692 1597 1781 1635 so-

119 1670 363 1726 lemniis
397 1672 616 1727 ibidem
649 1673 908 1727 officiose
938 1672 1188 1745 peractis
1219 1671 1511 1727 mediante
1536 1672 1657 1742 jam
1687 1670 1779 1724 die

110 1761 338 1831 januas
369 1760 656 1815 inveniret
682 1761 983 1816 obseratas
1014 1761 1290 1827 ecclesiae,
1314 1761 1373 1814 in
1392 1759 1618 1831 porticu
1640 1758 1780 1813 foris

117 1849 442 1919 prostravit
486 1866 546 1903 se
588 1849 648 1902 in
685 1854 919 1915 terram,
965 1848 1189 1903 diutius
1229 1865 1405 1903 orans
1434 1848 1640 1903 adesse
1669 1844 1783 1900 sibi

117 1937 226 1992 Dei
244 1936 729 1992 misericordiam.
748 1936 1007 2007 Surgens
1020 1941 1216 1991 autem
1230 1941 1362 2008 post
1375 1935 1593 1990 multas
1604 1935 1784 2006 lacry-

1880 776 2025 848 proh
2055 776 2256 832 nefas!
2291 776 2616 849 pessimum
2648 794 2834 851 genus
2862 777 3245 838 infidelitatis.
3278 783 3533 840 Caveant

1878 881 2015 937 ergo
2045 866 2417 937 derogatores
2436 864 2766 922 divinorum
2788 884 3051 939 operum,
3076 887 3149 926 ne
3179 873 3533 927 damnentur

1881 970 2017 1010 cum
2043 953 2137 1009 his
2167 955 2238 1008 de
2286 954 2504 1025 quibus
2550 954 2812 1027 loquitur
2840 957 3177 1030 Scriptura:
3210 960 3533 1032 Sepulcrum

1878 1051 2067 1116 patens
2097 1051 2176 1098 est
2211 1050 2403 1113 guttur
2440 1059 2650 1109 eorum,
2684 1045 2891 1116 linguis
2917 1049 3035 1102 suis
3073 1047 3253 1104 dolose
3281 1051 3528 1121 agebant,

1882 1140 2149 1188 venenum
2175 1132 2431 1203 aspidum
2455 1132 2556 1187 sub
2593 1133 2755 1188 labiis
2780 1150 2969 1190 eorum
2998 1136 3169 1206 (Psal.
3201 1154 3255 1192 v.
3290 1139 3399 1210 10).
3424 1140 3532 1205 Qui

1885 1238 2020 1277 cum
2041 1220 2305 1276 viderent
2333 1220 2647 1277 Dominum
2670 1222 2873 1278 Jesum
2904 1224 3218 1281 innumera
3243 1228 3535 1284 mirabilia

1886 1311 2214 1377 facientem,
2253 1315 2311 1365 et
2357 1326 2425 1366 ea
2468 1310 2675 1366 notitia
2701 1312 2900 1383 populi
2931 1314 3220 1371 occultare
3249 1333 3367 1372 non
3400 1334 3532 1390 pos-

1887 1403 2036 1467 sent,
2072 1398 2195 1454 hzec
2233 1398 2490 1471 pessima
2518 1403 2713 1456 mente
2743 1400 3088 1458 calumniari
3122 1405 3427 1461 tentabant
3454 1406 3535 1461 di-

1888 1492 2121 1543 centes:
2155 1488 2220 1542 In
2258 1488 2553 1543 Beelzebub
2593 1491 2845 1562 principe
2886 1491 3191 1548 diemonum
3229 1494 3383 1564 ejicit
3427 1496 3535 1551 dce-

1886 1578 2075 1632 monia
2104 1576 2287 1648 (Marc.
2320 1593 2360 1642 1,
2405 1577 2513 1648 15).
2548 1578 2665 1634 Nos
2702 1595 2836 1634 vero
2885 1579 3226 1654 falsiloquos
3273 1588 3329 1638 et
3371 1600 3538 1641 men-

1889 1665 2072 1721 daciis
2106 1665 2230 1722 suis
2258 1664 2567 1721 infeliciter
2593 1673 2887 1735 vacantes,
2930 1686 3181 1742 quorum
3212 1674 3537 1729 secundum

1889 1754 2238 1826 Apostolum
2259 1770 2360 1809 cor
2378 1753 2665 1827 insipiens
2682 1757 3061 1814 obscuratum
3082 1763 3191 1829 est,
3215 1766 3273 1816 et
3290 1778 3537 1818 evanue-

1892 1848 2031 1899 runt
2058 1842 2119 1899 in
2151 1843 2602 1916 cogitationibus
2632 1843 2776 1912 suis,
2824 1851 3178 1920 recepturos,
3230 1850 3345 1906 nisi
3393 1851 3541 1908 forte

1893 1930 2280 2005 corrigantur,
2303 1931 2516 1988 erroris
2536 1933 2629 1988 sui
2650 1935 2999 2004 mercedem,
3014 1942 3453 2010 postponentes,
3467 1940 3538 1994 ad

117 2042 255 2081 mas
289 2026 363 2080 ab
385 2024 666 2092 oratione,
699 2025 875 2096 coapit
904 2024 1104 2080 oculos
1137 2042 1314 2082 manu
1348 2030 1592 2097 tergere,
1614 2023 1783 2079 resti-
1814 2057 1863 2123 Β
1893 2021 2257 2094 propositum
2290 2021 2618 2090 redeamus,
2651 2026 2709 2077 et
2738 2021 2853 2095 piis
2900 2041 2969 2081 ac
3015 2025 3290 2085 ﬁdelibus
3328 2027 3543 2084 animis

117 2118 253 2169 tuto
287 2114 451 2168 visus
483 2112 593 2168 sibi
622 2114 812 2168 ofﬁcio
826 2113 1067 2168 obtentu
1090 2119 1303 2169 sanctae
1333 2113 1577 2185 virginis
1600 2112 1790 2184 piissi-

119 2220 245 2258 mo.
284 2201 447 2257 Unde
487 2206 544 2256 et
593 2201 825 2257 mulieri
867 2219 1105 2275 gressus
1147 2219 1286 2258 suos
1331 2202 1553 2275 regenti
1594 2200 1739 2255 dixit
1772 2217 1785 2253 :

123 2314 153 2342 ‹‹
170 2290 406 2357 Mulier,
431 2289 664 2345 dimitte
686 2307 806 2346 me:
834 2307 989 2346 nunc
1013 2292 1170 2346 enim
1194 2296 1248 2346 te
1276 2290 1542 2346 trahente
1562 2306 1677 2345 non
1701 2290 1787 2343 in-

120 2381 325 2453 digeo,
360 2378 665 2450 quoniam,
680 2378 796 2434 Deo
809 2379 1049 2450 gratias,
1068 2378 1531 2451 receptolumine
1541 2379 1791 2451 perfecte

119 2470 320 2536 video,
345 2468 500 2539 quod
534 2467 678 2522 mihi
707 2466 797 2539 pie
818 2468 1075 2522 obtinuit
1103 2467 1444 2523 intercessio
1475 2484 1615 2523 mea:
1648 2467 1791 2522 dile-

120 2557 410 2614 ctissimaa
438 2557 688 2611 dominae
720 2560 933 2612 sanctae
956 2555 1178 2611 scilicet
1196 2556 1602 2629 Hunegundis.
1625 2579 1652 2605 »
1683 2557 1791 2612 Ita-

122 2646 481 2720 queingenti
500 2646 700 2700 laetitia
713 2645 1308 2718 perfusus,laudando
1324 2646 1508 2701 Deum
1525 2662 1790 2701 reversus

125 2742 225 2793 est
258 2737 331 2792 ad
356 2735 611 2808 propria.

210 2827 300 2881 12.
332 2826 435 2880 Est
465 2830 521 2879 et
550 2824 709 2879 aliud
740 2841 965 2897 magnae
986 2824 1221 2880 virtutis
1249 2823 1794 2895 miraculum,quod

128 2914 421 2971 abscondi
446 2913 676 2969 silentio
709 2930 823 2968 non
855 2929 1322 2985 essecongruum
1338 2911 1797 2968 existimo.Alius

129 3020 378 3077 quoque
408 3003 494 3057 vir
522 3003 758 3058 nomine
791 3003 1128 3068 Rotbertus,
1161 3005 1377 3074 pedum
1409 3002 1599 3058 ofﬁcio
1629 3002 1800 3058 desti-

132 3100 332 3158 tutus,
349 3091 638 3159 scabellis,
663 3092 920 3147 utmoris
944 3097 1033 3146 est
1055 3090 1283 3159 talium,
1306 3092 1613 3159 subnixus,
1641 3092 1797 3161 ejus-

137 3184 283 3237 dem
307 3181 409 3236 Dei
433 3180 676 3253 virginis
706 3179 1061 3236 solemnitati
1091 3180 1559 3253 glorioszﬁ,prout
1590 3179 1799 3252 potuit,

140 3269 447 3327 festinavit
476 3269 777 3325 interesse.
812 3269 921 3335 Qui
952 3270 1157 3324 eadem
1200 3268 1261 3323 in
1293 3270 1538 3324 ecclesia
1582 3269 1683 3324 diu
1716 3285 1802 3323 re-

142 3365 372 3426 motus,
406 3359 657 3431 gratiam
690 3357 1360 3430 sospitatisinfundisibi
1390 3356 1807 3429 petiitmisera—

1897 2110 2053 2181 quod
2084 2108 2269 2165 oculis
2295 2108 2513 2165 nostris
2542 2108 2817 2179 vidimus,
2850 2111 3098 2169 ﬁdeliter
3126 2116 3470 2174 referamus.

1970 2199 2058 2253 14.
2082 2203 2252 2253 Anno
2271 2197 2452 2271 igitur
2466 2197 2540 2254 ab
2560 2197 2961 2257 incarnatione
2982 2202 3215 2259 Domini
3233 2210 3546 2279 nongente-

1898 2287 2048 2344 simo
2080 2285 2442 2359 sexagesimo
2481 2291 2710 2359 quarto,
2761 2289 2856 2345 die
2899 2294 3100 2348 octavo
3146 2293 3544 2351 Kalendarum

1899 2376 2282 2448 Septembris,
2314 2375 2624 2433 festivitate
2663 2377 2887 2435 scilicet
2931 2379 3114 2436 beate
3162 2382 3549 2457 Hunegundis

1898 2464 2160 2538 virginis,
2183 2463 2293 2519 hoc
2314 2465 2385 2519 de
2400 2480 2516 2536 quo
2538 2462 2841 2538 loquimur
2868 2467 3065 2526 divina
3091 2470 3306 2528 virtute
3327 2473 3548 2528 factum

1900 2559 1991 2610 est
2020 2552 2392 2609 miraculum.
2414 2553 2477 2609 In
2498 2554 2789 2612 territorio
2807 2574 3062 2630 namque
3073 2561 3383 2632 cujusdam
3401 2562 3550 2619 villa

1902 2660 2030 2714 quae
2060 2642 2276 2699 dicitur
2302 2642 2764 2714 Sasnulﬁcurtis,
2799 2662 3088 2705 messores
3134 2648 3195 2705 in
3237 2649 3368 2723 ipsa
3397 2651 3552 2708 festi-

1901 2732 2081 2787 vitate
2108 2733 2471 2787 frumentum
2500 2732 2809 2802 secabant;
2840 2752 2990 2807 quos
3020 2738 3324 2810 presbyter
3348 2756 3551 2796 eorum

1903 2821 2161 2876 nomine.
2195 2819 2536 2875 Lantfridus
2566 2821 2899 2893 frequenter
2926 2841 3031 2897 pro
3079 2826 3191 2882 hac
3229 2828 3555 2886 temeritate

1906 2910 2303 2981 redargueret,
2319 2908 2520 2964 dicens
2541 2927 2603 2965 se
2626 2913 2846 2981 synodo
2877 2913 3211 2973 interfuisse
3242 2917 3301 2972 in
3333 2934 3452 2988 qua
3481 2919 3554 2974 ab

1907 2997 2180 3070 episcopo
2214 2997 2616 3054 Noviomensis
2648 2999 2916 3057 Ecclesiae
2949 3003 3197 3060 Rodulfo
3236 3005 3359 3062 haec
3388 3005 3554 3062 festi-

1909 3086 2060 3142 vitas
2091 3086 2466 3143 devotissime
2487 3087 2773 3144 celebaari
2790 3091 2961 3161 jussa
2981 3093 3112 3148 fuit.
3139 3094 3251 3150 Sed
3272 3094 3406 3168 ipsi,
3429 3113 3559 3152 suo-

1912 3192 2044 3230 rum
2075 3175 2401 3231 vicinorum
2433 3192 2689 3232 errorem
2738 3180 2946 3247 secuti,
2993 3182 3265 3240 dicebant
3311 3201 3375 3240 se
3404 3184 3560 3241 solos

1911 3264 2063 3319 hanc
2089 3263 2460 3319 festivitatem
2476 3282 2591 3320 non
2614 3283 2787 3338 posse
2807 3269 3098 3327 celebrare
3134 3272 3279 3329 dum
3317 3280 3562 3331 cunctos

1913 3371 2055 3410 suos
2083 3352 2730 3412 vicinosviderentsuas
2752 3358 3128 3416 necessitates
3149 3364 3443 3434 operando
3459 3364 3563 3420 im-

144 3448 374 3504 bilibus
406 3426 708 3503 membris.
742 3426 1005 3502 Tandem
1037 3447 1152 3501 Deo
1210 3426 1524 3501 miserante
1583 3446 1807 3500 meritis
1839 3426 1882 3491 C
1916 3442 2091 3514 plere.
2126 3442 2288 3499 Unde
2309 3442 2554 3515 contigit
2574 3449 2638 3499 ut
2662 3447 2929 3517 quaedam
2948 3449 3143 3520 puella
3163 3426 3400 3508 nomine
3422 3454 3565 3509 Rot-

146 3540 340 3594 beatae
351 3536 596 3608 virginis
608 3541 665 3590 et
678 3536 1113 3602 intercessione,
1129 3535 1395 3607 perfectae
1417 3534 1807 3590 incolumitati

145 3627 349 3701 palam
390 3626 618 3681 cunctis
657 3624 873 3681 meruit
907 3624 1176 3679 restitui:
1219 3625 1421 3695 sicque
1450 3625 1669 3679 factum
1696 3628 1805 3691 est,

146 3722 217 3772 ut
228 3715 660 3789 quicontraciis
681 3714 874 3769 nervis
890 3730 1103 3768 curvus
1126 3714 1455 3779 advenerat,
1471 3713 1809 3768 eorumdem

147 3803 541 3877 compagibus
562 3802 707 3858 satis
721 3807 853 3874 apte
875 3802 1181 3869 solidatus,
1200 3802 1577 3874 postmodum
1594 3802 1653 3855 in
1668 3818 1809 3873 gau-

150 3895 251 3949 dio
269 3897 576 3948 remearet.
594 3891 858 3947 Sufficiat
878 3908 984 3946 nos
1011 3907 1198 3963 pauca
1228 3907 1524 3946 narrasse:
1550 3890 1813 3945 calamus

151 3983 338 4039 etiam
378 3985 590 4037 nostra:
631 3979 1041 4052 descriptionis
1081 3979 1251 4051 plura
1292 3979 1482 4034 dicere
1511 3983 1730 4051 posset,
1763 3980 1812 4033 si

152 4071 399 4128 licentia
421 4069 700 4141 temporis
722 4069 1102 4140 permitteret,
1128 4069 1397 4140 quamvis
1430 4068 1617 4123 multa
1636 4068 1813 4122 mira-

157 4161 432 4217 culorum
464 4175 642 4230 opera
672 4174 775 4229 per
797 4158 1035 4212 incuriae
1066 4156 1299 4228 culpam
1323 4155 1442 4211 sint
1458 4156 1818 4229 negligenter

160 4252 406 4305 amissa.
440 4250 701 4320 Agamus
731 4263 866 4318 ergo
904 4245 1125 4319 gratias
1155 4246 1272 4301 Deo
1302 4250 1522 4314 nostro,
1558 4246 1658 4318 qui
1683 4263 1817 4300 san-

158 4346 320 4395 ctam
352 4338 445 4393 sui
475 4336 760 4409 virginem
790 4337 871 4390 ita
898 4335 1243 4408 gloriﬁcavit
1280 4335 1341 4389 in
1372 4336 1613 4401 mundo,
1647 4337 1819 4407 cujus

163 4427 396 4484 meritis
425 4431 483 4481 et
512 4425 914 4480 obsecratione
944 4424 1226 4496 perducat
1258 4442 1364 4479 nos
1404 4423 1689 4479 Dominus
1746 4425 1818 4479 ad

120 4522 127 4535 '
162 4515 383 4589 gaudia
408 4514 662 4569 ccelestis
692 4515 914 4586 patriae,
938 4512 997 4567 in
1029 4530 1148 4584 qua
1179 4513 1306 4584 ipsa
1328 4512 1817 4589 feliciterexultat,

163 4612 222 4661 et
251 4621 392 4660 cum
424 4602 622 4658 choris
650 4602 946 4673 virginum
989 4602 1283 4656 canticum
1321 4618 1533 4656 novum
1574 4586 1821 4657 Domino

163 4698 388 4751 cantat.
424 4692 543 4763 Ipsi
564 4690 770 4763 gloria,
802 4690 992 4746 honor
1021 4697 1079 4746 et
1108 4696 1366 4762 potestas
1388 4691 1449 4745 in
1480 4695 1695 4746 aeterna
1725 4709 1824 4746 sae-

164 4783 323 4840 cula.

242 4874 331 4937 13,
366 4871 432 4926 In
464 4869 777 4924 narrandis
806 4868 1015 4924 divinae
1040 4869 1396 4941 operationis
1429 4868 1820 4936 mirabilibus,

165 4962 265 5017 ille
299 4964 423 5015 tota
468 4958 681 5013 mentis
717 4957 932 5012 virtute
976 4963 1065 5012 est
1104 4958 1309 5029 utique
1340 4956 1690 5024 laudandus,
1732 4958 1826 5013 cui

169 5052 373 5106 cantat
414 5046 698 5119 propheta
733 5044 1250 5119 gratulabundus:
1291 5046 1611 5102 Benedictus
1643 5048 1827 5103 Domi-

170 5156 277 5194 nus
327 5139 472 5192 Deus
508 5136 701 5200 Israel,
757 5136 855 5208 qui
910 5137 1052 5206 facit
1106 5136 1395 5191 mirabilia
1436 5153 1637 5207 magna
1681 5137 1828 5191 solus

172 5228 348 5295 (Psal.
383 5242 611 5290 cxxxnv,
656 5225 731 5295 4).
767 5224 929 5279 Unde
960 5241 1068 5279 nos
1099 5225 1239 5279 totis
1270 5224 1492 5279 viribus
1522 5224 1831 5280 laudemus

171 5324 230 5373 et
262 5315 681 5370 benedicamus
711 5331 867 5382 eum,
904 5313 1005 5386 qui
1045 5312 1156 5368 sibi
1189 5312 1436 5368 ﬁdeliter
1456 5314 1831 5369 servientium

171 5402 426 5477 gloriam
459 5403 647 5474 perire
706 5420 822 5459 non
880 5402 1102 5475 patitur
1132 5400 1513 5457 meritorum:
1547 5403 1647 5457 sed
1681 5402 1836 5458 sicut

173 5491 642 5548 aeternalitereos
655 5492 891 5563 gaudiis
904 5490 1045 5546 facit
1070 5491 1354 5546 interesse
1384 5490 1740 5558 cmlestibus,
1754 5490 1838 5544 ita

174 5583 356 5635 etiam
378 5581 782 5650 temporaliter
807 5598 909 5652 per
939 5580 1207 5651 quaedam
1240 5580 1604 5634 miraeorum
1628 5580 1838 5634 merita

178 5672 252 5726 ad
278 5668 629 5724 mermoriam
662 5669 889 5724 reducit
921 5667 1283 5724 hominibus.
1318 5667 1621 5722 Narraturi
1653 5668 1836 5739 siqui-

177 5761 316 5815 dem
350 5757 510 5828 quod
543 5756 726 5812 oculis
759 5757 975 5812 nostris
1004 5756 1258 5811 vidimus
1291 5773 1569 5828 magnum
1596 5757 1842 5811 miracu—

179 5849 306 5905 lum
340 5844 554 5901 divinzr.
577 5845 831 5911 virtutis,
859 5863 973 5905 non
999 5845 1344 5901 dubitamus
1370 5844 1424 5899 in
1450 5846 1839 5915 quorumdam

1916 3531 2110 3603 gildis,
2139 3531 2399 3602 praedicti
2431 3534 2773 3605 presbyteri,
2806 3536 2960 3591 sicut
2986 3536 3112 3609 ipse
3144 3540 3314 3596 nobis
3342 3541 3564 3610 retulit,

1918 3640 1988 3677 ex
2026 3636 2223 3675 sorore
2254 3621 2466 3693 neptis,
2515 3622 2642 3692 jam
2692 3622 2881 3679 dictos
2940 3641 3232 3682 messores
3290 3646 3566 3701 sequere-

1920 3716 2050 3776 tur;
2083 3712 2140 3763 et
2169 3707 2361 3779 spicas
2392 3725 2521 3780 quae
2550 3726 2752 3765 eorum
2783 3729 2997 3768 manus
3026 3714 3279 3787 effugere
3299 3722 3571 3789 poterant

1921 3798 2248 3869 colligebat.
2283 3796 2546 3869 Cumque
2558 3816 2620 3853 se
2641 3799 2983 3857 inclinasset
3011 3807 3077 3857 ut
3098 3803 3291 3875 spicas
3306 3810 3403 3861 stu
3418 3805 3571 3863 iiose

1922 3886 2238 3959 colligeret,
2300 3903 2478 3941 unam
2541 3904 2576 3941 a
2641 3892 2799 3944 terra
2854 3889 3065 3946 levavit
3119 3910 3296 3964 quam
3355 3896 3570 3952 recenti

1923 3975 2210 4049 sanguine
2222 3974 2519 4032 madidam
2541 3975 2780 4033 invenit.
2812 3981 2995 4044 Quam
3020 3981 3242 4040 mirans
3261 3984 3417 4039 unde
3437 4001 3573 4040 san-

1924 4066 2058 4139 guis
2069 4063 2166 4120 ille
2182 4063 2401 4119 veniret
2414 4065 2859 4137 projecit,aliam
2874 4067 3260 4128 nihilominus
3271 4072 3574 4145 colligens,

1926 4155 2131 4211 eodem
2187 4169 2392 4208 cruore
2450 4154 2782 4210 madentem
2841 4157 3114 4215 similiter
3168 4162 3449 4233 projecit;
3491 4162 3577 4219 sic

1927 4244 2181 4310 tertiam,
2205 4246 2474 4314 quartam
2497 4248 2555 4297 et
2585 4243 2877 4316 quintam,
2901 4252 2960 4302 et
2990 4249 3264 4322 deinceps
3293 4268 3481 4323 usque
3502 4251 3576 4307 ad

1929 4333 2233 4388 fastidium
2261 4347 2466 4387 omnes
2496 4348 2647 4403 quas
2675 4333 2947 4407 colligere
2993 4341 3241 4408 poterat,
3289 4340 3578 4411 sanguine

1930 4422 2133 4494 plenas
2161 4421 2413 4475 videbat.
2447 4420 2609 4477 Unde
2638 4425 2893 4479 tremens
2924 4430 2982 4480 et
3005 4426 3185 4482 nimis
3243 4427 3452 4500 pavida
3504 4429 3577 4483 ad

1931 4514 2156 4582 patrem
2187 4525 2385 4577 suum,
2419 4509 2520 4581 qui
2554 4513 2693 4565 tunc
2724 4511 2870 4567 forte
2901 4513 2960 4567 in
2991 4530 3266 4586 campum
3305 4516 3578 4571 eumdem

1930 4600 1999 4655 ad
2010 4602 2245 4653 venerat
2274 4599 2589 4667 concurrit,
2613 4601 2831 4671 etquid
2858 4602 2910 4656 ei
2932 4602 3258 4676 contigerat
3278 4603 3577 4659 indicavit.

1934 4690 2119 4754 Quam
2152 4691 2318 4759 pater
2339 4704 2485 4742 suus
2504 4686 2661 4742 velut
2679 4688 2958 4759 puellaris
2979 4690 3231 4748 levitatis
3251 4693 3426 4748 verba
3447 4710 3579 4748 nar-

1856 4797 1901 4860 D
1936 4782 2162 4832 rantem
2195 4774 2402 4830 durius
2414 4775 2754 4847 increpavit,
2771 4783 2829 4833 et
2845 4779 2916 4833 ad
2932 4796 3081 4851 opus
3093 4797 3269 4836 suum
3287 4782 3475 4837 redire
3487 4782 3585 4837 ad-

1936 4864 2185 4921 monuit.
2221 4864 2333 4919 Sed
2365 4863 2467 4919 illa
2495 4868 2784 4922 tremente
2813 4872 2989 4939 atque
3026 4868 3110 4924 ita
3156 4874 3222 4923 ut
3268 4869 3493 4925 dixerat
3521 4886 3587 4927 se

1888 4951 1903 4963 ’
1937 4971 2059 5009 rem
2086 4953 2300 5008 habere
2319 4953 2668 5023 afﬁrmante,
2688 4971 2819 5010 eam
2839 4960 3003 5027 pater
3019 4974 3163 5013 suus
3184 4974 3290 5029 per
3307 4974 3585 5029 campum

1922 5047 2175 5104 secutus
2193 5047 2300 5109 est,
2323 5046 2380 5097 et
2393 5043 2657 5114 ejusdem
2679 5045 2906 5100 cruoris
2918 5045 3203 5117 plurimas
3214 5046 3591 5119 spicasinun-

1938 5133 2175 5188 datione
2195 5131 2498 5187 madentes
2517 5132 2892 5206 collegerunt,
2917 5139 2975 5189 et
2995 5135 3356 5206 quaesierunt
3375 5134 3425 5191 si
3442 5135 3592 5192 forte

1941 5223 2001 5276 in
2031 5221 2234 5277 eodem
2265 5237 2471 5292 campo
2494 5220 2707 5293 aliquis
2737 5240 2805 5278 ex
2829 5224 3190 5280 messoribus
3210 5241 3457 5280 manum
3476 5223 3593 5281 sibi

1943 5316 2044 5365 aut
2069 5309 2319 5382 digitum
2351 5309 2675 5379 incidisset,
2694 5312 2850 5367 unde
2867 5313 3111 5386 sanguis
3130 5311 3229 5369 ille
3256 5314 3591 5387 proﬂueret.

1945 5400 2105 5465 Quod
2139 5398 2417 5454 omnibus
2438 5401 2814 5471 stupentibus
2841 5406 3016 5474 atque
3035 5419 3171 5458 cum
3202 5419 3420 5477 magna
3447 5407 3596 5460 atte-

1946 5489 2199 5544 statione
2230 5488 2601 5559 negantibus,
2637 5491 2928 5563 quasdam
2959 5508 3029 5546 ex
3058 5491 3279 5548 eisdem
3310 5492 3490 5565 spicis
3520 5493 3594 5550 ad

1947 5577 2251 5632 ecclesiam
2285 5576 2657 5645 detulerunt;
2691 5584 2749 5634 et
2801 5578 3209 5654 presbyterum
3256 5584 3391 5637 ante
3418 5578 3600 5637 altare

1947 5670 2200 5722 stantem
2224 5664 2604 5733 invenientes,
2640 5668 2689 5722 ei
2722 5669 2916 5741 spicas
2946 5670 3232 5743 sanguine
3260 5668 3464 5743 plenas
3491 5668 3601 5723 de-

1948 5757 2181 5821 derunt,
2214 5757 2271 5808 et
2300 5753 2439 5823 quid
2474 5755 2558 5810 eis
2582 5755 2638 5808 in
2662 5744 2868 5828 campo
2893 5757 3202 5831 contigerit
3219 5774 3323 5829 per
3336 5755 3598 5817 ordinem

1951 5844 2377 5899 indicaverunt.
2413 5843 2523 5898 Sed
2558 5845 2859 5916 presbyter
2887 5848 3184 5918 refugiens
3210 5850 3385 5901 tanta
3431 5844 3600 5900 fama
