3910 6440
1265 565 1612 632 annuam
1629 564 1636 570 '
1654 558 2004 627 ‘ABBATIS'
2031 549 2690 630 HUMOLARIENSIS.
3605 575 3686 635 72

267 721 470 778 auctor
499 714 765 778 existere,
798 709 979 765 dixit:
1037 728 1064 756 ‹‹
1100 704 1160 761 Si
1190 718 1368 776 super
1398 701 1508 758 hoc
1539 698 1696 772 quod
1727 681 1927 752 dicitis
1951 693 2010 760 Α
2037 692 2146 750 hoc
2177 697 2748 774 audiens-proprium
2775 718 2924 774 opus
2944 719 3006 759 se
3028 703 3369 760 relicturum
3389 707 3683 778 promisit,

267 805 524 880 amplius
550 800 772 874 aliquid
804 813 922 854 non
949 795 1166 861 videro,
1200 789 1414 880 populo
1440 785 1784 880 incredibile
1810 783 1921 880 hoc

269 877 584 971 praidicare
595 907 711 947 non
725 888 931 944 audeo.
956 907 984 936 »
1005 883 1167 950 Quod
1185 877 1386 938 dicens
1410 877 1734 952 grossiores
1750 877 1922 950 quasi

267 969 538 1056 lacryma:
567 998 638 1037 ex
655 973 1102 1036 summitatibus
1125 985 1442 1044 granorum
1473 969 1774 1056 coeperunt
1793 983 1924 1022 san-

267 1073 464 1149 guinis
488 1073 666 1144 guttaa
691 1065 996 1140 proﬂuere,
1022 1065 1080 1118 et
1100 1065 1235 1115 ante
1255 1059 1432 1132 pedes
1453 1058 1584 1128 ejus
1611 1056 1672 1110 in
1705 1060 1919 1149 terram

266 1143 647 1226 cadereIQuo
685 1157 810 1212 viso
867 1151 1172 1226 presbyter
1224 1152 1388 1202 tanto
1417 1151 1669 1201 tremore
1699 1143 1922 1216 percul-

267 1270 370 1308 sus
387 1255 496 1318 est,
521 1254 587 1304 ut
603 1246 910 1302 deficiente
929 1239 1142 1313 spiritu
1155 1236 1247 1292 vix
1269 1252 1396 1292 sese
1407 1233 1656 1307 genibus
1673 1238 1920 1288 tremen-

264 1342 427 1398 tibus
446 1354 624 1410 super
642 1335 818 1408 pedes
839 1346 978 1387 suos
1011 1330 1252 1394 teneret;
1287 1328 1344 1380 et
1373 1323 1527 1394 quod
1560 1324 1724 1394 prius
1746 1321 1940 1376 time-'

266 1432 367 1486 bat
396 1409 676 1490 indicare,
711 1417 1088 1494 postmodum
1121 1413 1256 1488 plus
1285 1413 1593 1479 timuit,ne
1614 1427 1724 1466 sua
1742 1409 1920 1484 negli-

265 1517 462 1592 gentia
489 1513 718 1569 tardius
741 1509 811 1565 ad
833 1506 1105 1563 notitiam
1127 1501 1328 1592 populi
1345 1501 1686 1574 perveniret.
1704 1500 1916 1592 Sicque

263 1589 438 1664 tactis
467 1601 655 1676 signis
687 1595 969 1673 populum
1001 1594 1073 1649 ad
1116 1591 1422 1648 ecclesiam
1471 1589 1826 1655 convocavit,
1859 1593 1916 1643 et

264 1713 368 1769 pro
399 1711 508 1751 sua
536 1685 911 1746 inobedentia
933 1700 1033 1739 eos
1056 1681 1366 1752 increpans
1395 1677 1505 1734 hoc
1533 1677 1798 1733 divinum
1829 1678 1915 1734 eis

264 1765 616 1842 miraculum
668 1774 960 1851 patefecit.
1017 1773 1174 1837 Quos
1229 1785 1334 1842 pro
1364 1765 1598 1823 insolito
1628 1765 1912 1822 miraculo

262 1873 485 1931 nimius
514 1870 692 1926 timor
718 1863 951 1930 invasit,
993 1868 1050 1917 et
1079 1861 1148 1916 ad
1191 1857 1593 1932 paenitentiam
1624 1857 1908 1928 agendam

263 1979 367 2036 pro
398 1978 508 2018 sua
535 1955 862 2015 temeritate
883 1948 1359 2024 promptissimos
1379 1945 1654 2002 reddidit.
1678 1945 1909 2017 Egressi

2032 783 2328 857 ﬂagellum
2343 789 2608 860 projecit,
2633 790 2734 846 scd
2758 791 2994 858 stultus,
3015 794 3184 864 quasi
3205 793 3316 851 hoc
3327 793 3512 852 levius
3527 801 3688 852 esset

2031 888 2269 946 scopam
2291 877 2562 948 arripuit,
2584 883 2642 934 et
2659 879 2813 934 circa
2835 897 3029 936 aream
3041 897 3296 951 verrens,
3321 883 3686 940 frumentum

2031 960 2292 1018 adunare
2321 965 2515 1035 cmpit.
2551 969 2736 1032 Quam
2767 969 3065 1024 vesaniam
3097 971 3299 1026 statim
3321 970 3466 1026 ultio
3487 972 3688 1029 divina

2029 1055 2233 1106 secuta
2259 1057 2368 1106 est.
2398 1053 2544 1108 Nam
2577 1072 2711 1110 mox
2731 1057 2860 1128 ejus
2881 1057 3188 1113 brachium
3215 1059 3476 1133 diriguit,
3510 1066 3569 1117 et
3587 1063 3685 1117 di--

2027 1138 2162 1195 vino
2191 1141 2428 1196 verbere
2459 1147 2650 1200 tactus
2683 1145 2740 1198 in
2774 1151 2988 1202 terram
3029 1147 3255 1216 cecidit,
3307 1148 3570 1206 clamans
3619 1167 3683 1207 se

2029 1245 2216 1297 reum,
2246 1247 2310 1286 se
2340 1233 2643 1303 miserum,
2678 1251 2806 1290 sese
2849 1235 2960 1290 sub
3009 1237 3171 1291 omni
3227 1237 3520 1294 celeritate
3548 1256 3682 1296 esse

2028 1319 2408 1375 moriturum:
2431 1323 2586 1394 quod
2601 1323 2817 1378 factum
2839 1325 3185 1396 praedictum
3199 1326 3466 1382 timorem
3491 1327 3676 1395 auxit,

2027 1408 2331 1480 presbyter
2359 1427 2492 1466 vero
2513 1411 2972 1484 circumquaque
2984 1413 3341 1482 discurrens,
3357 1417 3676 1489 sanguino-

2023 1493 2212 1552 lentas
2242 1499 2436 1569 spicas
2477 1499 2537 1554 in
2577 1501 2852 1556 manibus
2893 1502 3106 1571 ferens,
3137 1501 3464 1559 vicinarum
3493 1504 3675 1560 eccle-

2024 1584 2246 1640 siarum
2277 1589 2634 1659 presbyteris
2665 1591 2818 1662 quod
2855 1592 3072 1647 factum
3114 1593 3304 1648 fuerat
3359 1592 3672 1650 nuntiavit.

2023 1673 2130 1738 Qui
2152 1689 2378 1744 omnes,
2406 1680 2580 1732 tanta:
2591 1677 2865 1734 novitatis
2888 1679 3056 1752 signo
3079 1681 3322 1749 turbati,
3341 1684 3677 1740 convocatis

2021 1779 2264 1818 suarum
2298 1765 2711 1836 parochiarum
2744 1767 2999 1840 populis,
3033 1785 3168 1824 cum
3199 1769 3474 1826 crucibus
3503 1775 3561 1826 et
3579 1788 3672 1828 cc-

2021 1851 2135 1906 reis
2167 1869 2283 1907 uno
2314 1854 2466 1910 facto
2490 1853 2936 1925 agmine,‘nudis
2951 1857 3202 1928 pedibus
3232 1875 3368 1914 cum
3390 1859 3672 1932 supplici-

2019 1940 2132 1995 bus
2151 1941 2302 1997 votis
2319 1959 2451 1998 cum
2470 1944 2566 1998 illo
2588 1945 2760 2014 cujus
2777 1945 3084 2000 brachium
3110 1946 3451 2019 diriguerat,
3467 1953 3672 2004 etcum

263 2030 517 2122 denique
546 2047 620 2104 ab
649 2041 896 2101 ecclesia
949 2055 1052 2111 per
1111 2053 1370 2108 campos,
1431 2051 1534 2107 per
1589 2050 1748 2101 rura,
1808 2051 1912 2106 per
1936 2063 1988 2132 B
2019 2030 2213 2101 puella
2243 2031 2436 2104 spicas
2459 2033 2941 2106 sanguinolentas
2963 2035 3023 2089 in
3049 2037 3325 2092 manibus
3345 2038 3582 2107 ferente,
3597 2040 3670 2094 ad

263 2156 454 2214 agros,
488 2155 594 2212 per
628 2135 857 2190 viarum
881 2129 1074 2186 exitus
1103 2125 1563 2214 circumquaque
1581 2123 1910 2214 discurren-

261 2211 371 2298 tes,
413 2211 642 2284 cunctis
683 2219 890 2278 vicinis
947 2215 1074 2273 suis
1125 2213 1498 2280 nuntiabant,
1541 2229 1613 2268 ne
1652 2211 1908 2285 amplius

262 2323 448 2392 empto
477 2313 639 2388 operi
667 2309 1034 2374 insisterent;
1059 2303 1162 2360 sed
1193 2303 1266 2358 ad
1295 2301 1598 2358 ecclesiam
1622 2303 1904 2371 venirent,

260 2412 320 2465 et
347 2391 613 2463 divinum
643 2395 994 2458 miraculum
1024 2397 1348 2450 cernerent.
1379 2391 1606 2458 Quibus
1633 2392 1908 2449 omnibus

261 2495 512 2552 nimium
543 2486 855 2554 exterritis,
888 2485 1047 2540 fama
1083 2478 1350 2548 celeriter
1379 2479 1733 2552 pervolante,
1759 2497 1826 2536 ac
1857 2481 1906 2536 si

260 2601 522 2660 paganos
545 2581 862 2654 rugientes,
885 2591 956 2630 ex
975 2587 1146 2660 opere
1165 2567 1398 2660 proprio
1420 2570 1905 2660 exturbabantur,

258 2657 318 2732 et
344 2657 420 2730 ne
440 2687 618 2744 super
646 2685 708 2726 se
738 2663 966 2724 coalitus
978 2660 1066 2716 ira
1077 2657 1309 2716 Domini
1324 2657 1544 2714 veniret
1565 2658 1912 2732 suppliciter

258 2761 668 2837 precabantur.

330 2852 418 2906 15.
453 2847 702 2916 Quidam
733 2843 930 2913 itaque
961 2837 1220 2894 rusticus
1246 2835 1483 2892 nomine
1514 2837 1827 2895 Rotbertus
1847 2839 1908 2894 in

255 2940 461 2997 eadem
489 2935 629 2995 villa
657 2933 1020 2990 frumentum
1051 2927 1112 2981 in
1143 2941 1280 2981 arca
1306 2925 1471 2998 virga
1499 2925 1781 2982 credebat:
1807 2928 1908 3006 qui

2018 2121 2445 2177 monasterium
2475 2127 2688 2179 sanctae
2718 2123 2915 2178 Mariae
2943 2128 3001 2179 et
3039 2130 3255 2182 sancta:
3286 2127 3673 2201 Hunegundis

2017 2209 2283 2266 celeriter
2311 2217 2732 2283 pervenerunt;
2765 2219 2822 2268 et
2851 2230 3019 2268 suam
3041 2213 3276 2288 culpam
3299 2218 3670 2287 confitentes,

2016 2298 2074 2353 in
2095 2303 2312 2355 terram
2344 2302 2641 2372 prostrati,
2667 2306 2730 2356 ut
2752 2301 2961 2357 fratres
2989 2319 3092 2374 pro
3125 2321 3186 2360 se
3217 2313 3450 2363 orarent
3480 2307 3675 2364 humi-

2015 2387 2149 2444 liter
2175 2389 2503 2460 petierunt:
2545 2390 2699 2460 quod
2733 2393 2790 2444 et
2817 2389 3037 2444 factum
3077 2396 3186 2446 est.
3221 2393 3371 2450 Eant
3399 2411 3535 2468 ergo
3567 2398 3674 2470 qui

2017 2496 2135 2535 non
2165 2479 2412 2534 credunt
2440 2477 2578 2532 huic
2609 2478 2798 2549 signo,
2832 2482 2888 2532 et
2917 2477 3276 2537 calumniam
3306 2483 3528 2540 faciant
3559 2485 3672 2554 illi,

2017 2569 2174 2641 quod
2231 2567 2507 2624 similiter
2555 2566 2610 2621 in
2637 2566 2922 2638 sanguine
2954 2567 3172 2624 factum
3205 2575 3295 2627 est
3323 2571 3384 2628 in
3412 2574 3679 2648 szgypto

2017 2659 2128 2715 sub
2159 2657 2480 2714 Pharaone.
2500 2656 2617 2711 Nos
2645 2672 2780 2710 vero
2819 2655 3234 2716 benedicamus
3263 2677 3400 2716 eum
3430 2663 3534 2734 qui
3559 2664 3680 2719 mi-

2018 2747 2222 2805 rabilis
2252 2751 2341 2804 est
2363 2747 2422 2801 in
2453 2746 2674 2801 sanctis
2695 2745 2840 2812 suis,
2865 2745 3018 2801 Deus
3039 2747 3376 2805 Israéldans
3391 2752 3678 2810 virtutem

2019 2847 2076 2894 et
2107 2836 2510 2892 fortitudinem
2545 2833 2698 2906 plebi
2733 2833 3230 2892 suaa.Benedictus
3270 2835 3426 2894 Deus
3470 2838 3531 2894 in
3563 2857 3675 2898 sae-

2019 2927 2172 2986 cula.
2203 2927 2410 2982 Amen.

1687 3127 2237 3215 APPENDIX
2575 3165 2619 3208 ι

667 3259 762 3316 ΑΙ)
801 3253 1418 3314 TRANSLATIONEM
1459 3254 1815 3314 CORPORIS
1853 3259 2157 3316 SANCTIE
2194 3253 2660 3314 HUNEGUNDIS
2698 3251 3021 3308 VIRGlNIS
3059 3251 3249 3309 APUD

1685 3353 2232 3416 VIROMANDUOS.

330 3569 550 3652 Incipit
573 3563 892 3646 descriptio
910 3579 1092 3643 super
1115 3560 1436 3621 mutatione
1454 3563 1724 3652 corporis
1741 3573 1962 3626 sanctae
1982 3561 2646 3652 Huneguridii§_vi'2'gz'nzs
2673 3557 2970 3639 ahzzr'ﬁcoe,
3003 3558 3407 3652 miraculoque
3436 3560 3588 3622 ιἠίὺτ

1481 3641 1765 3703 davim'tus
1783 3653 1896 3724 put

2069 3641 2222 3706 anno
2253 3644 2432 3704 1051.
3377 3647 3389 3653 '

321 3779 372 3834 1.
405 3777 757 3833 Sanctorum
787 3764 1074 3824 miracula
1096 3763 1444 3838 describere,
1476 3781 1802 3838 eorumque
1823 3767 1902 3822 fa-
1939 3770 1983 3837 α
2012 3766 2198 3838 tisper
2234 3767 2476 3838 obtentu
2522 3762 2867 3838 reverentiai
2909 3762 3232 3838 immorari,
3289 3767 3362 3838 ut
3410 3763 3668 3838 qualiter

249 3854 346 3906 cta
373 3844 630 3919 insignia
659 3843 734 3919 ob
765 3844 1133 3918 posterorum
1166 3835 1434 3919 notitiam
1473 3835 1899 3919 chartulis'im-

248 3906 526 3994 primore:
552 3906 825 3994 fidelibus
848 3906 1499 3994 nonnpigrumju'dicari
1624 3908 1900 3990 omnibus

247 3977 517 4064 apprime
544 3986 735 4064 debet,
761 3977 1150 4064 honorificum
1163 3977 1458 4064 simulque
1478 3979 1896 4064 peccssarium.

301 4048 395 4119 ehi
425 4048 760 4116 fabularum
787 4053 986 4108 naeniae
1005 4051 1147 4105 dum
1161 4048 1456 4104 recitando
1477 4049 1774 4105 fatuorum
1793 4068 1898 4106 au-

247 4119 412 4190 ribus
441 4132 502 4187 in
533 4127 756 4184 malum
778 4123 978 4198 pronis
1008 4121 1378 4198 ingeruntur,
1402 4119 1898 4198 illectusanimus

245 4209 456 4276 torpet,
490 4217 660 4276 mens
685 4190 878 4276 hebet,
902 4190 1216 4276 etpro'pr‘ia
1242 4190 1373 4272 luce
1389 4190 1602 4272 .relicta
1622 4192 1896 4272 deorsum

246 4261 798 4344 ﬂui‘t,corruptionis
811 4261 1441 4344 perniciosalenocinia
1451 4264 1894 4344 concupiscens,

245 4333 558 4430 praise
580 4333 1898 4430 immites.sentientes:fragilitas?

245 4404 652 4490 insipientium
685 4408 902 4490 auditis
931 4404 1302 4490 fatuitatibus
1329 4421 1436 4490 per
1463 4404 1740 4490 proclivia
1763 4423 1894 4476 ἕνα-

244 4475 433 4556 dictis,
467 4489 664 4542 nectat
692 4488 980 4556 catenam,
1013 4493 1132 4548 qua
1159 4475 1348 4556 valeat
1376 4475 1552 4541 trahi,
1576 4475 1893 4556 tartarum-

286 4579 356 4617 ue
369 4547 609 4616 demum
621 4552 911 4624 immergi.
925 4547 1154 4624 Verum
1171 4550 1507 4624 sanctorum
1529 4547 1740 4624 merita
1751 4549 1893 4604 dum

286 4579 356 4617 ue
369 4578 609 4616 αθωιιιῐι
622 4578 911 4624 ιωωυι-ὅι.
941 4578 1143 4604 vcruui
1171 4578 1394 4602 οαιιυυυι
1411 4578 1507 4600 um
1531 4578 1892 4604 υιῠι-ιιαυυιιι

242 4578 540 4702 divulgata
568 4628 630 4683 in
661 4624 930 4702 auditum
957 4617 1155 4702 populi
1194 4619 1598 4702 proteruntur,
1617 4619 1892 4702 virtutes-

284 4721 355 4760 ue
385 4689 588 4758 eorum
622 4697 917 4770 profectus
932 4689 1124 4763 gratia
1139 4689 1507 4770 nuntiantur,
1523 4689 1713 4770 delis
1727 4708 1892 4770 mens

283 4792 313 4830 e
363 4771 571 4828 mortis
601 4760 808 4826 somno
839 4760 1160 4834 exsurgens
1184 4760 1264 4834 ad
1298 4760 1498 4834 vitam,
1532 4761 1605 4814 de
1635 4763 1893 4834 tenebris

240 4842 604 4900 infidelitatis
635 4838 818 4896 exerit
848 4831 1091 4892 brachia
1129 4832 1203 4886 ad
1265 4831 1464 4886 studia
1510 4832 1841 4889 sanctitatis
1873 4849 1889 4890 :

239 4927 720 4995 consurgensque
769 4909 841 4990 ad
867 4979 876 4990 .
890 4920 1192 4995 prospera,
1242 4901 1562 4995 inardesuit
1581 4903 1663 4995 ud
1695 4904 1888 4995 fortia,

238 4973 968 5067 malignitatis‘gyaecipiﬁa
983 4973 1760 5067 PfaE‘ééYet.Piaei‘lle““?"i§
1783 4975 1892 5067 ίὲθτ

238 5043 552 5128 arripiens.
583 5043 917 5128 Taliterque
944 5043 1320 5128 perditionis
1353 5044 1539 5128 ‘nodis
1596 5046 1886 5128 absoluta,

235 5113 418 5184 libero
450 5127 593 5197 pede
624 5113 862 5197 testinat
889 5113 1232 5197 ad-gaudia.
1263 5113 1516 5197 cmlestis
1561 5115 1710 5197 vitia,
1743 5113 1888 5197 (Iug.

235 5145 418 5184 llDeI‘O
465 5145 593 5182 )606
624 5145 862 5179 18811111111.
889 5145 960 5176 au
1003 5145 1219 5190 guuuul
1263 5145 1516 5170 υωιῠθωδ
1567 5145 1710 5183 vum,
1743 5145 1883 5189 qua.-

233 5205 406 5256 tenus
437 5145 620 5254 lgeum
652 5196 893 5250 deorum
925 5189 1114 5246 valeat
1142 5188 1334 5242 videre
1366 5187 1427 5240 in
1457 5186 1691 5256 Sion,id
1713 5194 1804 5244 est
1824 5189 1883 5244 in

233 5256 474 5352 specula
499 5267 751 5352 paci‘f'ice.
767 5263 1032 5319 visionis.
1074 5259 1356 5352 quocirca
1391 5257 1880 5352 vestrmnfratges,

233 5331 566 5398 dilectionis
595 5337 939 5394 charitatem
971 5333 1268 5404 quoddam
1309 5345 1422 5404 n_on
1455 5331 1884 5404 pigeatandire

232 5412 588 5469 miraculum
618 5409 773 5481 quod
796 5400 1082 5481 Dominus
1103 5407 1304 5481 noster
1327 5401 1500 5480 Jesus
1531 5400 1802 5481 Christ-us
1823 5403 1883 5456 in

232 5484 560 5541 mutatione
589 5471 848 5552 cdrporis
869 5495 988 5532 sua:
1019 5471 1405 5552 sanctissima:
1431 5471 1885 5552 virginisxllunc-

229 5556 447 5629 gundis
477 5570 589 5610 sua
616 5543 956 5629 dignatione
983 5547 1166 5628 voluit
1195 5543 1736 5629 demonstra1~e.lDe
1767 5561 1884 5624 qua

227 5612 498 5684 Videlicet
528 5612 1047 5694 mutationeLquia
1075 5613 1410 5694 occasionis.
1434 5612 1718 5694 articulus
1739 5631 1769 5668 c
1787 5612 1880 5669 ‘vi-

229 5683 519 5758 einoisese
547 5695 718 5754 nobis
737 5683 969 5759 obtulit,
1005 5706 1121 5746 non
1147 5689 1251 5744 ﬁat
1280 5683 1587 5740 taediosum
1619 5683 1883 5756 aliquan-

2011 3833 2284 3914 fac'ta,vel
2307 3840 2725 3914 consummata
2753 3834 2828 3889 sit
2854 3833 2984 3914 ipsa
3003 3833 3270 3914 mutatio,
3295 3834 3364 3888 ad
3398 3833 3665 3914 fidelium

2011 3909 2277 3964 notitiam
2302 3908 2511 3964 litteris
2532 3907 2664 3961 licet
2689 3905 2974 3976 imperitis
3007 3909 3183 3976 queat
3203 3905 3521 3976 pervenire.
3546 3907 3661 3963 Ha-

2009 3980 2105 4035 bet
2125 3981 2282 4035 cnim
2315 3980 2640 4035 mercedem
2667 3975 2836 4032 suain
2859 3977 2966 4048 pia:
2997 3975 3322 4032 devotionis
3342 3977 3663 4036 aﬂ'ectuosa

2005 4051 2270 4107 intentio.

2076 4126 2131 4177 2.
2162 4125 2330 4178 Anno
2352 4121 2532 4192 igitur
2560 4119 2876 4174 Dominicze
2907 4117 3326 4192 incarnationis
3345 4117 3662 4176 millesimo

2049 4190 2496 4265 uinquagesimo
2552 4192 2760 4265 primo,
2813 4191 2976 4265 regni
3019 4190 3384 4265 Francorum
3404 4206 3659 4265 _mo_nar-_

2006 4260 2198 4336 Chiam
2223 4260 2588 4336 gubernante
2611 4264 2830 4334 optimo
2847 4260 3108 4336 principe
3122 4260 3661 4336 He‘nrico,_l)hilippi

2005 4331 2467 4407 regisg‘emtore,
2501 4331 2709 4388 abbate
2740 4331 2973 4407 quoque
2998 4331 3250 4387 Macario
3275 4331 3355 4407 (7)
3386 4331 3662 4407 Humdla-

2003 4402 2221 4461 riensis
2246 4407 2491 4461 coenobii
2524 4422 2725 4459 curam
2751 4402 3220 4470 administrante,
3235 4402 3427 4459 visum
3439 4405 3654 4460 estfra-

2001 4478 2193 4534 tribus
2223 4479 2373 4532 beati
2393 4477 2682 4532 Benedicti
2709 4476 2818 4530 sub
2843 4473 3046 4547 regula
3075 4474 3322 4547 Domino
3354 4473 3659 4531 militanti-

2003 4548 2149 4620 bus,
2170 4555 2462 4620 quatenus
2491 4565 2703 4619 corpus
2730 4545 2980 4620 domina;
3011 4563 3132 4620 suae
3159 4545 3658 4620 Hunegundis,_si

2001 4616 2252 4674 facultas
2264 4616 2617 4692 suppeteret,
2634 4618 2849 4692 mutari
2881 4617 3198 4692 debuisset,
3224 4622 3289 4692 ut
3316 4616 3657 4692 c‘ujusscili-

2002 4697 2094 4762 cet
2121 4707 2238 4745 non
2269 4687 2648 4762 ambigebant
2668 4689 2924 4762 animam
2953 4688 3105 4762 inter
3123 4687 3416 4762 virginum
3439 4687 3652 4745 choros

2001 4760 2274 4818 honorari
2303 4761 2362 4816 in
2393 4757 2609 4816 cialesti
2644 4759 2920 4832 thalamo,
2945 4761 3092 4832 pejus
3129 4757 3450 4832 gloriosum
3482 4777 3652 4815 sema

2001 4849 2116 4904 non
2147 4832 2508 4904 negligerent
2539 4833 2594 4886 in
2619 4831 2787 4904 terris
2811 4831 3059 4886 condere
3072 4829 3647 4904 lio'norabilimauso-

1998 4901 2107 4959 leo.
2141 4900 2277 4960 Erat
2307 4900 2463 4959 enim
2488 4903 2544 4958 id
2571 4902 2755 4957 artatis
2777 4919 2943 4957 sacra
2965 4901 3281 4973 margarita
3300 4900 3492 4973 ligneo
3516 4907 3647 4958 tan-

1997 4978 2126 5030 tum
2169 4975 2430 5030 involuta
2487 4974 2780 5040 scriniolo,
2844 4972 3167 5028 forinsecus
3227 4972 3651 5044 aspicientibus

1997 5045 2110 5101 vile
2141 5047 2432 5117 praedente
2462 5044 2846 5117 domicilium;
2871 5044 2972 5098 sed
2996 5044 3350 5117 intrinsecus
3381 5049 3650 5117 servante

1997 5115 2316 5172 admodum
2329 5117 2744 5172 charissimum
2758 5115 3100 5170 thesaurum
3111 5155 3123 5168 .
3148 5115 3348 5186 Ipsum
3365 5130 3495 5170 vero
3509 5115 3651 5170 tedi-

1995 5187 2254 5244 ﬁciolum
2283 5187 2522 5243 laminis
2555 5188 2756 5242 ferreis
2787 5187 2930 5242 adeo
2971 5186 3171 5258 fuerat
3186 5186 3649 5258 circumseptum

1993 5264 2168 5330 atque
2199 5259 2568 5330 prmo-lusum,
2613 5259 2715 5330 cui
2747 5258 3037 5330 introrsus
3096 5255 3651 5330 inhaerebant—ossa

1993 5327 2387 5397 devotissima,
2423 5335 2488 5383 ut
2513 5329 2608 5384 vix
2648 5329 2944 5400 aliquibus
2983 5327 3649 5400 pateretgapertionibus

1993 5407 2202 5473 printer
2220 5402 2536 5456 admodum
2560 5397 2764 5472 paucis
2793 5401 2937 5473 artis
2969 5397 3320 5473 mechanica:
3351 5397 3652 5455 machina-

1992 5469 2274 5528 tionibus.
2297 5473 2496 5526 Eidem
2512 5469 2745 5542 quoque
2767 5471 2926 5526 aliud
2950 5469 3348 5539 maiusculam
3368 5486 3653 5542 superpo-

1992 5543 2175 5598 situm
2208 5545 2474 5598 exstabat
2497 5540 2778 5597 serinium
2814 5543 3277 5613 haudquaquam
3298 5540 3514 5597 minori
3537 5540 3648 5598 sol-

1990 5613 2160 5685 lertia
2181 5619 2608 5685 constructum,
2629 5613 2742 5685 liga
2753 5611 3342 5685 minibusidentidem
3367 5613 3572 5685 ferreis
3591 5618 3651 5668 et

1991 5684 2170 5742 clavis
2191 5684 2647 5758 quamplurimis
2669 5682 2964 5740 munitum
2979 5683 3280 5752 attentius,
3296 5682 3493 5756 sagaci
3507 5700 3651 5741 cura

297 5799 374 5871 (7)
404 5789 602 5871 Multa
617 5793 888 5871 prastitit
915 5783 1348 5871 Humolaricusi
1380 5782 1738 5840 monasterio
1773 5801 1878 5840 suo
1912 5784 2220 5842 commoda
2254 5783 2546 5842 Macarius
2579 5783 2782 5850 abbas,
2812 5799 2940 5853 qua:
2971 5799 3038 5836 ex
3069 5782 3303 5852 cjudem
3333 5779 3446 5838 loci
3477 5779 3647 5836 char-

221 5855 370 5936 tario
399 5855 547 5932 alias
569 5855 685 5930 Deo
715 5865 896 5924 dante
926 5855 1382 5932 publicabimus.
