3868 6442
231 474 310 535 85

1840 475 2043 541 Vi’l‘A.

3576 478 3654 537 86

234 606 550 677 virginum,
584 603 681 658 cui
710 604 967 658 narravit.
998 622 1065 657 ex
1112 605 1316 660 ordine
1347 608 1499 677 quod
1537 608 1645 660 sibi
1688 613 1881 662 osten-
1916 610 1963 675 Α
2001 611 2104 678 pne
2137 610 2461 663 devotionis
2512 610 2732 663 solvere
2780 611 3069 681 nequiret,
3116 617 3291 681 caput
3342 611 3648 666 humiliter

235 714 367 750 sum
406 696 588 748 fuerat
622 694 678 747 in
704 697 992 747 nocturna
1022 694 1262 748 visione.
1295 698 1363 749 At
1400 695 1515 761 illa,
1562 697 1709 750 sicut
1761 703 1881 750 erat

234 784 430 855 sagaci
461 782 655 836 animo
688 781 1243 852 prudentissima,et
1274 783 1566 838 interdum
1602 785 1776 839 etiam
1802 788 1885 838 tu-

232 878 525 937 turorum,
562 870 807 926 Domino
840 870 1150 939 revelaute,
1186 872 1448 943 prirscia,
1484 874 1554 926 de
1588 873 1882 928 nescituro

232 961 459 1017 infante
489 960 677 1015 multa
705 958 991 1032 praedixit,
1028 978 1153 1031 (1111B
1195 977 1329 1016 vera
1358 979 1486 1016 esse
1539 980 1733 1017 rerum
1766 962 1881 1016 exi-

238 1056 333 1106 tus
365 1049 661 1105 indicavit.

306 1139 443 1194 CAP.
478 1138 574 1194 III.
608 1170 675 1179 ——
706 1140 823 1194 Nos
856 1155 1089 1211 quoque
1130 1141 1470 1195 earumdem
1520 1142 1883 1196 somniorum

232 1229 594 1299 conjectures
625 1244 753 1283 esse
776 1229 1191 1300 possumus,in
1226 1228 1462 1284 sublimi
1487 1230 1692 1284 vexillo
1717 1230 1885 1284 intel-

231 1315 484 1388 ligentes
513 1322 781 1372 sanctum
816 1319 1144 1389 virum,qui
1178 1324 1317 1372 tunc
1353 1319 1411 1373 in
1436 1324 1601 1373 utero
1623 1321 1890 1389 portaba-

232 1407 712 1478 turgluandoque
727 1407 994 1461 laturum
1009 1406 1231 1460 militim
1246 1406 1344 1461 Dei
1361 1407 1508 1477 signi
1522 1410 1701 1461 t‘erum
1715 1408 1888 1475 ,sicut

234 1500 292 1548 et
320 1502 464 1559 erat,
499 1513 674 1567 quem
706 1496 1056 1551 multimoda
1089 1494 1471 1550 reluctatione
1502 1503 1703 1551 contra
1735 1498 1889 1551 auti-

232 1601 420 1656 quum
434 1584 661 1640 hostem
676 1602 781 1657 pro
804 1585 1143 1639 defensione
1162 1590 1376 1642 sanctze
1402 1586 1888 1641 matrislﬂcclesiaz

232 1674 709 1745 congredientem
739 1672 1014 1738 vidimus,
1048 1672 1295 1743 ipsoque
1327 1673 1600 1739 bellante,
1635 1674 1753 1728 imo
1788 1692 1889 1745 per

227 1762 431 1833 ipsum
460 1763 577 1816 Deo
609 1761 894 1827 vincente,
936 1776 1249 1831 pravorum
1295 1761 1767 1817 machinamenta
1818 1764 1888 1816 ad

226 1850 491 1917 nihilum
522 1851 757 1905 redacta
800 1848 1237 1920 conspeximus.
1271 1850 1340 1904 Et
1387 1851 1523 1922 quia
1567 1851 1765 1922 aquila
1817 1852 1887 1906 ab

225 1940 507 1996 acumine
536 1937 840 1993 oculorum
872 1943 1132 2004 vocatur,
1163 1943 1220 1994 et
1254 1945 1506 1995 testante
1554 1954 1718 1995 sacro
1767 1940 1883 1995 elo-

223 2030 370 2102 quio
396 2030 711 2085 thesaurus
733 2029 1135 2086 desiderabilis
1150 2030 1460 2102 requiescit
1482 2030 1648 2086 inore
1661 2032 1886 2103 sapien-

226 2121 338 2185 tis;
364 2123 518 2174 recte
546 2136 648 2189 per
679 2132 920 2177 auream
957 2118 1237 2191 aquilam,
1272 2136 1398 2191 qure
1448 2126 1630 2175 totam
1680 2121 1881 2176 urbem

218 2208 459 2263 alarum
472 2208 800 2263 velamento
825 2209 1181 2263 obumbrare
1195 2209 1315 2262 visa
1345 2216 1455 2275 est,
1474 2209 1627 2264 idem
1653 2210 1885 2280 praecla-

227 2315 332 2352 rus
364 2298 449 2351 vir
480 2297 659 2351 totius
691 2297 991 2367 sapientiae
1012 2297 1660 2369 (thesauroidecoratus
1691 2301 1880 2370 expri~

220 2386 440 2452 mitur;
474 2385 574 2457 qui
608 2385 929 2457 perspicaci
964 2390 1022 2440 et
1052 2385 1473 2441 irreverl’ierata
1516 2390 1710 2442 Curitis
1760 2390 1879 2443 acie

224 2476 424 2530 divina
456 2474 814 2545 meditando,
840 2490 1072 2546 semper
1102 2476 1173 2530 ad
1202 2476 1461 2531 cozlestiu
1494 2495 1597 2547 per
1626 2483 1881 2532 contem-

227 2564 545 2636 plationem
576 2562 880 2631 volavit,et
911 2582 1087 2635 super
1116 2564 1453 2623 Ecclesium.
1473 2568 1667 2638 magni
1708 2568 1878 2635 Regis

224 2651 542 2719 civitatem,
585 2668 763 2723 quam
813 2654 1116 2707 contrariae
1166 2659 1483 2725 potestates
1532 2655 1877 2726 impugnare

227 2742 590 2806 nitebantur,
607 2741 1019 2796 umbraculmn
1038 2746 1287 2812 patet-nm
1310 2745 1685 2813 protectionis
1708 2745 1877 2813 longe,

222 2831 456 2901 lateque
486 2830 782 2901 expandit,
814 2834 873 2884 et
903 2837 1311 2885 consummato
1355 2832 1485 2885 boni
1536 2834 1876 2888 certaminis

223 2937 429 2985 cursu,
454 2920 525 2973 ad
559 2918 838 2973 visionem
874 2919 972 2974 Dei
1006 2920 1061 2973 in
1086 2926 1424 2973 sanctorum
1451 2923 1731 2976 comitatu
1756 2940 1877 2993 per~

222 3009 403 3074 venit,
434 3007 590 3062 sicut
621 3009 679 3062 in
712 3008 1021 3079 Evangelia
1071 3025 1207 3063 voce
1256 3010 1559 3064 Dominiea
1610 3012 1826 3065 dicitur
1860 3030 1871 3066 :

227 3098 560 3168 Ubicumque
575 3098 747 3167 fuerit
767 3114 981 3168 corpus,
1010 3099 1146 3153 illuc
1164 3100 1634 3169 congrmabzmtur
1652 3102 1871 3171 aquilis.

217 3186 371 3253 Quia
404 3186 502 3239 ubi
538 3186 661 3256 ipse
695 3186 1048 3256 Redemptor
1080 3192 1277 3241 noster
1306 3192 1392 3240 est
1442 3200 1702 3259 Corpore,
1740 3190 1873 3251 illuc

219 3273 424 3345 procul
456 3274 635 3332 dubio
662 3289 775 3347 non
808 3274 1167 3346 colliguntur
1194 3275 1513 3330 electorum
1555 3278 1784 3344 animm,
1815 3283 1875 3335 et

1993 700 2451 768 omnipotentem
2507 700 2817 752 Dominum
2876 705 3152 769 rogatnra
3202 697 3534 765 declinavit,
3588 705 3643 754 et

1992 788 2297 841 confestim
2334 788 2527 843 divira
2560 789 2933 843 miseratione
2964 788 3252 843 consolari
3294 790 3637 859 promeruit.

1994 878 2136 932 Nam
2174 877 2392 930 nullam
2428 878 3102 949 molestiamprocellosis
3134 878 3643 949 tempestatissen-

1997 968 2166 1028 tiens,
2186 968 2379 1021 subito
2410 984 2542 1021 cum
2587 966 2874 1022 inl‘antulo
2908 968 3140 1021 inventa
3190 972 3279 1023 est
3325 968 3536 1022 sedens
3582 967 3640 1021 in

1995 1056 2241 1109 ecclesia,
2271 1074 2447 1127 quam
2479 1057 2638 1110 adire
2669 1056 3034 1127 disI‘ioneliat,
3073 1057 3170 1111 ubi
3202 1056 3489 1111 solemnia
3510 1056 3647 1113 mis-

1997 1163 2197 1199 sarum
2229 1146 2533 1217 presbyter
2562 1145 2887 1199 celebrabat
2919 1162 2930 1198 ;
2957 1151 3009 1198 et
3043 1146 3195 1217 quod
3230 1144 3392 1200 nulla
3419 1146 3645 1201 ratione

1997 1236 2232 1309 credere
2268 1236 2555 1303 potuisset
2588 1238 2653 1287 ut
2687 1234 2871 1304 fieret,
2906 1234 3127 1288 factum
3156 1234 3530 1289 vehementer
3552 1251 3644 1288 ex-

1998 1325 2147 1394 pavit
2173 1341 2185 1389 ;
2221 1329 2274 1377 et
2299 1340 2503 1377 omnes
2535 1323 2714 1393 hujus
2738 1324 2817 1376 rei
2853 1330 3272 1395 cognoscentes
3294 1322 3645 1378 miraculum

2000 1430 2224 1484 magum
2246 1414 2653 1467 admirationis
2676 1418 2882 1484 stupor
2904 1414 3137 1467 invasit.
3159 1413 3323 1469 Sicut
3345 1413 3500 1467 enim
3526 1430 3651 1483 pro-

2000 1502 2177 1572 pheta
2205 1504 2500 1573 quondam
2532 1519 2601 1556 ex
2629 1502 2833 1557 Judzra
2872 1506 3109 1574 repente
3157 1501 3448 1571 sublatus,
3483 1507 3541 1557 et
3588 1502 3643 1555 in

1997 1591 2270 1646 Ulialdaza
2301 1607 2433 1645 cum
2468 1592 2712 1662 prandio
2754 1592 3079 1662 depositus,
3113 1591 3195 1645 sic
3246 1591 3454 1645 beatus
3504 1608 3648 1662 puer

1998 1678 2377 1734 t\(lOl\V’0lflilS
2409 1681 2519 1733 sub
2550 1685 2850 1735 momento
2880 1696 3018 1734 cum
3050 1680 3276 1733 nutrice
3327 1680 3385 1734 in
3426 1679 3645 1750 templo

1998 1772 2088 1821 est
2120 1774 2527 1839 prarsentatus,
2560 1773 2627 1823 ut
2654 1769 2809 1823 sicut
2838 1766 2937 1824 ille
2970 1768 3169 1822 refecit
3209 1784 3466 1839 congruo
3501 1774 3645 1822 tem-

1998 1876 2136 1928 pore
2168 1857 2467 1913 Danielem
2501 1856 2845 1929 prophetam
2880 1857 2937 1911 in
2969 1856 3100 1912 lacu
3131 1856 3386 1923 leonum,
3423 1857 3507 1909 sic
3538 1857 3647 1911 iste

2000 1947 2185 2003 millia
2216 1947 2568 2019 populorum
2602 1950 2867 2019 pasceret.
2897 1946 2955 2000 in
2987 1944 3246 2001 Ecclesia
3282 1949 3641 2001 sanctorum.

2069 2038 2204 2092 CAP.
2255 2036 2350 2094 VI.
2397 2068 2463 2078 —-
2516 2036 2700 2109 Igitur
2747 2034 3089 2108 quotidiana
3150 2035 3413 2107 profectu
3462 2035 3645 2090 crevit

1995 2144 2140 2198 puer
2171 2127 2332 2181 bona)
2367 2125 2600 2191 indolis,
2636 2130 2690 2180 et
2723 2126 2779 2179 in
2811 2126 2940 2196 ipsa
2979 2141 3114 2179 mox
3158 2123 3411 2195 pueritia
3459 2124 3643 2179 sacris

1994 2216 2321 2269 litterarum
2357 2216 2570 2269 studiis
2600 2215 2890 2269 traditus:
2920 2217 2982 2268 ut
3012 2213 3110 2284 qui
3142 2213 3272 2268 aliis
3301 2212 3455 2266 viam
3490 2212 3641 2266 salu-

1995 2307 2067 2358 tis
2092 2311 2215 2358 erat
2245 2310 2610 2370 ostensurus,
2645 2306 2769 2373 ipso
2824 2318 2959 2357 cum
3021 2302 3203 2356 Maria
3242 2312 3411 2356 secus
3460 2303 3639 2373 pedes

1994 2396 2218 2448 Domini
2256 2394 2556 2447 humiliter
2593 2394 2840 2458 sederet,
2874 2396 2931 2445 et
2960 2393 3201 2445 verbum
3231 2407 3301 2444 ex
3331 2407 3430 2445 ore
3478 2390 3639 2445 illius

1990 2484 2308 2538 salubriter
2337 2483 2585 2537 audiret.
2620 2464 2757 2536 Erat
2784 2481 2943 2534 enim
2984 2481 3155 2550 agilis
3203 2485 3419 2536 natura
3463 2484 3636 2553 atque

1990 2580 2196 2627 acutus
2230 2572 2482 2641 ingenio,
2517 2571 2599 2624 ita
2629 2576 2694 2624 ut
2726 2569 3013 2640 quidquid
3046 2571 3338 2639 majorum
3369 2570 3637 2626 traditio-

1991 2680 2059 2716 ne
2094 2663 2396 2727 didicerat,
2433 2675 2547 2715 non
2588 2660 2848 2731 segniter
2895 2657 3169 2712 oblivioni
3220 2659 3494 2725 traderet,
3529 2659 3633 2712 sed

1991 2752 2174 2805 trunci
2237 2751 2432 2821 potius
2485 2750 2779 2803 memoriae
2828 2748 3286 2802 commendaret.
3346 2747 3634 2802 Studebat

1987 2842 2162 2893 etiam
2198 2845 2429 2893 teneros
2472 2839 2733 2909 pueritiae
2766 2854 2949 2891 annos
3001 2853 3231 2891 morum
3284 2836 3540 2891 honestae
3571 2844 3631 2893 "et

1988 2932 2269 2984 virtutum
2304 2930 2644 2983 maturitate
2676 2927 2925 2993 vincere,
2959 2926 3170 2980 divinis
3201 2938 3433 2996 semper
3462 2926 3630 2981 obse-

1987 3019 2141 3091 quiis
2173 3020 2369 3073 omnia
2400 3018 2666 3071 membra
2695 3033 2803 3070 sua
2834 3015 3187 3086 mancipare,
3214 3020 3273 3069 et
3302 3016 3373 3069 ad
3406 3016 3505 3070 Dei
3529 3015 3636 3069 im-

1986 3110 2257 3180 plendam
2292 3108 2654 3162 voluntatem
2688 3110 2867 3160 totam
2913 3105 3129 3158 mentis
3179 3118 3298 3159 sua:
3350 3105 3630 3160 intention

1987 3215 2117 3251 nem
2152 3194 2400 3269 dirigere
2435 3212 2447 3249 :
2483 3197 2680 3266 sicque
2713 3195 3016 3265 prmceptls
3047 3193 3263 3249 Christi
3286 3195 3631 3250 muneribus

1967 3291 2139 3341 recte
2168 3281 2411 3340 vivendo
2443 3285 2663 3357 gratias
2693 3281 2984 3352 exhibere,
3019 3288 3086 3338 ut
3117 3283 3189 3337 ad
3230 3285 3456 3355 majora
3502 3299 3632 3354 psus

220 3365 278 3419 in
314 3364 987 3418 futurmresurrectionis
1019 3363 1206 3435 gloria
1240 3364 1377 3419 illuc
1409 3380 1642 3437 quoque
1664 3384 1865 3422 eorum
1903 3350 1945 3414 (ἶ
1980 3375 2253 3447 nipionda
2281 3350 2495 3444 dignds
2526 3376 2851 3426 mereretur
2880 3350 3177 3427 exsistere.

220 3449 577 3523 colligentur
606 3457 664 3508 et
693 3468 955 3523 corpora.
988 3453 1118 3508 Hmc
1158 3454 1229 3508 de
1277 3456 1641 3509 somniorum
1692 3455 1875 3511 inter-—

223 3541 549 3611 pretatione
584 3541 834 3596 breviter
861 3542 1119 3596 diximus
1155 3560 1167 3596 :
1202 3561 1355 3597 nunc
1397 3545 1466 3598 ad
1523 3545 1874 3599 narrationis

221 3631 490 3685 ordinem
524 3631 853 3685 redeamus.

296 3719 432 3773 CAP.
468 3719 560 3773 IV.
593 3747 663 3760 -ο
685 3721 948 3785 Quadam
982 3736 1233 3792 namque
1255 3722 1349 3776 die
1379 3738 1513 3776 cum
1550 3724 1873 3793 materejus

219 3808 439 3877 stipata
464 3808 691 3863 civibus
719 3813 900 3863 staret
923 3809 981 3863 in
1004 3809 1268 3876 ecclesia,
1295 3826 1472 3865 sacrm.
1504 3811 1696 3864 misi-ur
1728 3813 1873 3866 rele-

223 3896 479 3951 bratioui
512 3896 793 3953 interesse
825 3899 1189 3964 desiderans,
1214 3900 1398 3953 sensit
1426 3902 1682 3955 animum
1711 3901 1872 3971 pueri

219 4003 395 4056 quem
428 3986 668 4057 gerebat
698 3987 759 4040 in
793 3992 979 4050 utero.
1001 3988 1250 4055 venisse,
1276 3995 1331 4044 et
1362 3989 1421 4044 in
1443 4006 1575 4044 eum
1603 3990 1699 4044 Dei
1726 3996 1870 4045 nutu

214 4078 431 4131 cuneta
490 4076 849 4131 moderantis
916 4076 1197 4146 intrasse,
1270 4080 1422 4133 sicut
1480 4084 1684 4149 postea
1750 4079 1872 4150 ipse

216 4171 463 4219 sanctus
493 4164 592 4235 qui
626 4167 963 4220 nasciturus
997 4172 1143 4235 erat,
1169 4168 1296 4239 jam
1341 4170 1648 4239 episcopus
1701 4170 1869 4225 nobis

212 4254 526 4326 gaudendo
560 4255 864 4309 referebat.
899 4257 978 4310 Ex
1007 4270 1124 4327 quo
1155 4259 1489 4312 ostenditur
1516 4276 1652 4312 eum
1684 4276 1715 4313 a
1752 4260 1866 4313 lleo

210 4343 467 4397 electum
496 4344 796 4397 exstitisse
828 4346 1003 4399 etiam
1047 4351 1362 4416 antequam
1416 4354 1775 4412 nasceretur,
1811 4353 1859 4401 et

211 4434 471 4485 animam
506 4433 787 4502 procreati
823 4433 1080 4491 hominis
1136 4454 1271 4501 non,
1309 4442 1372 4491 ut
1422 4437 1661 4508 quidam
1711 4438 1863 4491 :rsti-

206 4526 395 4587 mant,
432 4538 467 4578 ει
496 4527 661 4591 patre
681 4522 770 4575 vel
804 4536 834 4575 a
868 4528 1055 4577 matre
1085 4524 1369 4579 existendi
1404 4526 1637 4580 initium
1668 4544 1861 4581 sumtu

210 4626 296 4677 re,
330 4610 430 4664 sed
465 4616 528 4664 ut
562 4626 689 4665 vere
723 4616 780 4665 et
810 4613 1032 4683 absque
1061 4615 1220 4668 omni
1253 4616 1549 4669 dubietate
1581 4616 1861 4681 creditur,

2057 3466 2190 3518 CAP.
2226 3459 2346 3517 VII.
2382 3494 2447 3501 ——
2476 3464 2738 3532 Cumque
2773 3460 3033 3515 ﬂorentis
3065 3460 3470 3515 adolescentia:
3499 3477 3635 3517 con-

1986 3550 2238 3623 tingeret
2269 3556 2521 3618 aetatem,
2544 3550 2899 3620 praeconium
2932 3555 3147 3603 sanctae
3178 3550 3637 3604 conversationis

1985 3644 2113 3712 ejus
2148 3640 2483 3694 zEdelstano
2512 3635 2653 3711 regi,
2678 3637 2799 3692 filio
2828 3636 3086 3708 praedicti
3113 3638 3267 3710 regis
3298 3626 3634 3705 Eadwardi,

1987 3734 2141 3784 fama
2173 3731 2447 3801 vulgante
2500 3728 2836 3782 nuntiatum
2891 3724 3000 3795 est,
3026 3728 3423 3798 juvenemtu
3472 3727 3635 3782 festi-

1986 3824 2194 3873 nanter
2224 3813 2491 3872 arcessiri
2528 3816 2934 3887 praecepit,qui
2968 3828 3099 3869 cum
3133 3816 3422 3870 adductus
3453 3820 3635 3870 staret

1987 3909 2041 3962 in
2077 3906 2385 3978 prmsentia
2417 3906 2591 3977 regis,
2634 3904 2855 3958 invenit
2905 3904 3155 3973 gratiam
3208 3905 3265 3959 in
3314 3911 3630 3976 conspectu

1984 3998 2131 4065 ejus,
2167 4001 2223 4049 et
2253 3992 2310 4049 in
2343 3994 2528 4049 oculis
2576 3994 2927 4064 optimatum
2977 3995 3144 4064 ejus;
3179 3988 3375 4066 ibique
3423 3996 3630 4049 indivi-

1983 4089 2097 4141 duo
2129 4086 2407 4139 comitatu
2447 4084 2697 4137 multum
2732 4084 3012 4155 temporis
3052 4100 3232 4156 agens
3283 4086 3342 4138 in
3392 4084 3629 4156 palatio,

1985 4174 2151 4247 plura
2182 4192 2213 4228 a
2245 4174 2612 4245 sapientibus
2644 4174 2798 4244 regis
2819 4172 2987 4227 utilia
3016 4189 3081 4227 ac
3114 4175 3374 4243 proﬁcua
3404 4175 3514 4228 sibi
3548 4176 3631 4229 di-

1980 4265 2139 4318 dicit.
2171 4266 2239 4319 Et.
2272 4265 2509 4317 demum
2533 4264 2779 4333 jubente
2822 4277 2954 4331 rege
3005 4264 3077 4317 ab
3128 4262 3343 4332 :Elt‘egn
3391 4255 3627 4317 \Vinto-

1978 4355 2163 4408 niensi
2199 4354 2469 4424 episcopo
2511 4353 2831 4405 secundum
2886 4367 3104 4405 morem
3160 4349 3623 4405 ecclesiasticum

1976 4444 2139 4514 prius
2173 4444 2241 4496 ad
2277 4440 2587 4496 clericatus
2619 4441 2874 4494 ot‘tlcinm
2911 4444 3265 4505 tousnratuis,
3302 4450 3368 4493 ac
3411 4440 3620 4495 deinde

1974 4535 2177 4603 paucis
2208 4532 2543 4586 labentibus
2574 4542 2859 4585 annorum
2907 4528 3215 4583 curriculis
3259 4528 3319 4582 in
3369 4530 3615 4601 gradum

1972 4621 2391 4676 sacerdotalem
2424 4625 2798 4674 consecratus
2830 4624 2937 4672 est.

208 4716 243 4752 a
275 4698 399 4753 solo
432 4700 703 4756 (lreatore
732 4700 973 4756 vitalem
1006 4701 1278 4773 spiritum
1313 4704 1611 4771 viviticari,
1646 4710 1703 4757 et
1745 4705 1859 4759 sin-
1886 4720 1936 4786 Β
2042 4712 2177 4765 CAP.
2209 4709 2357 4763 Vill.
2390 4740 2458 4748 -—
2492 4709 2620 4779 Ipse
2651 4709 2807 4762 enim
2844 4709 3020 4762 beata:
3052 4708 3470 4763 recordatiomg
3512 4710 3614 4764 pa.

208 4787 460 4859 gillatim
494 4788 811 4861 unicuique
845 4791 991 4881 dari.
1028 4792 1301 4847 Nascitur
1330 4810 1466 4865 ergo
1500 4795 1732 4847 futurus
1756 4794 1854 4848 Dei

209 4878 489 4945 pontifex,
524 4883 579 4933 et
612 4878 767 4933 fonte
801 4878 1174 4950 baptismatis
1206 4881 1263 4935 in
1314 4881 1545 4937 Christo
1595 4888 1852 4951 renatus,

202 4965 510 5021 Adelwold
560 4984 594 5021 a
640 4969 984 5038 parentibus
1033 4974 1123 5023 est
1169 4971 1516 5041 appellatus,
1552 4973 1853 5043 sanctique

202 5054 545 5111 chrismatis
601 5058 876 5112 unctione
934 5059 1336 5121 conﬁrmatus,
1400 5062 1598 5129 gratim
1650 5062 1746 5115 Dei
1796 5063 1850 5115 in

199 5145 479 5199 omnibus
509 5147 976 5203 commendatus.

272 5234 402 5287 Car.
434 5232 500 5287 V.
535 5264 602 5273 -—
650 5235 878 5291 Accidit
926 5236 1083 5291 enim
1132 5238 1385 5308 quadam
1439 5238 1684 5293 solemni
1736 5240 1849 5302 die,

199 5339 335 5377 cum
368 5339 529 5378 more
556 5322 726 5378 solito
758 5324 955 5379 nutrix
988 5320 1147 5379 illius
1177 5326 1246 5381 ad
1282 5326 1587 5382 ecclesiam
1610 5345 1847 5399 pergere

199 5415 251 5463 et
287 5412 534 5465 orationi
572 5413 908 5467 incumbere
942 5415 1314 5483 decrevisset,
1339 5420 1458 5470 tam
1492 5416 1741 5471 validam
1768 5418 1849 5471 in-

196 5499 483 5555 undantia
516 5500 722 5573 pluviis
752 5506 1164 5573 tempestatem
1211 5520 1538 5576 erumpere,
1573 5510 1636 5559 ut
1687 5512 1848 5563 extra

198 5588 308 5642 loci
342 5588 543 5655 limen,
578 5591 679 5644 ubi
710 5592 768 5645 in
809 5593 1032 5663 gremio
1082 5595 1287 5647 tenens
1336 5595 1608 5649 eumdem
1656 5595 1847 5651 infan-

201 5681 321 5730 tem
383 5676 635 5747 sederat,
698 5681 905 5751 pedem
974 5697 1204 5737 movere
1264 5699 1375 5735 non
1438 5688 1651 5752 posset.
1714 5688 1849 5751 Quae

205 5766 349 5821 dum
403 5784 654 5824 maerens
703 5769 1071 5826 amarissime
1124 5772 1309 5832 ﬂeret,
1343 5789 1408 5825 eo
1457 5774 1609 5843 quod
1650 5779 1849 5828 votum

1972 4807 2057 4854 ter
2086 4798 2342 4871 Elt‘rgus,
2377 4798 2528 4852 inter
2558 4803 2765 4851 cariora
2796 4797 2904 4850 sibi
2950 4796 3161 4851 collata
3215 4792 3613 4868 spiritualium

1964 4889 2389 4943 charismatum
2422 4888 2594 4951 dona,
2630 4886 2947 4957 prophetia:
2990 4887 3197 4957 spiritu
3251 4886 3509 4957 pollebat
3540 4894 3615 4955 et.

1965 4977 2357 5047 contigiteum
2373 4976 2674 5029 ordinasse
2692 4975 2747 5028 in
2764 4974 2887 5045 ipso
2901 4980 3161 5045 tempore
3176 4976 3353 5043 simul
3367 4970 3614 5033 Dunsta-

1965 5081 2105 5119 num
2139 5071 2189 5117 et
2225 5063 2631 5129 Adelwodum,
2662 5068 2719 5117 et.
2747 5064 3084 5134 quemdam,
3107 5064 3488 5121 Edelstanum
3516 5082 3611 5122 vo:

1962 5153 2303 5224 cabulo,qui
2331 5152 2704 5223 postmodum
2741 5152 3129 5208 monachilem
3155 5154 3425 5210 habitum
3449 5157 3610 5213 dese-

1963 5260 2096 5298 rens
2118 5247 2385 5312 apostata
2408 5241 2481 5295 lin
2491 5247 2697 5297 etenus
2712 5241 3067 5313 perduravit.
3083 5243 3386 5316 Completa
3406 5250 3602 5302 autem

1957 5332 2273 5385 missarum
2302 5330 2688 5385 celebratione
2702 5336 2943 5385 sanctus
2964 5332 3211 5389 antistes
3235 5334 3470 5409 Elfegus
3492 5338 3604 5393 sibi

1958 5421 2321 5475 adhaerentes
2355 5422 2435 5476 ita
2460 5420 2777 5493 alloquitur
2810 5438 2821 5475 :
2861 5444 2886 5470 (ι
2918 5422 3098 5477 Hodie
3131 5439 3325 5479 coram
3358 5427 3475 5481 Deo
3497 5428 3600 5482 tri-

1959 5510 2069 5564 bus
2100 5511 2238 5564 viris
2262 5524 2473 5565 manus
2505 5511 3008 5582 imposuimosque
3038 5512 3098 5567 in
3132 5515 3604 5570 sacerdotiiOrdi-

1959 5614 2093 5654 nem
2125 5600 2451 5654 consecravi
2481 5617 2492 5655 :
2529 5611 2779 5672 quorum
2812 5596 2927 5655 duo
2954 5596 3025 5655 ad
3059 5600 3445 5673 episcopalem
3476 5600 3603 5673 pet-

1960 5688 2190 5761 tingent
2223 5689 2467 5758 apicem,
2503 5707 2657 5745 unus
2690 5690 2927 5761 quidem
2960 5689 3217 5762 primum
3267 5686 3326 5744 in
3370 5680 3602 5747 civitate

1966 5776 2363 5906 Wigpruensi,
2399 5766 2699 5851 deindein
2729 5779 2956 5844 Cantia,
2992 5795 3120 5847 quin
3150 5782 3237 5833 est
3269 5776 3610 5846 metropolis
