3868 6426
247 480 326 539 87

1301 470 1365 528 δ.
1412 457 1931 526 ETHELWOLDI
1971 456 2317 517 WINTON.
2364 455 2601 517 EPISC.

3578 454 3662 518 88

256 610 526 666 Ecclesiae
558 608 750 681 gentis
781 600 1296 675 Anglorumzalter
1323 616 1458 654 vero
1482 595 1625 651 mihi
1649 593 1905 665 quando-
1928 591 1983 655 Α
2014 590 2323 660 Scriptura:
2355 590 2710 651 testimonia,
2746 606 2848 660 per
2876 589 3245 661 disciplinam
3298 592 3567 646 subditos
3601 599 3659 645 et

262 716 374 772 que
407 711 789 753 successurus
812 691 979 745 estin
1006 688 1287 761 pontiticii
1311 682 1907 759 dignitatem,tertius

262 770 459 842 autem
491 801 595 856 per
624 782 849 836 lubrica
877 778 1248 849 voluptatum
1282 774 1685 829 blandimenta
1734 770 1907 825 mise-

264 874 431 931 rabili
465 876 579 927 fine
600 871 925 926 tabescet.»
961 868 1125 921 Tunc
1154 864 1506 919 Edelstanus
1529 859 1910 932 interrogavit

261 968 532 1019 sanctum
590 958 916 1015 antistitem
978 955 1374 1027 propinquum
1418 967 1601 1006 suum
1658 950 1907 1004 dicens:

261 1076 291 1105 «
322 1053 475 1108 Num
507 1048 653 1104 mihi
685 1046 985 1117 continget
1017 1060 1144 1098 esse
1177 1059 1361 1098 unum
1411 1058 1477 1095 ex
1532 1040 1763 1094 duobus
1812 1036 1909 1108 qui

261 1138 575 1213 episcopali
620 1136 899 1192 cathedra
949 1131 1307 1189 sublimandi
1360 1130 1600 1185 sunt?»
1636 1127 1739 1182 Cui
1791 1143 1910 1181 res-

262 1229 467 1304 pondit
497 1227 783 1284 antistes:
822 1247 850 1274 ‹‹
881 1224 1006 1279 Non
1036 1222 1147 1276 erit
1178 1220 1281 1275 tibi
1314 1236 1451 1292 pars
1482 1234 1669 1289 neque
1702 1233 1829 1270 sors
1852 1214 1909 1268 in

259 1335 326 1373 eo
358 1333 533 1389 quem
566 1316 842 1386 praefatus
891 1327 1023 1365 sum
1072 1309 1311 1376 ordine;
1346 1307 1447 1362 sed
1500 1321 1688 1378 neque
1736 1305 1795 1359 in
1844 1320 1913 1358 ea

255 1405 588 1472 sanctitate,
623 1419 798 1475 quam
832 1401 889 1454 in
922 1399 1228 1454 hominum
1261 1400 1577 1467 conspectu
1627 1392 1911 1448 videbaris

258 1494 590 1559 inchoasse,
651 1506 1073 1563 permansurus
1123 1505 1205 1541 es.
1264 1510 1291 1535 ››
1352 1485 1534 1555 Cujus
1592 1482 1910 1555 prophetiie

260 1583 435 1638 verba
462 1596 639 1653 quam
674 1578 953 1634 veraciter
994 1580 1191 1633 essent
1240 1572 1469 1645 prolata
1516 1571 1605 1628 rei»
1645 1570 1911 1643 probavit

258 1677 522 1726 eventus.
564 1671 710 1727 Nam
752 1668 867 1722 duo
912 1666 1087 1737 (sicut
1139 1663 1279 1720 dicit
1337 1661 1678 1732 Scriptura:
1729 1659 1911 1713 Justus

261 1762 589 1831 iustiﬁcetur
616 1757 813 1823 adhuc,
844 1763 899 1811 et
928 1763 1144 1811 sanctus
1193 1751 1561 1822 sanctiﬁcetur
1608 1748 1805 1818 adhuc)
1839 1746 1910 1802 ad

270 1849 647 1921 pontiﬁcatus
704 1845 988 1902 honorem
1036 1845 1448 1917 pervenerunt,
1501 1839 1713 1895 tertius
1776 1852 1911 1891 vero

2022 696 2124 747 per
2154 678 2547 732 humilitatem
2580 677 2949 733 custodiebat
2980 680 3388 750 semetipsum.

2092 768 2225 819 Cie.
2259 766 2324 820 Χ.
2349 798 2415 804 ης-
2447 766 2982 838 Contingitinterea
3002 767 3549 825 victoriosissimum
3575 788 3666 824 re-

2022 872 2153 925 gem
2185 854 2609 924 .‘Edelstanmn,
2635 860 2842 927 quarto
2873 872 3024 909 anno
3054 862 3365 928 postquam
3390 858 3666 913 hostilem

2024 960 2383 1016 paganorum
2415 944 2729 998 exercitum
2763 945 3019 998 maxima
3047 949 3240 1018 strage
3271 948 3538 1017 peremit,
3571 948 3671 1001 ob-

2022 1032 2158 1099 isse,
2184 1037 2241 1087 et
2271 1033 2508 1087 fratrem
2540 1035 2668 1104 ejus
2700 1034 3111 1089 Eadmundum
3142 1051 3244 1106 pro
3277 1052 3342 1090 eo
3373 1036 3535 1109 regni
3560 1054 3669 1109 gu-

2022 1120 2336 1175 bernacula
2367 1121 2717 1193 suscepisse.
2753 1122 2855 1177 Cui
2888 1127 3021 1194 post
3051 1140 3235 1179 annos
3266 1142 3365 1179 sex
3405 1133 3461 1179 et
3492 1127 3668 1181 dimi-

2023 1209 2185 1269 dium
2200 1210 2513 1265 crudeliter
2535 1211 2885 1282 interempto
2908 1212 3193 1267 successit
3215 1214 3272 1267 in
3300 1231 3544 1285 regnum
3563 1215 3671 1269 fra-

2025 1301 2111 1350 ter
2123 1298 2250 1368 ejus
2265 1298 2584 1365 Eadredus,
2601 1298 3061 1369 quieratvcteris
3085 1300 3328 1355 ccenobii
3356 1301 3413 1355 in
3436 1301 3669 1356 Winte-

2024 1385 2119 1439 nia
2150 1385 2420 1456 specialis
2451 1391 2678 1441 amator
2707 1393 2881 1459 atque
2914 1388 3669 1456 defensor,uttestanturea

2022 1491 2148 1545 quae
2180 1474 2567 1546 ipsojubente
2589 1476 2869 1531 fabricata
2891 1483 3029 1531 sunt
3059 1485 3420 1547 ornamenta,
3455 1497 3671 1553 magna

2022 1562 2245 1619 scilicet
2267 1581 2443 1619 aurea
2454 1581 2613 1632 crux,
2631 1564 2813 1621 altare
2834 1583 3098 1633 aureum,
3117 1571 3172 1621 et
3195 1574 3401 1623 czetera
3414 1586 3540 1641 qua:
3555 1570 3671 1624 lar-

2023 1670 2095 1721 ga
2116 1668 2295 1707 manu
2318 1654 2607 1726 benignus
2625 1654 2763 1710 illuc
2787 1656 2859 1711 ad
2884 1655 3163 1711 honorem
3177 1658 3480 1714 beatorum
3494 1673 3672 1731 apos-

2023 1741 2274 1796 tolorum
2301 1741 2451 1796 Petri
2477 1748 2531 1798 et
2555 1742 2716 1797 Pauli
2741 1744 2971 1814 direxit,
2997 1746 3193 1817 ibique
3216 1747 3567 1802 aeternaliter
3598 1742 3671 1805 ad

2024 1830 2123 1885 Dei
2164 1830 2399 1885 laudem
2442 1838 2499 1886 et
2540 1832 2785 1902 gloriam
2836 1836 3165 1890 conservari
3215 1837 3486 1908 praecepit
3520 1854 3533 1891 :
3570 1838 3672 1909 qui

251 1920 424 2009 juxta
455 1934 778 1992 terribilem
811 1933 1023 2006 prioris
1056 1931 1359 1988 sententiae
1391 1926 1910 1983 οοωιῃίῃηιίοῃριιι
1941 1955 1990 2021 Β
2024 1920 2199 1973 etiam
2225 1920 2273 1975 si
2294 1920 2415 1975 vita
2434 1936 2629 1976 comes
2652 1924 3195 1990 tierct,0rientalem
3212 1926 3499 1996 porticum
3514 1927 3672 1998 ejus«

261 2044 389 2098 qua:
420 2025 607 2079 dicit:
645 2023 749 2091 Qui
780 2024 836 2078 in
887 2020 1138 2077 sordibus
1186 2027 1265 2075 est
1305 2017 1579 2074 sordescat
1622 2016 1820 2079 adhuc,
1854 2014 1913 2069 in

260 2115 440 2169 fetore
468 2112 712 2169 luxuriae
740 2110 922 2165 vitam
953 2109 1161 2165 finivit.

332 2274 468 2330 CAP.
502 2273 594 2330 IX.
631 2302 700 2313 -—
726 2269 1107 2327 Adelwoldus
1138 2273 1335 2324 autem
1369 2267 1584 2322 Christi
1637 2264 1916 2333 famulus,

269 2362 737 2431 nomine,mente
759 2364 817 2414 et
837 2375 1010 2430 opere
1032 2356 1366 2422 benevolus,
1383 2360 1603 2410 arctam
1619 2354 1769 2409 viam
1794 2372 1920 2425 qua:

277 2452 439 2508 ducit
469 2451 541 2506 ad
572 2449 752 2504 vitam
787 2453 940 2502 recto
981 2447 1186 2502 itinere
1235 2444 1530 2517 gradiens,
1585 2443 1925 2515 quotidiana

279 2542 395 2595 Deo
428 2543 774 2611 cooperante
806 2537 1035 2593 studuit
1084 2533 1485 2589 melioratione
1534 2548 1921 2599 succrescere,

279 2632 428 2685 dans
440 2645 675 2701 operam
699 2626 1011 2698 diligenter
1031 2624 1311 2680 doctrinis
1334 2628 1390 2678 et
1413 2622 1693 2693 exemplis
1713 2622 1925 2694 Eli‘regi

282 2719 641 2791 susceptoris
672 2722 729 2773 et
757 2715 1110 2771 ordinatoris
1142 2713 1416 2768 sui.!\'am
1449 2713 1604 2784 apud
1634 2729 1767 2767 eum
1794 2730 1931 2784 prae-

282 2809 533 2880 cipiente
564 2823 719 2880 rege,
766 2822 880 2877 quo
915 2804 1123 2859 melius
1173 2803 1555 2866 imbueretur,
1588 2801 1929 2873 aliquandiu

283 2902 682 2951 commoratus
720 2900 828 2961 est,
862 2910 927 2949 ac
961 2892 1335 2963 postmodum
1387 2890 1746 2944 Glestoniam
1797 2907 1934 2962 perw

286 2985 544 3051 veniens,
579 2982 875 3055 magniﬁci
917 2982 1021 3036 viri
1067 2979 1354 3035 Dunsteni
1405 2979 1635 3033 abbatis
1666 2980 1933 3049 ejusdem

283 3068 1015 3141 monasteriidiscipulatui
1040 3086 1100 3123 se
1127 3067 1574 3138 tradidit.Cujus
1599 3068 1935 3138 magisterio

287 3159 543 3216 multum
576 3156 1158 3229 proﬁciens,tandem
1193 3155 1501 3210 monastici
1533 3156 1755 3210 ordinis
1779 3156 1939 3212 habi-

276 3253 408 3306 tum
431 3247 504 3304 ab
525 3246 652 3317 ipso
675 3245 953 3316 suscepit,
970 3242 1298 3316 humilique
1323 3244 1623 3298 devotione
1646 3245 1773 3315 ejus
1786 3250 1933 3320 regi.

284 3336 431 3391 mini
463 3334 697 3391 deditus
727 3338 835 3389 est.
868 3333 1084 3387 Didicit
1132 3349 1385 3405 namque
1433 3333 1575 3388 inibi
1628 3319 1929 3394 liberalem
1971 3319 2014 3386 C

293 3424 691 3498 grammaticae
721 3422 865 3477 artis
896 3422 1187 3493 peritiam,
1223 3426 1397 3494 atque
1432 3423 1776 3480 niellifluam
1809 3443 1936 3481 me-

286 3512 447 3568 tricae
477 3511 724 3567 rationis
754 3510 1154 3579 dulcedinem;
1179 3516 1233 3565 et
1268 3528 1429 3566 more
1461 3514 1586 3585 apis
1609 3516 1939 3585 prudentis-

288 3602 615 3672 simae,qua2
637 3600 785 3655 solet
806 3600 941 3654 boni
965 3599 1160 3655 odoris
1196 3600 1432 3656 arbores
1462 3602 1935 3658 circumvolando

286 3689 601 3762 requirere,
638 3694 694 3746 et
715 3689 965 3759 jucundi
1000 3689 1226 3759 saporis
1266 3688 1523 3745 oleribus
1574 3692 1930 3759 incumbere,

287 3779 617 3833 divinorum
651 3777 925 3848 carpebat
962 3775 1329 3832 voluminum
1380 3778 1571 3833 ﬂores.
1607 3779 1932 3834 Catholieos

282 3882 514 3939 quoque
543 3872 599 3920 et
629 3866 962 3921 nominatos
994 3866 1255 3921 studiose
1280 3865 1509 3937 legebat
1539 3870 1929 3933 auctores,in~

279 3971 457 4025 super
476 3953 693 4027 vigiliis
714 3959 772 4007 et
793 3953 1157 4007 orationibus
1178 3957 1929 4025 perseveranterinsistens,

279 4050 337 4097 et
365 4041 725 4098 abstinentia
744 4042 1129 4112 semetipsum
1157 4042 1459 4110 edomans,
1477 4049 1533 4097 ct
1562 4045 1771 4098 fratres
1786 4062 1932 4099 sem-

282 4146 385 4201 per
413 4131 485 4185 ad
518 4130 703 4186 ardua
722 4129 1179 4195 cxhortans.Qui
1204 4147 1338 4185 cum
1363 4148 1466 4201 pro
1490 4132 1698 4186 merito
1721 4135 1930 4187 sancti-

280 4219 421 4274 tatis
452 4219 524 4274 ab
555 4218 831 4275 omnibus
865 4224 1257 4287 amaretur,et
1287 4221 1626 4274 monasterii
1652 4222 1930 4276 decumus

280 4308 355 4363 ab
368 4308 578 4364 abbate
591 4325 697 4363 suo
710 4308 1166 4363 constitueretur
1181 4325 1194 4374 ;
1212 4306 1437 4363 nullum
1460 4307 1729 4365 elationis
1744 4311 1934 4365 incur-

285 4397 362 4452 rit
384 4395 735 4469 periculum,
751 4397 852 4451 sed
872 4401 1048 4449 tantze
1067 4396 1348 4466 subjectis
1366 4397 1616 4468 priebuit
1635 4398 1934 4456 humilita-

286 4487 363 4544 tis
395 4486 752 4558 exemplum,
772 4484 1186 4556 utquotidiano
1200 4501 1483 4551 manuum
1498 4502 1669 4557 opere
1694 4489 1929 4547 hortum

287 4574 601 4631 excolendo
632 4574 944 4638 laboraret,
961 4578 1017 4627 et
1032 4573 1311 4627 fratribus
1323 4574 1393 4627 ad
1424 4576 1736 4645 prandium
1762 4596 1934 4648 poma

2025 2009 2155 2063 dem
2196 2008 2625 2066 Wintoniensis
2678 2010 2934 2066 ecclesize
2985 2013 3283 2070 deauratis
3324 2015 3671 2070 imbricibus

1962 2150 1971 2155 -
2026 2098 2310 2153 adornare
2339 2098 2652 2169 disposuit.
2673 2099 2853 2170 Cujus
2884 2102 3047 2173 regni
3080 2108 3339 2174 tempore
3359 2106 3446 2160 vir
3474 2105 3667 2160 Domi-

2030 2186 2085 2240 ni
2119 2185 2499 2242 Adelwoldus
2530 2188 2719 2243 adhuc
2758 2188 3001 2260 cupiens
3049 2192 3318 2263 ampliori
3350 2195 3679 2266 Scriptura-

2031 2292 2162 2329 rum
2212 2275 2458 2330 scientia
2507 2276 2720 2342 doceri,
2773 2282 2832 2331 et
2882 2281 3208 2335 monastica
3237 2282 3518 2354 religione
3551 2301 3679 2354 per-

2035 2364 2242 2418 fectius
2274 2363 2597 2431 informari,
2616 2365 2868 2419 decrevit
2898 2364 3053 2421 ultra
3083 2369 3342 2424 marinas
3364 2372 3527 2425 adire
3550 2389 3681 2442 par-

2036 2458 2143 2507 tes.
2159 2452 2271 2507 Sed
2301 2452 2651 2508 venerabilis
2674 2454 2877 2526 regina
2898 2455 3165 2528 Eadgiw,
3181 2462 3370 2513 mater
3392 2460 3550 2531 regis
3564 2477 3684 2514 me.-

2037 2541 2286 2612 moriali,
2302 2542 2640 2613 praevenitej
2652 2560 2719 2597 us
2740 2544 3224 2614 conamina,dans
3236 2546 3549 2602 consilium
3565 2550 3683 2621 regi

2038 2649 2111 2685 ne
2132 2630 2310 2686 talem
2331 2630 2519 2685 virum
2544 2631 2759 2686 sineret
2782 2633 2975 2705 egredi
3002 2635 3073 2689 de
3096 2650 3272 2707 regno
3295 2652 3421 2701 suo,
3447 2637 3692 2708 insuper

2041 2738 2308 2775 asserens
2334 2725 2553 2775 tantam
2580 2721 2635 2775 in
2659 2738 2725 2775 eo
2748 2721 2929 2776 fuisse
2959 2722 3060 2777 Dei
3086 2724 3454 2794 sapientiam,
3482 2742 3610 2796 quae
3633 2732 3693 2779 et

2042 2810 2154 2864 sibi
2194 2817 2249 2865 et
2302 2810 2433 2864 aliis
2482 2812 2749 2865 sufﬁcere
2798 2817 3014 2882 posset,
3052 2814 3319 2884 quamvis
3365 2815 3437 2868 ad
3486 2814 3693 2869 aliena:

2044 2900 2244 2970 patriis
2278 2901 2423 2953 lines
2455 2900 2527 2953 ob
2558 2898 2709 2954 hanc
2739 2916 2976 2954 causam
3011 2902 3254 2956 minimc
3286 2904 3570 2958 tenderet.

2115 2988 2250 3055 CAP,
2283 2988 2375 3042 ΧΙ.
2410 3020 2478 3028 —
2509 2988 2731 3053 Quibus
2762 2989 2980 3043 auditis
3010 2990 3335 3045 delectatus
3375 3008 3491 3057 rex,
3529 3010 3696 3064 mag-

2047 3094 2181 3132 nam
2214 3077 2368 3130 circa
2396 3077 2497 3130 Dei
2529 3074 2816 3129 famulum
2848 3077 3021 3146 ccepit
3047 3077 3260 3132 habere
3291 3078 3694 3147 dilectionem,

2045 3165 2381 3238 placuitque
2412 3165 2484 3230 ei,
2519 3164 2798 3219 suadente
2831 3168 3015 3218 matre
3046 3167 3325 3232 sua,darc
3347 3173 3552 3221 saneto
3576 3171 3701 3226 viro

2048 3255 2363 3327 quemdam
2395 3252 2586 3307 locum
2608 3251 2887 3308 vocabulo
2899 3254 3269 3321 Abbandum,
3287 3256 3344 3309 in
3367 3273 3482 3328 quo
3505 3258 3664 3312 modi
3689 3289 3703 3298 -

2045 3361 2178 3399 cum
2200 3342 2531 3413 antiquitus
2554 3342 3058 3407 monasteriolum,
3075 3344 3174 3397 sed
3200 3348 3481 3398 erattunc
3498 3347 3698 3417 negle-

2046 3438 2204 3487 ctum
2229 3449 2293 3485 ac
2326 3430 2695 3494 destitutum,
2728 3429 2942 3484 vilibus
2974 3432 3234 3487 aediﬁciis
3262 3434 3611 3499 consistens,
3639 3442 3695 3490 et

2047 3520 2435 3593 quadraginta
2466 3524 2695 3573 tantum
2738 3536 2975 3575 mansos
3025 3522 3371 3591 possidens;
3406 3522 3695 3595 reliquam

2045 3626 2177 3664 vero
2208 3609 2429 3681 praefati
2461 3608 2568 3662 loci
2604 3614 2839 3673 terram,
2877 3628 3002 3681 qum
3043 3613 3278 3665 centum
3326 3617 3693 3666 cessaturum

2046 3698 2248 3752 lustris
2270 3698 2405 3751 hinc
2438 3697 2571 3751 inde
2594 3701 2852 3769 gyratur,
2869 3697 3048 3769 regali
3080 3700 3340 3754 dominio
3363 3700 3693 3770 subjectum

2046 3806 2143 3842 rex
2173 3787 2294 3857 ipse
2328 3786 2686 3858 possidebat.
2738 3786 3095 3858 Factumque
3147 3794 3254 3857 est,
3289 3789 3694 3842 consentiente

2044 3877 2347 3929 Dunstano
2366 3874 2596 3941 abbate,
2613 3876 2937 3929 secundum
2958 3876 3504 3948 regisvoluntatem,
3525 3883 3587 3931 ut
3607 3878 3696 3932 vir

2043 3965 2139 4018 Dei
2157 3963 2537 4018 Adelwoldus
2568 3965 2871 4035 prmnotati
2896 3964 3005 4019 loci
3040 3966 3690 4037 susciperet.(9)curam,

2040 4060 2332 4125 quatenus
2365 4053 2421 4105 in
2455 4070 2520 4106 eo
2546 4052 2863 4107 monachos
2894 4055 3191 4109 ordinaret
3209 4055 3557 4127 regulariter
3576 4057 3694 4111 Deo

2041 4142 2379 4195 servientes.
2412 4140 2584 4195 Venit
2621 4158 2757 4214 ergo
2807 4158 3008 4197 servus
3057 4143 3155 4198 Dei
3206 4145 3278 4198 ad
3328 4143 3520 4198 locum
3579 4146 3690 4198 sibi

2040 4248 2167 4285 com
2176 4230 2629 4301 missumzquem
2644 4231 2913 4301 protinus
2927 4233 3110 4287 secuti
3127 4237 3265 4286 sunt
3279 4233 3517 4303 quidam
3531 4233 3696 4288 cleri-

2041 4305 2089 4372 ci
2117 4320 2186 4372 de
2208 4318 2525 4384 Glestonia,
2542 4318 2763 4372 scilicet
2786 4318 3063 4390 Osgarus,
3082 4319 3458 4375 Foldbirhtus
3474 4322 3693 4376 Friwe-

2042 4426 2237 4479 garus,
2274 4413 2330 4461 et
2390 4407 2767 4462 Ordbirthtus
2799 4408 2868 4462 de
2898 4409 3294 4478 \V'intonia,et
3318 4410 3598 4464 Eadricus
3624 4411 3695 4463 de

2046 4497 2369 4561 Lundonia,
2387 4497 2515 4566 ejus
2538 4496 2914 4568 discipulatui
2932 4515 2992 4549 se
3007 4499 3348 4554 subdentes.
3365 4499 3694 4571 Congrega-

2044 4586 2239 4656 vitqne
2272 4585 2380 4639 sibi
2417 4586 2473 4638 in
2509 4585 2667 4640 brevi
2718 4586 2907 4657 spatio
2958 4604 3194 4660 gregem
3247 4588 3693 4645 monachorum.

286 4678 355 4718 ac
400 4662 612 4719 diversi
662 4661 892 4734 generis
940 4660 1240 4733 legumina
1268 4672 1617 4734 prmpararet
1659 4683 1670 4719 :
1709 4674 1769 4721 ut
1806 4675 1935 4739 post
1964 4687 2012 4753 D
2046 4676 2260 4748 quibus
2290 4676 2414 4745 ipse
2446 4674 2889 4744 abbasjubente
2913 4692 3043 4747 rege
3066 4677 3370 4730 ordinatus
3402 4677 3694 4731 est.Dedit

290 4749 658 4823 Spiritualem
688 4750 1019 4805 animarum
1056 4750 1771 4825 refectionem,corporum
1798 4775 1936 4828 quo-

292 4854 404 4908 que
437 4837 765 4893 necessaria
788 4837 1168 4902 ministraret,
1203 4855 1316 4909 prie
1344 4840 1526 4895 oculis
1559 4848 1937 4915 semperreti-

296 4942 441 4980 nens
473 4925 617 4981 illud
650 4926 1409 5001 Dominicum:Quicumque
1442 4931 1670 4988 voluerit
1690 4937 1939 4992 intereas

293 5016 471 5085 major
497 5017 641 5085 ﬁeri,
672 5017 747 5071 sit
769 5023 941 5071 vester
978 5017 1257 5079 minister,-
1289 5026 1341 5073 et
1383 5021 1480 5091 qui
1526 5023 1757 5079 voluerit
1801 5027 1942 5082 inter

297 5119 388 5159 vos
416 5105 633 5174 primus
659 5120 792 5171 esse,
824 5106 931 5159 erit
959 5114 1129 5160 vester
1154 5122 1371 5173 senius;
1405 5114 1461 5163 et
1494 5108 1638 5165 illud
1676 5129 1688 5166 :
1735 5113 1942 5180 Quanto

298 5208 531 5264 magnus
560 5208 637 5257 es,
683 5191 921 5248 humilia
950 5202 998 5249 te
1028 5196 1087 5248 in
1115 5196 1388 5261 onmibus,
1419 5206 1471 5251 et
1515 5215 1697 5255 coram
1728 5202 1832 5256 Deo
1864 5206 1945 5257 in-

298 5283 481 5337 venies
508 5284 763 5351 gratiam.
800 5282 927 5338 Haec
960 5290 1018 5339 et
1046 5284 1159 5339 alia
1191 5288 1485 5341 memoria:
1526 5292 1947 5349 commendans

374 5459 451 5531 (9)
485 5459 538 5541 Is
570 5460 752 5541 abbas
782 5462 1226 5541 Abandonensis
1258 5466 1467 5541 Edredi
1504 5467 1804 5541 privilegio
1842 5487 1946 5541 pro

301 5532 1077 5613 ponasteriquulaudensi
1094 5536 1452 5613 subscripsit
1473 5532 1624 5613 anno
1652 5532 1762 5595 94νὸ
1792 5532 1946 5613 apud

301 5598 707 5684 Ingultum.l~_3t
729 5610 934 5684 tamen
967 5606 1025 5684 in
1058 5598 1363 5684 Monastic‘i
1395 5610 1696 5684 Anglicani
1721 5598 1878 5667 tonio
1902 5613 1943 5679 Ι,

302 5674 437 5745 pag.
474 5675 559 5749 1A6,
579 5674 692 5749 col.
722 5676 1177 5749 l,_Abbandonize
1200 5679 1382 5749 abbas
1406 5674 1622 5736 dicitur
1642 5674 1948 5739 ordinatus

305 5760 457 5800 anno
488 5746 734 5819 954;}11
755 5747 1078 5821 legendum
1108 5749 1253 5804 944?
1287 5746 1438 5805 Viros
1460 5757 1772 5810 monastij
1790 5754 1950 5812 disci-

2046 4763 2221 4817 etiam
2256 4780 2352 4817 rex
2383 4763 2813 4833 possessionem
2849 4764 3102 4836 regalem
3128 4782 3302 4837 quam
3338 4766 3393 4818 in
3424 4767 3695 4820 Abunde-

2050 4852 2145 4905 nia
2174 4853 2534 4921 possederat,
2568 4851 2677 4906 hoc
2712 4857 2802 4906 est
2831 4858 3066 4907 centum
3098 4860 3359 4908 cassatos
3390 4871 3523 4908 cum
3555 4856 3700 4926 opti-

2051 4941 2163 4994 mis
2194 4941 2474 5008 aediliciis,
2510 4942 2705 4995 abbati
2748 4946 2804 4995 et
2852 4943 3133 4998 fratribus
3182 4944 3253 4997 ad
3308 4950 3695 5015 augmentum

2051 5028 2375 5101 quotidiani
2408 5030 2687 5095 victus,et
2723 5032 2792 5084 de
2823 5031 2980 5103 regio
3004 5031 3281 5086 thesaura
3312 5050 3417 5087 suo
3440 5033 3695 5086 multum

2052 5135 2150 5171 eos
2183 5119 2238 5171 in
2273 5118 2536 5188 pecuniis
2560 5119 2862 5188 juvit;sed
2893 5125 3079 5174 mater
3099 5121 3227 5191 ejus
3257 5121 3476 5194 largius
3490 5121 3701 5189 solatia

2053 5224 2364 5261 munerum
2397 5207 2481 5261 eis
2512 5207 3121 5281 direxit.Tautamque
3144 5210 3392 5281 gratiam
3417 5210 3703 5264 Dominus

2057 5295 2167 5350 sibi
2182 5295 2569 5351 servientibus
2581 5295 2849 5364 contulit,
2868 5299 3015 5352 utad
3030 5299 3333 5369 praefatum
3348 5300 3700 5364 ccenobium,

2055 5475 2224 5545 plina:
2252 5476 2523 5544 exquisite
2553 5476 2830 5537 callentes,
2862 5491 2932 5529 ea:
2962 5475 3273 5531 Corheiensi
3304 5475 3494 5531 Gallia!
3543 5492 3710 5531 caeno-

2060 5546 2145 5618 bio
2177 5546 2492 5618 accersisse
2525 5546 2755 5618 dicitur
2793 5545 3197 5618 Ethelwoldus
3248 5548 3401 5618 apud
3454 5547 3707 5603 llarsl‘el-

2060 5617 2223 5740 ilium
2256 5614 2449 5739 εέὸρμιί
2482 5634 2536 5681 x,
2572 5634 2697 5687 cap.
2733 5616 2805 5679 9;
2841 5617 3079 5676 consule
3123 5614 3425 5673 Mona—stici
3482 5626 3706 5672 tomum

2090 5730 2101 5740 .
2140 5704 2267 5740 D119.
2344 5707 2389 5740 Ι.

2090 5730 2101 5752 ,
2138 5704 2267 5759 pag.
2298 5704 2359 5739 υ]
2378 5730 2389 5740 .
