3868 6432
210 504 292 564 89

1818 511 2027 575 VI'I‘A.

214 638 370 706 quod
406 642 575 693 antea
606 641 779 694 rebus
810 646 931 695 erat
964 644 1429 715 pauperrimum,
1456 661 1660 700 omnes
1690 643 1867 701 simul
1900 646 1950 710 Α
1973 643 2344 713 etjnvamine
2368 641 2606 696 alterius
2632 640 2881 695 ministri
2914 656 3207 711 peragere.
3231 641 3449 695 Accidit
3474 660 3605 697 nam

213 724 429 779 divitiae
464 732 809 797 putarentur
832 732 1091 799 affluere,
1125 737 1181 788 et
1212 733 1296 788 sic
1329 738 1540 789 cuncta
1571 733 1866 807 prosperis

214 815 587 870 successibus
601 818 969 886 occurrere,u
982 824 1005 873 t
1018 820 1210 892 palam
1231 822 1528 877 sententiis
1550 820 1865 879 Dominicze

214 903 529 973 promissio
565 904 789 978 impleri
832 906 1141 975 videretur,
1177 926 1294 980 qua
1324 910 1539 966 dicitur
1571 928 1583 966 :
1614 913 1866 967 Primum

212 994 447 1062 qmeritc
484 1010 708 1063 regnum
739 996 834 1050 Dei
862 1004 914 1051 et
942 998 1219 1069 justitiam
1250 1000 1394 1069 ejus,
1424 1008 1477 1055 et
1509 1001 1696 1055 omnia
1722 1000 1864 1073 adji-

213 1083 429 1135 ciantur
458 1082 622 1137 vobis.

287 1170 422 1225 CAP.
454 1171 573 1227 XII.
608 1172 779 1227 Venit
836 1191 972 1246 ergo
1024 1193 1119 1231 rex
1177 1178 1432 1249 quadam
1487 1178 1581 1234 die
1626 1180 1699 1235 ad
1738 1196 1862 1234 mo-

213 1259 559 1327 nasterium,
588 1266 651 1315 ut
672 1262 1049 1319 aedificiorum
1081 1269 1437 1322 structuram
1470 1285 1573 1340 per
1603 1268 1862 1341 seipsum

211 1348 529 1417 ordinaret;
547 1366 903 1423 mensusque
916 1353 1112 1408 omnia
1126 1354 1510 1411 fundamenta
1524 1357 1863 1414 monasterii

213 1437 454 1508 propria
466 1454 665 1505 manu,
691 1442 1188 1510 quemadmodum
1210 1461 1409 1500 muros
1431 1444 1652 1518 erigere
1673 1446 1865 1502 decre-

210 1530 391 1592 verat,
427 1527 765 1599 rogavitque
795 1546 929 1583 eum
964 1530 1145 1585 abbas
1178 1530 1236 1585 in
1277 1532 1528 1605 hospitio
1569 1551 1704 1589 cum
1736 1536 1862 1591 suis

210 1615 520 1685 prandere.
554 1616 773 1671 Annuit
805 1634 901 1672 rex
932 1618 1107 1685 illico,
1142 1624 1198 1673 et
1229 1621 1471 1694 contigit
1501 1623 1706 1678 adesse
1752 1624 1862 1680 sibi

212 1720 331 1758 non
364 1721 583 1775 paucos
615 1704 966 1775 optimatum
1000 1724 1243 1763 suorum
1274 1708 1569 1766 venientes
1597 1727 1665 1766 ex
1691 1717 1863 1783 gente

210 1791 843 1861 Nordanhimbrorum,
878 1794 980 1865 qui
1011 1812 1215 1852 omnes
1259 1814 1393 1852 cum
1427 1815 1559 1871 rege
1589 1800 1865 1855 adierunt

206 1880 564 1934 convivium.
600 1881 986 1955 Lartatusquae
1014 1901 1110 1938 rex
1134 1888 1190 1939 et
1202 1886 1388 1955 jussit
1417 1887 1651 1944 abunde
1672 1890 1864 1961 propi-

206 1985 351 2021 nare
376 1968 707 2039 hospitibus
728 1969 1158 2042 hydromellum
1180 1973 1258 2046 [al
1276 1975 1627 2049 medonem],
1645 1976 1861 2034 clausis

204 2055 528 2127 diligenter
557 2056 800 2126 foribus,
838 2077 910 2115 ne
930 2061 1065 2131 quis
1092 2061 1368 2134 fugiendo
1393 2064 1747 2136 potationem
1772 2084 1860 2122 re-

208 2144 366 2215 galis
398 2145 643 2200 convivii
674 2147 939 2203 deserere
961 2149 1273 2205 videretur.
1300 2152 1446 2217 Quid
1469 2153 1694 2209 multa?
1716 2154 1862 2211 hau-

210 2237 420 2288 serunt
451 2232 706 2288 ministri
739 2234 1028 2307 liquorem
1060 2242 1182 2293 tota
1221 2239 1314 2294 die
1346 2240 1416 2295 ad
1449 2257 1683 2297 omnem
1707 2244 1865 2298 sufﬁ-

212 2321 487 2379 cientiam
521 2324 1004 2393 convivantibus;
1053 2327 1153 2381 sed
1206 2328 1467 2399 nequivit
1514 2330 1640 2402 ipse
1669 2331 1865 2403 liquor

211 2410 507 2465 exhauriri
540 2412 611 2466 de
633 2428 785 2479 vase,
803 2414 917 2467 nisi
941 2415 1015 2470 ad
1035 2431 1373 2473 mensuram
1398 2418 1597 2491 palmi,
1614 2421 1673 2475 in
1687 2421 1865 2477 ebrie-

215 2505 330 2553 tate
362 2501 578 2555 suatim
612 2501 1122 2574 Nordanhimbris,
1156 2510 1213 2561 et
1232 2507 1457 2579 vesperi
1498 2525 1632 2564 eum
1663 2509 1863 2567 laetitia

214 2589 640 2657 recedentibus,

286 2679 422 2733 CAP.
447 2678 592 2733 XIII.
618 2711 684 2718 -—
708 2680 832 2734 Non
864 2686 1058 2737 tamen
1084 2684 1257 2757 coepit
1280 2685 1661 2743 Adelwoldus
1681 2689 1863 2746 abbas

214 2767 586 2839 designatum
621 2768 733 2823 sibi
782 2786 930 2841 opus
971 2772 1257 2829 aediﬁcare
1286 2773 1344 2828 in
1391 2775 1602 2832 diebus
1630 2778 1861 2835 .‘Edredi

214 2856 390 2927 regis,
426 2860 564 2927 quia
598 2876 693 2912 rex
724 2859 877 2914 idem
908 2860 1171 2916 celeriter
1199 2880 1268 2917 ex
1300 2863 1407 2919 hac
1436 2864 1553 2919 vita
1594 2867 1865 2938 migravit

213 2946 308 3001 die
342 2963 395 3000 Ix
426 2947 551 3001 Kal.
588 2948 943 3004 Decembris.
990 2951 1099 3005 Sed
1134 2957 1415 3023 regnante
1445 2954 1697 3025 glorioso
1730 2973 1863 3029 rege

214 3035 499 3107 Eadgaro,
534 3035 752 3109 insigni
797 3042 853 3091 et
900 3038 1378 3109 clementissimo,
1413 3048 1765 3116 praepotente
1797 3064 1863 3101 ac

214 3123 599 3179 invictissime
627 3124 780 3196 regis
808 3127 1137 3184 Eadmundi
1170 3130 1309 3199 ﬁlio,
1344 3131 1686 3188 honorabile
1718 3139 1861 3189 tern-

214 3211 380 3283 plum
416 3212 473 3266 in
506 3213 724 3269 honore
757 3220 968 3271 sancta:
1001 3217 1099 3273 Dei
1156 3220 1456 3291 genitricis
1516 3238 1862 3294 semperque

214 3301 460 3373 virginis
486 3303 675 3357 Marim
694 3303 749 3357 in
776 3305 978 3360 eodem
1002 3309 1327 3363 construxit
1348 3309 1493 3377 loco,
1517 3314 1574 3364 et
1592 3327 1862 3366 consum-

212 3391 413 3455 mavit,
439 3392 595 3462 quod
630 3410 815 3463 usque
846 3393 904 3448 in
938 3394 1094 3450 hunc
1111 3396 1266 3451 diem
1297 3397 1425 3453 visu
1450 3389 1662 3455 melius
1685 3417 1861 3471 quam

212 3496 483 3535 sermone
514 3481 859 3539 ostenditur.

282 3570 419 3624 CAP.
454 3570 594 3624 XIV.
647 3603 713 3610 -——
764 3572 928 3627 Circa
965 3573 1087 3629 haec
1122 3578 1383 3646 tempora
1411 3576 1652 3649 eligitur
1679 3580 1862 3635 abbas

212 3660 554 3714 Dunstanus
586 3661 654 3714 ad
690 3661 1091 3734 episcopatum
1132 3663 1543 3734 Wirgonensis
1591 3666 1859 3723 Ecclesiae

199 3749 373 3818 juxta
398 3749 760 3820 prophetiam
786 3750 971 3808 sancti
993 3751 1172 3824 Elt‘egi
1197 3752 1473 3825 episcopi,
1508 3754 1660 3809 sicut
1683 3772 1861 3827 supra

206 3837 530 3908 tetigimus.
550 3838 615 3892 Et
643 3844 771 3909 post
801 3839 1025 3911 aliquot
1054 3858 1341 3895 annorum
1357 3841 1649 3898 curricula
1670 3844 1859 3900 factus

206 3925 705 3997 archiepiscopus,
727 3928 946 3983 mansit
968 3930 1026 3983 in
1050 3928 1252 3984 Cantia
1284 3930 1524 4003 triginta
1556 3937 1612 3987 et
1633 3938 1854 4005 septem

206 4016 401 4081 annis,
427 4016 593 4086 quasi
619 4016 892 4071 columna
912 4017 1252 4085 immobilis,
1273 4020 1539 4075 doctrina
1558 4024 1615 4075 et
1634 4022 1858 4079 actione

206 4104 559 4176 przecipuus,
589 4105 849 4177 angelico
887 4106 1053 4162 vultu
1085 4109 1352 4178 decorus,
1387 4109 1772 4184 eleemosynis
1803 4118 1859 4167 et

206 4194 514 4266 prophetia
544 4194 927 4266 praepollens:
972 4197 1043 4251 ad
1093 4199 1264 4269 cujus
1301 4199 1569 4254 tumbam
1602 4200 1859 4257 coelestia

205 4300 358 4354 saepe
392 4282 515 4337 fieri
549 4282 834 4339 miracula
863 4284 1219 4342 audivimus.
1251 4286 1631 4345 Adelwoldus
1660 4295 1854 4347 autem

208 4370 367 4425 misit
399 4371 680 4427 Oscarum
713 4373 1070 4430 monachum
1104 4380 1267 4431 trans
1288 4392 1449 4431 mare
1473 4378 1545 4432 ad
1569 4385 1859 4435 monaste-

206 4460 359 4515 rium
394 4462 579 4515 sancti
616 4461 801 4517 Patris
834 4463 1128 4518 Benedicti
1173 4464 1558 4535 Floriacense,
1591 4471 1658 4522 ut
1687 4485 1856 4541 regu-

204 4550 348 4603 laris
390 4550 771 4605 observantia?
829 4568 1021 4608 mores
1078 4552 1196 4608 illic
1255 4555 1521 4623 disceret,
1574 4573 1639 4612 ac
1698 4559 1854 4613 domi

210 4639 486 4693 fratribus
509 4640 771 4694 docendo
794 4642 1126 4697 ostenderet
1146 4646 1574 4718 quatenusipse
1586 4663 1856 4706 normam

1890 2012 1940 2079 B

1977 748 2087 803 que
2120 731 2373 802 quadam
2406 730 2520 795 die,
2545 730 2685 783 dum
2710 729 2890 784 abbas
2911 746 3069 783 more
3093 728 3260 783 solito
3283 737 3615 801 peragraret

1976 820 2418 884 monasterium,
2456 824 2517 872 ut
2549 818 2827 889 aspiceret
2865 816 3026 871 illum
3058 818 3291 871 fratrem
3319 820 3487 886 juxta
3509 822 3619 874 fere

1975 927 2115 963 vens
2148 908 2491 973 caldarium,
2523 908 2580 961 in
2612 923 2727 977 quo
2761 905 3033 961 victualia
3062 907 3423 976 przeparabat
3446 909 3621 962 artifi-

1976 999 2161 1064 cibus,
2195 1003 2250 1052 et
2283 998 2508 1051 intrans
2538 996 2680 1049 vidit
2713 995 2912 1050 omnia
2938 1012 3077 1049 vasa
3109 995 3520 1061 mundissima,
3555 1014 3619 1050 ac

1976 1088 2372 1159 pavimentum
2404 1089 2729 1156 scopatum,
2757 1085 3015 1155 dixitque
3038 1084 3109 1137 ad
3142 1101 3273 1139 eum
3301 1083 3470 1139 hilari
3496 1085 3618 1139 vul-

1977 1182 2075 1231 tu:
2113 1176 2156 1229 Ο
2189 1177 2264 1229 mi
2304 1176 2478 1230 frater
2508 1173 2785 1240 Elfstane,
2829 1173 2980 1228 hanc
3029 1174 3419 1228 obedientiam
3472 1174 3619 1228 mihi

1977 1266 2202 1320 furatus
2234 1282 2315 1330 es,
2343 1281 2517 1336 quam
2540 1279 2633 1317 me
2656 1264 2958 1335 ignorante
2978 1280 3228 1317 exerces.
3264 1263 3375 1318 Sed
3408 1263 3455 1317 si
3489 1263 3624 1317 talis

1976 1354 2143 1409 miles
2175 1352 2388 1409 Christi
2421 1350 2749 1424 es,qualem
2784 1356 2838 1405 te
2869 1350 3147 1417 ostendis,
3184 1352 3347 1405 mitte
3379 1336 3621 1406 manum

1974 1448 2135 1499 tuam
2156 1443 2213 1497 in
2229 1442 2569 1497 bullientem
2594 1457 2830 1512 aquam,
2847 1446 2903 1495 et
2924 1457 3105 1495 unum
3124 1442 3373 1494 frustum
3394 1441 3463 1495 de
3485 1440 3623 1495 imis

1976 1531 2117 1585 mihi
2148 1529 2396 1601 impiger
2417 1529 2663 1595 attrahe;
2698 1530 2796 1600 qui
2826 1529 3023 1584 statim
3048 1529 3171 1583 sine
3200 1545 3364 1583 mora
3385 1530 3623 1585 mittens

1976 1637 2215 1675 manum
2248 1636 2415 1673 suam
2450 1619 2519 1673 ad
2554 1619 2739 1672 imum
2772 1617 2997 1683 lebetis,
3052 1618 3334 1671 abstraxit
3364 1618 3619 1672 frustum

1974 1708 2280 1775 fervidum,
2313 1724 2427 1762 non
2451 1707 2711 1762 sentiens
2728 1705 2978 1761 calorem
3000 1706 3274 1760 ferventis
3298 1723 3483 1775 aquae.
3501 1708 3622 1771 Quo

1972 1797 2115 1859 viso,
2141 1796 2519 1865 abbasjussit
2541 1795 2791 1849 frustum
2816 1793 3047 1865 deponi,
3074 1798 3129 1847 et
3152 1794 3371 1848 nemini
3396 1794 3505 1847 hoc
3526 1794 3619 1847 in-

1972 1885 2165 1940 dicare
2194 1884 2428 1939 viventi.
2464 1882 2635 1938 Illum
2668 1900 2800 1938 vero
2842 1884 3079 1947 fratrem
3112 1883 3487 1954 postmodum
3520 1882 3621 1937 abs

1972 1974 2163 2030 batem
2196 1974 2450 2028 vidimus
2481 1972 2836 2037 ordinatum,
2861 1970 2961 2043 qui
2984 1971 3158 2026 etiam
3190 1971 3399 2025 deinde
3432 1971 3621 2042 ponti-

1973 2063 2127 2120 ﬁcali
2158 2063 2377 2121 honore
2408 2061 2782 2127 sublimatus,
2816 2060 3084 2115 Ecclesia:
3122 2058 3500 2114 Wiltuniensi
3534 2064 3622 2115 est

1974 2152 2268 2234 praelatus,
2287 2156 2344 2207 et
2364 2152 2531 2207 beato
2553 2151 2668 2205 ﬁne
2689 2150 2802 2219 (10)
2820 2149 2880 2203 in
2898 2149 3135 2204 domino
3154 2152 3621 2204 consummatus.

2046 2242 2179 2297 CAP.
2214 2240 2329 2296 XV.
2364 2272 2433 2281 —
2472 2240 2608 2294 Erat
2654 2256 2905 2310 namque
2950 2242 3190 2293 sanctus
3246 2235 3625 2292 Adelwoldus

1973 2330 2352 2386 ecclesiarum
2377 2346 2443 2383 ac
2465 2330 2828 2383 diversorum
2851 2344 3092 2399 operum
3120 2343 3293 2398 magn
3304 2342 3370 2380 us
3383 2325 3627 2379 aedifica-

1975 2426 2083 2487 tor,
2115 2424 2170 2474 et
2202 2420 2344 2474 dum
2375 2422 2529 2473 esset
2584 2419 2786 2482 abbas,
2833 2423 2888 2471 et
2928 2418 3069 2471 dum
3101 2421 3253 2472 esset
3285 2415 3617 2487 cpiscopus.

1978 2509 2136 2565 Unde
2167 2509 2411 2564 tetendit
2440 2508 2490 2563 ci
2521 2508 2854 2562 communis
2875 2507 3245 2562 adversarius
3276 2504 3479 2559 solitas
3502 2522 3620 2558 suae

1974 2598 2358 2669 malignitatis
2388 2597 2653 2664 insidias,
2691 2603 2754 2651 ut
2783 2613 2938 2664 eum,
2974 2596 3022 2652 si
3058 2594 3175 2649 ullo
3203 2595 3377 2649 modo
3408 2598 3621 2666 posset,

1973 2686 2384 2757 exstingueret.
2412 2687 2555 2740 Nam
2582 2686 2834 2757 quadam
2860 2686 2971 2751 die,
2999 2685 3139 2739 dum
3165 2684 3251 2737 vir
3274 2683 3372 2738 Dei
3395 2681 3454 2736 in
3478 2685 3627 2737 stru-

1975 2780 2138 2830 ctura
2170 2775 2477 2841 laboraret,
2511 2776 2719 2845 ingens
2742 2774 2925 2845 postis
2958 2790 3134 2844 super
3154 2789 3286 2825 eum
3313 2769 3538 2833 cecidit,
3566 2774 3623 2823 et

1974 2867 2032 2919 in
2073 2866 2390 2936 quamdam
2458 2867 2678 2919 foveam
2734 2864 2962 2933 deiecit,
3026 2862 3424 2931 confregitque
3477 2876 3621 2931 pene

1973 2972 2178 3010 omnes
2211 2959 2403 3009 costas
2434 2957 2561 3025 ejus
2592 2972 2657 3009 ex
2691 2970 2805 3008 uno
2836 2952 3033 3017 latere,
3070 2952 3149 3004 ita
3204 2957 3267 3003 ut
3317 2948 3428 3003 nisi
3461 2950 3619 3002 fovea

1974 3042 2138 3098 illum
2173 3043 2514 3116 susciperet,
2550 3048 2706 3099 totus
2739 3047 3136 3114 quassaretur.

2045 3136 2179 3189 CAP.
2213 3133 2354 3188 XVI.
2382 3164 2446 3173 -—
2469 3132 2774 3187 Convaluit
2803 3136 2998 3186 tamen
3031 3131 3117 3185 vir
3146 3133 3385 3184 sanctus
3417 3128 3489 3182 de
3510 3126 3620 3181 hac

1974 3223 2260 3277 molestia.
2289 3222 2390 3278 Dei
2416 3220 2832 3293 omnipotentis
2853 3220 3163 3291 adjuvante
3183 3218 3388 3289 gratia,
3419 3221 3477 3270 et.
3506 3215 3619 3269 ele-

1973 3313 2054 3385 git
2086 3329 2220 3367 eum
2252 3312 2553 3384 Eadgarus
2600 3309 2978 3364 felicissimus
3006 3307 3325 3378 Anglorum
3360 3305 3618 3361 basileus

1971 3403 2041 3456 ad
2076 3402 2477 3473 episcopatum
2507 3397 2933 3454 Wintoniensis
2964 3396 3251 3461 Ecclesiaz,
3304 3399 3616 3465 antequam

1973 3491 2218 3546 ecclesia
2246 3489 2466 3561 praefati
2500 3488 2743 3544 coenobii
2807 3487 3192 3540 dedicaretur.
3256 3485 3321 3537 Et
3372 3484 3616 3553 jubente

1973 3596 2125 3651 rege,
2161 3577 2515 3632 consecravit
2548 3576 2707 3630 illam
2751 3576 3093 3629 Dunstanus
3144 3570 3619 3641 archiepiscopus

1972 3667 2428 3723 Dorobernensis
2459 3664 2745 3731 Ecclesia),
2782 3680 2933 3718 anno
2988 3661 3301 3715 Dominicte
3347 3659 3618 3713 incarna-

1973 3757 2146 3813 tionis
2177 3755 2620 3827 nongcntcsimo
2653 3752 3016 3824 sexagesimo
3040 3751 3227 3816 tertio,
3254 3748 3363 3802 sub
3388 3747 3479 3801 die
3504 3752 3615 3800 ter-

1972 3846 2046 3901 tio
2062 3845 2387 3898 Kalendaru
2400 3841 2954 3907 mDeccmbrium,in
2967 3836 3360 3910 vigiliatsancti
3376 3837 3496 3889 And
3508 3854 3614 3889 rea}

1968 3932 2235 4006 apostoli,
2271 3950 2399 4005 qua!
2430 3938 2567 3986 tunc
2616 3931 2943 3985 habebatur
2987 3930 3043 3983 in
3088 3925 3389 3982 Dominica
3430 3926 3620 3996 prima

1966 4025 2261 4078 Adventus
2284 4021 2513 4076 Domini
2547 4025 2601 4074 et
2633 4018 2947 4074 Salvatoris
2995 4017 3173 4072 nostri
3207 4017 3347 4071 Jesu
3378 4013 3614 4068 Christi.

1968 4114 2145 4168 Erant
2175 4116 2368 4167 autem
2404 4116 2543 4165 tunc
2574 4110 2634 4163 in
2666 4107 2841 4164 veteri
2874 4106 3248 4169 monasterio,
3293 4106 3391 4159 ubi
3419 4103 3611 4158 cathe-

1967 4202 2072 4256 dra
2104 4200 2457 4273 pontiﬁcalis
2478 4199 2746 4266 habetur,
2772 4196 3036 4252 canonici
3060 4195 3294 4250 nefandi
3318 4192 3609 4248 scelerum

1968 4291 2234 4345 nuribus
2296 4288 2596 4361 implicati,
2652 4286 2901 4342 elatione
2964 4289 3035 4339 et-
3078 4283 3389 4338 insolentia
3437 4286 3613 4353 atque

1968 4379 2198 4435 luxuria
2219 4378 2513 4452 praeventi,
2539 4378 2681 4432 adeo
2718 4380 2780 4430 ut
2806 4373 3072 4429 nonnulli
3103 4389 3303 4427 eorum
3336 4370 3614 4441 dedigna-

1967 4460 2175 4527 rentur‘
2202 4469 2414 4524 missas
2465 4484 2570 4522 suo
2617 4465 2819 4520 ordine
2876 4462 3187 4526 celebrare,
3238 4459 3615 4531 repudiantes

1970 4577 2177 4615 uxores
2207 4575 2354 4629 quas
2386 4555 2585 4610 illicite
2617 4555 2922 4617 duxerant,
2962 4555 3015 4605 et
3066 4549 3211 4604 alias
3242 4546 3612 4619 accipientes,

1967 4649 2115 4721 gulae
2150 4654 2207 4703 et
2244 4645 2739 4717 ebrietatijugiter
2758 4640 2959 4696 dediti.
2983 4639 3142 4705 Quod
3168 4637 3614 4692 minimeferens

210 4729 543 4783 monasticae
559 4727 858 4801 religionis
876 4736 1133 4801 secutus,
1158 4737 1215 4787 et
1238 4749 1355 4787 una
1375 4750 1509 4789 cum
1534 4734 1644 4790 sibi
1669 4736 1859 4808 subje—
1887 4751 1936 4816 D
1968 4743 2207 4795 sanctus
2235 4737 2323 4791 vir
2350 4734 2746 4799 Adelxvoldus,
2779 4732 2915 4786 data
2954 4727 3188 4783 licentia
3218 4745 3250 4781 a
3291 4742 3420 4797 rege
3470 4726 3615 4779 Ead-

208 4817 492 4872 ctisdcvia
505 4834 749 4890 qumque
762 4817 1083 4887 declinans,
1100 4837 1331 4893 gregem
1347 4823 1456 4878 sibi
1471 4826 1854 4881 commissum

209 4907 275 4958 ad
312 4906 663 4976 promissam
695 4907 946 4963 cmlestis
980 4911 1140 4981 regni
1194 4911 1443 4982 patriam
1492 4914 1854 4984 perduceret.

212 4994 271 5048 In
305 5011 423 5065 qua
453 4997 900 5067 congregatione
930 5003 1054 5052 erat
1082 4999 1321 5069 quidam
1355 5001 1532 5057 frater
1560 5002 1858 5060 Elfstanus

211 5084 466 5150 nomine,
501 5084 750 5155 simplex
799 5091 854 5139 et
905 5102 1132 5159 magna)
1172 5089 1512 5145 obcdientiaz
1539 5091 1647 5159 vir,
1681 5109 1855 5164 quem

209 5172 390 5225 abbas
404 5173 589 5242 jussit
610 5175 922 5245 prcrvidere
943 5176 1164 5231 cibaria
1189 5178 1481 5234 artificum
1494 5182 1854 5249 monasterii,

210 5261 301 5314 cui
326 5262 558 5316 servitio
582 5263 705 5333 ipse
726 5264 1099 5321 devotissime
1123 5283 1183 5322 sc
1196 5268 1475 5337 subdens,
1492 5270 1859 5327 coxitcarnes

210 5349 492 5420 quotidie,
527 5357 581 5405 et
633 5354 915 5423 Operariis
964 5355 1205 5411 sedulus
1237 5358 1630 5427 ministrabat,
1664 5359 1857 5415 focum

210 5439 559 5503 accendens,
574 5446 629 5496 et
646 5458 859 5515 aquam
882 5448 1220 5516 apportans,
1236 5451 1293 5501 et
1304 5464 1440 5502 vasa
1452 5448 1641 5503 denuo
1655 5454 1861 5521 sponte

210 5528 563 5597 emundans,
589 5531 957 5589 existimante
976 5533 1184 5589 abbate
1196 5534 1305 5590 hoc
1328 5535 1493 5590 illum
1508 5553 1641 5592 cum
1656 5537 1862 5594 solatio

272 5653 397 5734 '(tO‘)
456 5654 668 5710 Eadem
725 5657 966 5713 totidem
1022 5660 1252 5727 verbis,
1313 5678 1415 5715 nec
1464 5661 1633 5733 plura
1692 5663 1866 5719 refert

214 5723 548 5778 Willelmus
581 5727 1124 5778 Malmesbnriensis
1154 5734 1209 5778 in
1245 5733 1344 5778 lih-
1399 5748 1437 5778 ιι
1497 5734 1567 5778 rln
1622 5734 1863 5778 pnntiti-

214 5727 548 5781 Willelmus
581 5727 1124 5785 Malmesburiensis
1154 5734 1212 5787 in
1245 5733 1344 5787 lib.
1399 5748 1437 5786 II
1464 5727 1567 5787 —dc
1622 5734 1863 5789 Pontili-

213 5794 383 5850 cibus
414 5798 754 5870 Anglorum.
791 5818 918 5871 cap.
953 5803 1006 5858 4.

1968 4846 2127 4900 garo,
2162 4824 2380 4898 expulit
2410 4823 2691 4878 citissime
2714 4819 3090 4875 detestandos
3116 4816 3615 4886 blasphematnres

1970 4918 2065 4972 Dei
2100 4917 2171 4970 de
2222 4912 2596 4978 monasterio;
2641 4916 2698 4965 et
2727 4910 3026 4964 adducens
3054 4905 3375 4960 monachos
3401 4904 3471 4957 de
3502 4904 3615 4957 Ab-

1967 5000 2261 5061 bandonia
2292 5002 2497 5058 locavit
2526 5000 2664 5067 illic,
2692 5000 2907 5071 quibus
2936 4997 3061 5068 ipse
3092 4996 3275 5049 abbas
3302 4999 3357 5047 et
3388 4992 3614 5064 episeo-

1970 5114 2078 5168 pus
2109 5094 2348 5149 exstitit.
2902 5118 2905 5119 ν

2040 5183 2175 5238 Cm.
2198 5177 2881 5236 XVll.—Acciditautem
2899 5176 3153 5230 Sabbato
3178 5174 3231 5227 in
3257 5172 3443 5243 capite
3467 5174 3617 5236 Qua-

1969 5272 2313 5344 dragesima:
2337 5272 2381 5339 il
2400 5270 2466 5341 li),
2492 5269 2631 5322 dum
2657 5263 2926 5321 monachi
2950 5262 3248 5319 venientes
3279 5263 3349 5316 de
3379 5262 3618 5315 Abban-

1971 5362 2377 5418 doniastarent
2402 5359 2471 5413 ad
2494 5358 2824 5429 ingressum
2840 5350 3619 5420 ccclesiar,clcricosmissam

1974 5450 2159 5505 ﬁnire.
2195 5446 2678 5504 Communionem
2711 5444 2973 5500 canendo
3009 5459 3021 5496 :
3073 5442 3278 5496 Servite
3307 5441 3532 5493 Domino
3562 5440 3621 5492 in

1973 5542 2185 5606 timore,
2228 5546 2279 5594 (ιι
2325 5537 2593 5591 eranttum
2639 5538 2691 5590 ei
2747 5551 2869 5588 cum
2922 5539 3185 5595 tremore;
3244 5525 3628 5599 upprehendite

2048 5665 2156 5735 (11)
2174 5664 2349 5718 Vides
2367 5667 2541 5735 caput
2565 5657 3033 5735 Quadragesimre
3055 5655 3228 5735 etiam
3252 5657 3391 5735 tunc
3414 5648 3623 5735 initum

1975 5754 2007 5790 a
2029 5722 2497 5805 Quadragesim‘m
2522 5722 3056 5805 D6minicdprima,
3084 5728 3287 5805 inqua
3320 5722 3438 5774 hme
3472 5722 3622 5770 anti-

1976 5800 2170 5879 phona
2200 5800 2498 5862 admissa:
2530 5800 3002 5860 communionem
3035 5800 3263 5866 legitur.
3508 5814 3511 5817 -
