3868 6492
252 576 324 635 91

1350 572 1411 630 S.
1460 567 1928 629 ETHEWOLDI
1976 565 2320 628 WINTON.
2366 566 2608 627 EPISC.

3591 574 3674 635 92

254 710 608 780 disciplinam
636 724 704 760 ne
732 706 970 776 pereatis
1001 704 1064 758 de
1094 704 1183 758 via
1202 705 1376 774 justa,
1413 702 1581 776 quasi
1615 702 1901 768 dicerent:
1932 701 1987 766 Α
2016 699 2201 757 nebit?
2229 701 2433 756 Nonne
2462 699 2576 773 ipsi
2606 700 2706 772 qui
2740 700 2859 756 haec
2892 700 3154 773 loquitur
3184 718 3439 772 prassens
3470 708 3557 757 est
3583 703 3673 757 di-

262 800 376 853 Nos
409 795 706 851 noluimus
738 795 851 848 Deo
874 793 1223 859 servire,nec
1249 791 1621 861 disciplinain
1646 792 1774 859 ejus
1797 807 1911 844 ser-

261 903 412 951 vare,
437 902 537 939 vos
560 881 757 936 saltim
784 882 974 947 facite,
1001 897 1072 934 ne
1093 881 1247 935 sicut
1271 899 1377 935 nos
1410 880 1662 951 pereatis
1696 879 1764 933 de
1796 879 1910 943 via,

262 972 1185 1046 quaacustodientibnsjustitiam
1213 988 1393 1041 regna
1416 970 1551 1024 facit
1570 968 1783 1039 aperiri
1799 985 1910 1022 eu:-

264 1062 592 1127 lcstia.Quo
614 1061 815 1116 audito
842 1062 1051 1116 fratres
1084 1061 1242 1133 gravi
1267 1066 1427 1127 sunt,
1454 1058 1851 1130 intelligentes
1881 1074 1915 1112 a

266 1152 511 1209 Domino
541 1167 717 1204 suum
750 1150 860 1205 iter
889 1167 1017 1204 esse
1048 1153 1477 1221 prosperatum,
1512 1154 1569 1202 et
1615 1147 1716 1202 Dei
1766 1151 1913 1203 nutu

264 1242 422 1296 hunc
452 1238 747 1310 psalmum
780 1244 1017 1310 preptcr
1046 1238 1281 1293 illorum
1330 1237 1702 1309 praesentiam
1734 1237 1915 1292 fuisse

267 1332 665 1393 decantatum,
701 1345 949 1400 moxque
988 1328 1329 1383 Davidioum
1380 1328 1452 1382 ad
1501 1343 1565 1380 se.
1614 1330 1918 1381 traxerunt

267 1418 602 1490 imperium.
638 1417 859 1489 Osgaro
891 1416 1234 1472 exhortante
1265 1433 1363 1471 eos
1413 1419 1587 1486 atque
1636 1416 1864 1469 dicente
1901 1431 1913 1467 :

266 1508 384 1565 Cur
412 1507 554 1561 foris
586 1507 923 1561 moramur?
955 1506 1239 1565 faciamus
1270 1506 1423 1561 sicut
1472 1505 1783 1560 hortantur
1812 1520 1918 1556 nos

269 1596 555 1663 canonici,
588 1596 1011 1667 ingrediamur,
1045 1600 1099 1649 et
1150 1611 1253 1666 per
1300 1595 1451 1650 viam
1492 1593 1740 1665 justitizr,
1787 1608 1917 1663 gra-

273 1687 520 1751 dientes,
555 1685 802 1742 Domino
831 1685 947 1739 Deo
979 1689 1177 1740 nostro
1208 1701 1344 1739 cum
1378 1685 1586 1740 timore
1630 1688 1689 1738 et
1728 1680 1919 1737 exsul-

274 1776 493 1830 tatione
524 1774 897 1842 famulemur,
932 1780 997 1829 ut
1024 1792 1161 1830 cum
1208 1774 1490 1829 exarserit
1518 1774 1579 1827 in
1630 1771 1785 1826 brevi
1838 1771 1924 1827 ira

274 1866 421 1935 ejus,
456 1880 789 1919 mereamur
818 1880 947 1917 esse
981 1864 1295 1935 participes
1329 1863 1563 1918 illorum
1595 1863 1666 1917 de
1706 1860 1923 1934 quibus

275 1954 656 2027 subjungitur
690 1970 703 2008 :
736 1955 891 2009 Beati
919 1970 1104 2015 onmes
1134 1955 1233 2026 qui
1262 1952 1545 2024 conﬁdunt
1574 1954 1631 2007 in
1659 1967 1740 2007 eo.

345 2042 480 2099 CAP.
496 2042 692 2099 XVIII.
710 2074 773 2084 --
792 2044 1199 2116 Misitquoque
1214 2061 1311 2098 rex
1325 2042 1465 2098 illuc
1485 2059 1622 2098 cum
1653 2040 1924 2113 episcopo

277 2133 594 2205 quemdam
624 2132 1031 2189 ministrorum
1065 2150 1306 2189 suorum
1337 2128 1924 2197 famosissimum,cui

278 2238 415 2290 nom
444 2226 572 2276 erat
599 2222 869 2278 Vulfstan
900 2221 1228 2289 IEtdelham
1263 2221 1513 2295 (12),qui
1544 2221 1705 2295 regia
1726 2223 1924 2273 aucto-

279 2312 449 2367 ritate
482 2311 780 2371 mandavit
811 2312 1126 2377 canonicis,
1158 2316 1221 2366 ut
1251 2329 1436 2367 unum
1468 2312 1537 2367 de
1561 2311 1791 2368 duobus
1818 2307 1924 2363 eli-

276 2406 500 2472 gerent,
535 2405 637 2455 aut
685 2402 810 2455 sine
860 2418 1022 2455 mora
1071 2402 1206 2455 dare
1239 2402 1431 2455 locum
1465 2400 1789 2461 monachis,
1823 2401 1925 2452 aut

281 2490 576 2560 suscipere
608 2489 873 2544 habitum
907 2490 1253 2545 inonachilis
1285 2490 1613 2545 ordinis.At
1636 2487 1717 2543 illi
1746 2487 1926 2541 nimio

283 2596 489 2650 pavore
521 2580 1101 2649 conterriti,ctvitam
1125 2584 1492 2635 exsecrantes
1515 2578 1923 2641 monasticam,

286 2669 641 2724 intrantibus
682 2668 987 2725 monachis
1036 2669 1191 2724 illico
1241 2662 1543 2733 exierunt;
1576 2666 1677 2721 sed
1731 2670 1925 2719 tamen

284 2758 661 2829 postmodum
694 2762 811 2813 tres
842 2775 909 2813 ex
932 2758 1048 2814 illis
1081 2760 1151 2814 ad
1175 2758 1926 2823 conversionemvenerunt,

283 2846 506 2901 scilicet
535 2848 845 2915 Eadsinus,
878 2847 1182 2916 Vulsiniis,
1216 2853 1268 2902 et
1310 2847 1641 2902 \Vilstanus
1692 2844 1927 2915 presby-

286 2942 390 2990 ter.
425 2938 531 3002 Qui
565 2938 915 3001 emnobium,
949 2939 1103 3009 quod
1137 2937 1361 3008 expulsi
1409 2935 1787 3007 reliquerant,
1821 2932 1929 2986 hu~

284 3025 408 3081 mili
441 3027 612 3081 corde
644 3031 995 3098 repetentes,
1029 3026 1241 3081 Christi
1270 3029 1415 3097 jugo
1455 3024 1603 3080 colla
1654 3021 1930 3076 subdide-

286 3115 601 3168 runt.Nam
635 3114 920 3169 hactenus
943 3133 1010 3169 ea
1042 3118 1389 3184 tempestate
1422 3130 1533 3166 non
1566 3110 1935 3166 habebantur

286 3203 557 3258 monachi
592 3204 700 3273 (t3)
733 3203 793 3258 in
824 3208 995 3275 gente
1026 3201 1370 3274 Anglorum,
1407 3200 1517 3255 nisi
1552 3203 1779 3254 tantum
1834 3198 1930 3267 qui

290 3292 343 3346 in
378 3290 678 3345 Glestonia
711 3292 1091 3346 morabantur
1123 3296 1179 3345 et
1209 3289 1612 3344 Abhandonia.

360 3380 495 3434 CAP.
529 3380 669 3435 XIX.
705 3412 769 3421 —
800 3380 1019 3435 Deinde
1048 3395 1182 3435 cum
1216 3377 1475 3449 praedicti
1500 3377 1708 3431 fratres
1739 3376 1795 3429 in
1830 3375 1935 3429 Ve-

292 3469 395 3524 teri
429 3468 692 3523 cmnobio
724 3467 1008 3541 regularis
1028 3468 1158 3521 vitae
1182 3482 1448 3522 normam
1472 3481 1698 3521 servare
1729 3464 1935 3535 cccpis-

294 3563 443 3625 sent,
479 3562 535 3612 et
549 3556 686 3612 illuc
703 3556 871 3612 multi
892 3557 961 3611 ad
979 3556 1077 3612 Dei
1096 3555 1443 3613 famulatum
1467 3570 1637 3609 senes
1652 3554 1937 3620 conversi,

287 3649 533 3718 juvenes
563 3646 826 3712 adducti,
861 3652 918 3705 et
948 3645 1171 3717 parvuli
1203 3644 1383 3701 oblati
1426 3644 1782 3700 conﬂuerent
1812 3660 1825 3710 ;
1872 3658 1939 3697 ex

298 3736 515 3791 invidia
542 3735 889 3792 clericorum
938 3736 1141 3790 datum
1189 3740 1279 3791 est
1325 3734 1594 3805 episcopo
1650 3748 1940 3787 venenum

298 3825 496 3880 bibere
511 3826 566 3879 in
581 3825 980 3881 aulasuacum
994 3824 1328 3895 hospitibus
1341 3820 1941 3895 prandenti,omnem-

300 3930 412 3984 que
435 3913 518 3967 eis
548 3913 975 3971 humanitatem
1017 3911 1335 3981 cxhibenti,
1369 3915 1658 3983 quatenus
1710 3900 1807 3964 illo
1857 3927 1946 3966 ex-

301 4001 514 4056 stincto
547 4018 743 4055 servos
775 4001 872 4055 Dei
906 4000 1284 4071 expellerent,
1302 4016 1654 4072 rursumque
1679 3999 1735 4054 in
1760 4016 1943 4055 unum

303 4088 634 4159 congregati
666 4089 931 4159 pristinis
961 4088 1140 4144 libere
1169 4090 1281 4144 frui
1316 4089 1553 4162 ﬂagitiis
1594 4089 1944 4161 potuissent.

309 4176 443 4230 Erat
473 4193 725 4246 namque
758 4176 807 4230 ei
839 4177 1020 4232 moris
1051 4178 1251 4237 statim
1274 4182 1406 4250 post
1435 4181 1555 4231 tres
1575 4182 1679 4232 aut
1699 4181 1961 4249 quatuor'

306 4261 518 4317 etinlas
551 4264 847 4319 modicum
895 4264 1033 4337 quid
1086 4266 1328 4321 bibere:
1379 4266 1643 4337 bibitque
1682 4267 1948 4322 nesciens

308 4357 680 4423 apportatum
714 4353 823 4408 sibi
848 4370 1133 4411 venenum
1149 4359 1337 4410 totum
1360 4355 1513 4427 quod
1538 4356 1732 4411 eratin
1746 4356 1945 4423 calice,

309 4446 367 4496 et
397 4442 598 4497 statim
628 4443 688 4498 in
720 4441 1003 4513 pallorem
1037 4444 1211 4499 facies
1242 4444 1370 4514 ejus
1409 4444 1722 4499 immutata
1753 4451 1861 4511 est,
1895 4451 1951 4499 ot

309 4531 530 4587 viscera
560 4530 720 4587 illius
754 4531 1003 4587 nimium
1036 4532 1087 4587 vi
1120 4532 1447 4604 grassantis
1478 4536 1689 4586 veneni.
1728 4534 1950 4591 crucia-

312 4619 545 4676 bantur.
563 4621 825 4679 Surrexit
853 4625 1050 4675 autem
1072 4621 1163 4677 vix
1184 4638 1217 4674 a
1237 4637 1440 4676 mensa
1465 4622 1661 4675 exiens
1682 4623 1749 4676 ad
1782 4622 1955 4677 lectu-

312 4707 455 4773 lum,
473 4709 802 4783 serpsitque
830 4725 1119 4764 venenum
1152 4727 1256 4781 per
1283 4710 1480 4765 omnia
1508 4712 1774 4767 membra
1805 4714 1951 4782 ejus,

2019 788 2278 857 vinitate,
2294 788 2429 845 licet
2453 790 2664 845 absens
2687 790 2763 844 sit
2784 791 3201 862 corpore?1pse
3234 791 3434 861 procul
3468 792 3671 858 dubio,

2023 879 2146 951 ipse
2175 877 2284 934 hoc
2334 880 2539 935 veneni
2588 880 2750 934 virus
2795 880 2855 935 in
2903 884 2959 935 te
3006 897 3281 935 evacuere
3325 885 3535 950 potest,
3573 882 3675 951 qui

2024 984 2254 1040 semper
2284 968 2484 1027 omnia
2522 973 2735 1041 potest.
2765 969 2867 1025 His
2915 973 2971 1024 et
3020 969 3427 1039 hujuscemodi
3480 970 3678 1024 verbis

2024 1073 2269 1123 accensa
2280 1058 2428 1113 ﬁdes
2441 1058 2496 1113 in
2513 1075 2843 1126 eo,omnem
2856 1057 3191 1113 lethiferum
3204 1058 3484 1114 haustum
3499 1075 3677 1130 quem

2026 1147 2253 1202 biberat
2284 1148 2581 1215 exstinxit,
2616 1148 2979 1219 furentisque
3008 1147 3214 1201 veneni
3247 1147 3443 1202 dolore
3474 1148 3678 1219 fugato

2026 1235 2294 1304 surrexit,
2311 1236 2513 1293 abiens
2536 1238 2607 1291 ad
2648 1237 2843 1292 aulam
2865 1236 3035 1291 hilari
3058 1235 3242 1304 vultu,
3261 1236 3423 1292 nulla
3442 1237 3680 1306 penitus

2028 1328 2198 1401 signa
2225 1325 2467 1398 palloris
2498 1343 2560 1381 se
2591 1326 2957 1382 intuentibus
2990 1327 3322 1392 ostendens,
3360 1343 3463 1380 nec
3504 1327 3679 1397 quid-

2029 1433 2206 1490 quam
2234 1413 2374 1471 mali
2404 1432 2512 1472 suo
2542 1417 2798 1472 veneﬁco
2829 1416 3100 1481 reddens,
3138 1417 3240 1470 sed
3270 1416 3320 1469 ei
3355 1417 3507 1487 quod
3541 1414 3684 1470 deli-

2029 1507 2157 1579 quit
2189 1505 2521 1578 ignescens.
2559 1506 2768 1577 Sicque
2799 1505 2900 1560 Dei
2932 1505 3142 1559 virtute
3189 1506 3542 1575 dissipatum
3588 1510 3679 1559 cst

2031 1594 2358 1668 malignum
2381 1593 2695 1650 consilium
2718 1594 3086 1664 clericorum,
3103 1594 3199 1665 qui
3224 1595 3487 1650 videntes
3509 1611 3681 1653 suam

2032 1684 2179 1741 nihil
2211 1683 2518 1757 praevalere
2551 1684 3111 1756 nequitiam,tandiu
3138 1700 3240 1755 per
3260 1683 3519 1738 diversas
3540 1701 3684 1756 gen-

2031 1777 2109 1833 tis
2137 1774 2459 1848 Anglorum
2483 1774 2812 1846 provincias
2833 1773 2947 1829 huc
2978 1772 3235 1845 illucque
3249 1773 3493 1844 dispersi
3520 1778 3683 1841 sunt,

2035 1881 2342 1940 quousque
2368 1864 2551 1919 vitam
2582 1863 2877 1918 finierunt.

2105 1955 2242 2012 ΩΑΡ.
2275 1953 2390 2010 ΧΧ.
2424 1982 2492 1994 --
2522 1951 2742 2008 Exinde
2773 1950 2985 2007 Christi
3008 1950 3211 2023 aquila
3235 1951 3482 2005 antistes
3513 1952 3687 2006 Adcl-

2033 2044 2268 2103 woldus
2298 2042 2576 2117 expandit
2602 2058 2811 2096 aureas
2842 2040 2965 2095 alas
2988 2043 3211 2106 suas,et
3228 2045 3522 2094 annuente
3554 2058 3690 2111 rego.

2035 2136 2300 2208 Eadgaro
2329 2133 2642 2193 canonicos
2673 2130 2896 2203 expulit
2923 2131 2995 2185 de
3026 2130 3181 2185 Novo
3213 2130 3589 2197 monasterio,
3617 2129 3688 2184 il-

2034 2226 2249 2297 lucque
2270 2221 2590 2278 monachos
2621 2221 2943 2275 introduxit
2974 2219 3319 2293 regulariter
3345 2235 3695 2276 conversan-

2034 2322 2144 2373 tes.
2177 2311 2529 2385 Edelgarum
2564 2314 2761 2365 autem
2793 2309 3148 2380 discipulum
3182 2325 3354 2363 suum
3395 2309 3690 2369 ordinavit

2038 2404 2156 2463 illis
2203 2402 2500 2469 abbatem,
2533 2399 2633 2473 qui
2676 2399 3051 2470 postmodum
3102 2399 3409 2469 provincia:
3456 2404 3690 2452 austra-

2038 2496 2184 2551 lium
2216 2493 2512 2549 Saxonum
2541 2489 2875 2561 episcopus,
2905 2504 2973 2545 ac
3003 2488 3215 2543 deinde
3264 2492 3465 2542 sancto
3497 2489 3692 2543 Duns-

2037 2590 2176 2641 tano
2206 2582 2279 2638 ad
2309 2579 2571 2635 cmlestia
2600 2595 2781 2651 regna
2808 2577 3575 2642 translato,Cantuariorum
3601 2596 3691 2632 ar-

2040 2669 2355 2744 chiprzesul
2385 2669 2628 2723 eﬂ‘ectus
2659 2671 2767 2722 est.

2111 2761 2245 2819 CAP.
2274 2759 2417 2817 XXI.
2451 2790 2521 2802 υ-
2549 2762 2617 2815 In
2646 2758 3031 2815 Abbandonia
3070 2772 3201 2812 vero
3252 2756 3541 2827 Osgarum
3591 2774 3696 2827 pro

2041 2868 2105 2909 se
2150 2848 2462 2907 constituit
2512 2847 2807 2911 abbatem,
2855 2847 3195 2917 ditatusque
3245 2851 3331 2899 est
3383 2845 3546 2899 locus
3598 2845 3698 2898 ille

2042 2938 2331 2997 sexcentis
2362 2940 2431 2994 ut
2456 2953 2523 2991 eo
2542 2935 2799 3006 amplius
2828 2936 3096 3000 cessatis,
3116 2936 3353 3004 insuper
3384 2939 3437 2987 et
3468 2941 3698 2989 mternrr

2043 3027 2333 3084 libertatis
2360 3024 2640 3081 suffultus
2669 3022 3219 3094 privilegiis,divina
3250 3023 3423 3076 simul
3458 3027 3517 3076 et
3542 3024 3701 3093 regia

2045 3115 2390 3174 auctoritate
2417 3111 2806 3180 conscriptis;
2840 3126 2968 3181 quae
3002 3109 3237 3165 laminis
3284 3111 3479 3164 aureis
3532 3110 3699 3181 sigil-

2044 3204 2183 3273 lata,
2219 3200 2365 3259 inibi
2394 3216 2583 3271 usque
2612 3198 2784 3253 hodie
2813 3203 3250 3253 conservantur.

2117 3295 2253 3350 CAP.
2285 3289 2454 3347 XXII.
2488 3319 2555 3331 ~—
2589 3287 2650 3343 In
2683 3287 2851 3342 tertio
2881 3303 3115 3358 quoque
3153 3286 3550 3341 \Vintoniensi
3587 3306 3702 3342 coe-

2050 3381 2224 3439 nobio
2256 3379 2393 3453 (14),
2426 3377 2581 3449 quod
2615 3375 2841 3447 anglice
2866 3376 3307 3430 Nunnamenster
3343 3375 3698 3445 appellatur,

2044 3473 2106 3528 in
2135 3471 2356 3527 honore
2376 3481 2610 3537 semper
2635 3464 2879 3537 virginis
2902 3463 3095 3519 Mariaa
3128 3464 3243 3519 Deo
3265 3469 3699 3529 consecratum,

2049 3561 2326 3617 mandras
2375 3553 2913 3612 sanctimonialium
2962 3554 3270 3619 ordinavit,
3304 3554 3524 3624 quibus
3576 3572 3701 3607 ma-

2048 3656 2220 3718 trem,
2254 3650 2326 3705 de
2350 3663 2467 3720 qua
2496 3644 2766 3716 superius
2799 3641 3103 3713 paululum
3149 3643 3471 3714 tetigimus,
3506 3642 3703 3697 Ethel-

2051 3730 2282 3797 dridam
2313 3736 2590 3809 praefecit,
2623 3733 2721 3789 ubi
2756 3732 3041 3802 regularis
3072 3733 3200 3786 vitm
3250 3749 3455 3786 norma
3506 3731 3702 3785 hacte-

2056 3848 2167 3888 nus
2197 3830 2560 3887 observatur.

2125 3914 2686 3981 ΟΑΡ.ΧΧΙΙΙ.--Νθο
2702 3911 2965 3968 solumin
3000 3912 3217 3965 ﬁnibus
3247 3909 3702 3965 occidentalium

2058 4012 2375 4073 Saxonum,
2406 4019 2610 4061 verum
2646 4003 2821 4059 etiam
2872 4002 2931 4057 in'
2983 4002 3222 4057 remotis
3270 4001 3536 4072 partibus
3584 4000 3708 4053 Bri-

2057 4099 2294 4165 tanniae,
2329 4098 2571 4155 sanctus
2604 4093 2852 4147 antistes
2879 4090 3263 4146 Adelwoldus
3314 4090 3386 4145 ad
3438 4089 3537 4143 Dei
3589 4104 3710 4145 om-

2061 4186 2381 4261 nipotentis
2409 4182 2712 4239 servitium
2745 4179 3063 4241 monachos
3096 4195 3410 4251 aggregare
3459 4176 3706 4233 curavit.

2060 4280 2163 4337 Est
2190 4275 2348 4332 enim
2379 4273 2648 4345 quaedam
2680 4270 2839 4342 regio
2868 4268 3094 4326 famosa
3114 4269 3172 4323 in
3206 4266 3500 4339 provincia
3521 4267 3708 4320 orien-

2062 4362 2603 4435 taliumAnglorum
2636 4360 2769 4427 sita,
2786 4357 3101 4429 paludibus
3114 4363 3172 4412 et
3195 4357 3363 4427 aquis
3386 4357 3441 4411 in
3467 4355 3709 4408 modum

2063 4455 2269 4512 insulae
2290 4451 2675 4515 circumdata,
2690 4448 2845 4503 unde
2866 4452 2968 4503 eta
2988 4447 3155 4517 copia
3174 4444 3571 4516 anguillarum
3586 4460 3712 4513 qum

2064 4549 2123 4604 in
2153 4545 2377 4605 eisdem
2409 4539 2727 4612 paludibus
2759 4537 3092 4607 capiuntur,
3128 4536 3277 4605 Elige
3308 4550 3519 4587 nomen
3552 4548 3713 4587 acce-

2063 4638 2171 4709 pit.
2206 4634 2269 4689 In
2319 4647 2438 4702 qua
2466 4628 2701 4701 regione
2730 4626 2895 4682 locus
2925 4626 3085 4680 omni
3107 4622 3476 4679 veneratione
3497 4621 3714 4693 dignus

2065 4726 2336 4789 habetur,
2372 4718 2787 4789 magniﬁcatus
2818 4715 3099 4771 nimirum
3133 4712 3397 4784 reliquiis
3438 4716 3493 4766 et
3545 4711 3713 4764 mira-

302 4798 429 4867 jani
464 4797 779 4851 instantem
796 4797 1199 4854 niinitanssibi
1224 4802 1579 4854 mortem.At
1602 4799 1698 4853 ille
1720 4801 1955 4856 tandem
1988 4805 2035 4872 B
2064 4814 2217 4871 culis
2246 4813 2459 4867 sancta,
2492 4806 2844 4869 Etheldridfe
2887 4806 3000 4875 (15)
3052 4804 3265 4876 regium
3314 4807 3371 4856 ct
3419 4806 3710 4872 perpetua!

312 4885 659 4958 recogitans,
695 4887 867 4955 cmpit
895 4888 1211 4958 exprobare
1255 4889 1660 4959 semetipsum,
1695 4888 1955 4961 dixitque

312 4975 384 5029 ad
399 4976 662 5031 animum
678 4977 1006 5032 suuszbi
1028 4983 1117 5032 est
1148 4978 1319 5031 modo
1351 4979 1494 5031 fidos
1529 4978 1666 5033 tua?
1688 4979 1791 5032 Ubi
1817 4984 1956 5033 sunt

312 5064 696 5135 cogitationes
726 5082 936 5121 sensus
968 5066 1088 5121 tui?
1113 5067 1314 5123 Nonne,
1344 5052 1518 5121 verba
1557 5068 1770 5122 Christi
1821 5084 1957 5122 vera

314 5157 517 5207 suntet
536 5154 747 5221 ﬁdelia,
765 5156 1048 5226 quibusin
1068 5156 1373 5229 Evangelio
1396 5156 1702 5227 pollicetur
1723 5158 1956 5212 dicens-

316 5243 382 5296 Et
407 5244 458 5297 si
485 5245 833 5313 mortiferum
851 5245 982 5316 quid
1013 5246 1256 5303 biberint
1288 5246 1704 5311 medentesmon
1748 5249 1825 5302 eis
1854 5264 1952 5302 ποτ

388 5358 500 5427 (12)
533 5357 790 5413 ιΕΙΓΓίθοε
817 5382 843 5408 ‹‹
873 5360 1031 5444 Misit
1062 5379 1293 5443 quoque
1327 5363 1767 5444 rex'qu‘emdam
1791 5362 1959 5416 mini-

317 5433 576 5501 strorum
613 5446 851 5486 suorum
895 5435 1379 5501 i'ai'nosissiunum,
1414 5433 1811 5490 Wolt'stanum
1864 5451 1957 5489 vo-

317 5500 714 5584 cab‘ul‘oLcu‘m
747 5505 1015 5584 episcopo
1048 5506 1146 5576 qui
1180 5507 1745 5584 regia'au‘ctoritate,
1783 5528 1808 5553 ››
1846 5510 1956 5584 etc.

391 5572 502 5652 (13)
536 5572 1011 5652 S_pelmannusin
1044 5572 1202 5632 temo
1227 5572 1658 5652 {Conciliornm
1691 5577 1956 5652 pag/134,

319 5641 415 5723 ubi
451 5641 667 5723 similia
699 5647 965 5723 refert,id
997 5650 1416 5723 interpretatur
1436 5641 1958 5723 de_nionai_'chisre-

317 5712 786 5795 gularibUSLnon
820 5712 889 5795 de
922 5712 1301 5795 sa3cularihus
1334 5737 1435 5775 seu
1465 5720 1595 5773 vitai
1639 5717 1957 5795 solutioris,

320 5802 466 5864 quos
498 5787 718 5864 maliis
749 5789 890 5845 locis
914 5793 1301 5857 exstitisse,et
1332 5807 1434 5862 pro
1454 5790 1763 5864 canonicis
1781 5805 1959 5864 szneu-

320 5856 544 5912 laribus
574 5859 805 5917 habitos
838 5864 1019 5920 fuisse
1054 5856 1304 5925 constat,
1332 5856 1404 5917 ἰιι
1436 5862 1505 5915 de
1556 5858 1872 5917 Gallicanis
1904 5860 1959 5915 in

2067 4901 2310 4975 virginis
2341 4916 2406 4956 ac
2439 4913 2706 4952 sororum
2737 4896 2895 4965 ejus;
2920 4894 3021 4949 sed
3055 4893 3112 4946 in
3146 4893 3271 4963 ipso
3302 4896 3563 4960 tempore
3589 4894 3711 4944 erat

2065 4991 2384 5049 destitutus
2416 4991 2471 5045 ct
2500 4984 2679 5058 regali
2712 4984 2852 5039 ﬁsco
2883 4981 3319 5037 deditus.Hnnc
3350 4996 3486 5050 ergo
3518 4978 3709 5034 locum

2066 5079 2323 5141 famulus
2352 5075 2566 5132 Christi
2598 5090 2700 5146 pro
2732 5073 3041 5129 dilectione
3070 5074 3365 5125 tantarum
3416 5068 3705 5137 virginum

2067 5181 2418 5243 magnopere
2445 5162 2707 5221 venerari
2741 5161 2933 5232 ccepit,
2959 5161 3212 5231 datoque
3244 5159 3427 5230 pretio
3450 5173 3562 5211 non
3589 5172 3705 5210 mo-

2068 5263 2210 5319 dica:
2238 5258 2519 5331 pecuniae,
2543 5256 2687 5313 emit
2717 5272 2853 5310 eum
2885 5271 3016 5325 rege
3049 5249 3711 5321 Eadgaro,constituens

2069 5375 2426 5433 monasterio
2457 5375 2516 5429 S.
2553 5371 2809 5428 Dionvsii
2841 5374 2897 5425 et
2938 5367 3289 5424 Martiniano
3331 5364 3464 5419 alibi
3513 5363 3709 5417 obser-

2067 5466 2353 5507 VBVIIDUS.

2142 5547 2251 5619 (14)
2272 5547 2343 5619 _S.
2376 5544 2701 5619 Eadburgze
2735 5538 3165 5619 tiliae-Eduardi‘
3201 5536 3358 5619 regis
3385 5548 3714 5619 corpussa-

2070 5602 2249 5674 crum,
2266 5617 2347 5673 ibi
2380 5602 2744 5687 requiescere
2774 5612 2990 5683 legitur
3021 5610 3078 5664 in
3112 5602 3418 5665 Monastici
3450 5602 3713 5676 Anglica-

2070 5691 2128 5745 ni
2162 5695 2318 5745 tomo
2352 5688 2394 5756 Ι,
2430 5704 2563 5759 pag.
2594 5688 2685 5740 32.

2145 5786 2255 5858 (15)
2288 5787 2346 5841 S.
2380 5782 2881 5858 Etheldi'itzeiicta
2914 5780 3194 5858 dedimus
3218 5778 3286 5858 in_
3308 5774 3520 5858 smculo
3574 5789 3611 5827 ιι
3644 5772 3711 5858 διά

2072 5847 2294 5913 annum
2322 5857 2456 5925 679,
2486 5855 2586 5911 ubi
2618 5856 2689 5910 de
2720 5851 2937 5910 Eliensi
2970 5850 3326 5907 monasterio
3372 5848 3567 5901 actum
3608 5847 3710 5897 est.

2864 6000 2885 6023 Ι

3276 6388 3305 6402 Ι
