3868 6414
218 454 297 521 93
1785 452 1992 523 VITA.
3561 465 3643 537 9‘

218 589 278 643 in
312 604 378 643 eo
411 588 831 645 monachorum
863 605 1099 662 gregem
1133 606 1247 645 non
1290 588 1623 649 minimum.
1648 589 1872 659 Quibus
1903 590 1960 661 Α
1985 588 2197 647 Christi
2222 594 2599 650 Adelwoldus
2615 597 2843 668 singula
2872 598 3454 662 monasteria,mores
3477 598 3641 652 insti-

219 678 506 733 ordinavit
540 677 809 732 abbatem
846 679 1233 734 lirithnodum
1266 679 1641 751 praepositum
1674 696 1870 743 suum,

218 772 270 819 et
305 766 569 833 ejusdem
603 764 709 819 loci
745 767 925 820 situm
954 768 1466 823 monasterialibus
1487 769 1749 824 aediliciis
1781 770 1877 823 de-

217 855 556 909 centissime
590 856 902 923 renovavit,
939 874 1190 929 eumque
1232 862 1520 915 terrarum
1550 859 1871 929 possessio-

217 945 391 999 nibus
424 946 871 1000 al'lluentissime
902 946 1412 1019 locupletatumet
1440 952 1667 1003 aeterna:
1698 947 1873 1002 liber-

216 1033 355 1088 tatis
396 1032 695 1106 privilegio
747 1036 1157 1091 confirmatum
1192 1036 1575 1107 omnipotenti
1623 1021 1874 1095 Domino

216 1124 672 1178 commendavit.

289 1213 425 1267 CAP.
457 1212 648 1269 XXIV.
675 1245 740 1253 -——
760 1213 1024 1269 Alterum
1062 1233 1293 1288 quoque
1324 1216 1518 1272 locum
1548 1215 1610 1271 in
1641 1216 1876 1289 regione

217 1301 547 1357 Girviorum
580 1303 766 1373 pretio
796 1304 1055 1360 obtinuit
1075 1322 1109 1361 a
1136 1322 1268 1377 rege.
1291 1311 1347 1361 et.
1368 1305 1666 1363 nobilibus
1685 1310 1872 1379 terrai,

218 1391 475 1462 positum
501 1393 556 1447 in
586 1392 709 1462 ripa
736 1394 996 1448 ﬂuminis
1026 1395 1162 1460 Nan,
1196 1397 1289 1449 cui
1322 1396 1525 1463 lingua
1554 1395 1874 1468 Anglorum

220 1482 518 1552 quondam
552 1480 999 1537 iliertcs/mnzstcdc
1018 1484 1133 1553 (16)
1153 1502 1365 1539 nomen
1396 1485 1697 1556 imposuit,
1722 1501 1876 1539 nunc

218 1575 418 1625 autem
445 1575 722 1625 consuete
752 1572 925 1626 Barth
957 1572 1304 1642 appellatur.
1333 1574 1515 1643 Cujus
1546 1574 1655 1628 loci
1683 1571 1881 1629 basili-

216 1676 349 1714 cam
381 1660 656 1731 congruis
673 1661 980 1714 domorum
1006 1661 1318 1715 structuris
1340 1667 1607 1716 ornatam
1629 1667 1687 1717 et
1708 1664 1879 1718 terris

217 1750 633 1820 adjacentibus
664 1748 895 1819 copiose
928 1750 1193 1815 ditatum,
1221 1751 1278 1805 in
1301 1750 1520 1805 honore
1552 1752 1704 1806 beati
1729 1752 1878 1807 Petri

213 1838 509 1911 principis
559 1837 959 1907 apostolorum
1007 1840 1392 1907 consecravit,
1446 1840 1644 1911 ibique
1700 1841 1879 1896 simili

218 1928 398 1982 modo
427 1930 720 1981 catervam
768 1926 1189 1982 monachorum
1232 1930 1602 1985 coadunavit.
1643 1929 1878 1986 Ealdul—
1909 1961 1960 2037 Β

220 2018 342 2037 μμ,
387 2016 491 2037 HM
692 2015 1041 2037 μωηιηψ
1087 2034 1247 2037 “Hm
1422 2036 1445 2037 η
1514 2019 1567 2037 γρ
1740 2020 1792 2037 ,,

218 2018 350 2071 i'um
383 2016 494 2088 (17)
529 2032 663 2070 vero
692 2015 1049 2073 monachum
1083 2034 1256 2072 suum
1289 2018 1375 2074 eis
1419 2019 1675 2090 praafecit
1701 2020 1880 2075 abba-

220 2111 374 2173 tem;
410 2106 509 2177 qui
541 2109 674 2177 post
708 2122 1014 2161 excessum
1046 2108 1268 2161 domini
1301 2107 1559 2162 Oswaldi
1590 2108 1882 2179 pontificis

224 2195 497 2251 Ecclesiae
540 2196 924 2250 Eboracensis
978 2196 1544 2268 archiepiscopatum
1603 2199 1880 2269 suscepit.

229 2285 491 2341 Tertium
528 2284 912 2338 nihilominus
941 2285 1252 2356 acquisivit
1280 2286 1464 2356 pretio
1484 2286 1883 2359 locum,juxta

228 2374 588 2445 crepidinem
648 2374 905 2442 praedicti
958 2373 1219 2431 ﬂuminis
1267 2376 1471 2441 situm,
1499 2377 1599 2448 qui
1650 2383 1888 2449 propter

231 2466 461 2535 spineta
508 2462 966 2535 circumquaque
1014 2465 1440 2520 succrescentia
1492 2465 1726 2535 Thomig
1774 2467 1885 2537 (18)

233 2554 402 2609 solito
427 2557 827 2621 nuncupatum
852 2551 1079 2624 anglice
1102 2553 1584 2625 vocabulo,quem
1609 2555 1732 2625 pari
1756 2572 1890 2609 con-

231 2643 451 2697 ditione.
489 2641 795 2695 monachis
840 2641 1213 2712 aptissimum
1244 2642 1551 2715 delegavit.
1586 2644 1884 2699 Rectorem

232 2748 464 2803 quoque
499 2730 612 2784 illis
646 2735 702 2782 et
743 2729 1013 2784 abbatem
1044 2732 1515 2786 Godemmanum
1547 2733 1883 2804 przeposuit,

230 2825 752 2889 construclunique
795 2820 1216 2874 monasterium
1250 2821 1308 2874 in
1342 2821 1561 2875 honore
1591 2822 1691 2875 Dei
1723 2822 1885 2893 geni-

232 2911 393 2965 tricis
423 2916 481 2964 et
508 2908 752 2980 virginis
784 2909 974 2963 Marias
1003 2910 1309 2977 dedicavit,
1344 2914 1402 2964 et
1451 2912 1739 2970 bonorum
1769 2928 1889 2967 0m-

230 3001 395 3055 nium
432 2996 797 3069 possessione
829 2997 1192 3070 gratulanter
1221 2999 1446 3054 ditavit.

302 3090 439 3144 CAP.
475 3088 637 3142 XXV.
661 3118 730 3126 —
753 3088 887 3140 Erat
917 3092 1115 3141 autem
1144 3088 1232 3141 vir
1270 3088 1369 3142 Dei
1402 3088 1781 3145 Adelwoldus
1814 3092 1884 3146 ad

230 3183 457 3233 secreta
488 3177 732 3247 Eadgari
764 3174 945 3230 incliti
982 3175 1133 3248 regis
1175 3194 1442 3231 sermone
1476 3183 1533 3232 et
1560 3194 1731 3250 opere
1762 3197 1885 3235 ma-

230 3270 444 3341 gnifice
484 3264 729 3337 pollens,
763 3265 817 3319 in
870 3264 1162 3336 plerisque
1206 3264 1349 3320 locis
1393 3266 1670 3323 ecclesias
1718 3269 1883 3324 dedi-

1990 685 2176 747 tucns,
2204 682 2540 738 obedientes
2572 689 2633 739 ut
2666 686 2723 739 in
2755 686 2906 740 bono
2936 686 3282 756 proﬁcerent
3313 687 3503 741 verbis
3536 688 3636 741 ad—

1988 770 2295 835 monendo,
2320 776 2372 823 et
2410 772 2620 826 stultos
2651 780 2715 828 ut
2744 790 2779 827 a
2809 773 2964 829 male
2997 775 3361 830 discederent
3396 776 3638 830 verberi-

1986 858 2095 913 bus
2127 860 2338 913 acriter
2367 861 2729 931 corrigendo.

2056 948 2718 1006 CAP.XXVIll.—Erat
2776 968 3031 1022 namque
3090 952 3367 1008 terribilis
3426 957 3493 1007 ut
3551 953 3639 1007 leo

1980 1037 2221 1091 discetis
2245 1044 2301 1092 et
2321 1039 2606 1108 perversis
2624 1058 2636 1106 ;
2654 1040 2980 1095 humilibus
3002 1056 3132 1094 vero
3153 1044 3207 1097 et
3232 1042 3641 1099 obedientibus

1987 1142 2047 1179 se
2078 1126 2245 1195 quasi
2278 1143 2496 1198 agnum
2528 1128 2909 1184 mitissimum
2939 1130 3270 1198 exhibebat,
3300 1130 3381 1187 ita
3413 1148 3644 1201 serpen-

1987 1215 2120 1268 tinaJ.
2162 1216 2481 1284 prudentia:
2522 1221 2857 1287 temperans
2896 1218 3286 1287 sevrritatem,
3323 1224 3385 1273 ut
3417 1218 3639 1275 colum-

1989 1303 2136 1359 binai
2169 1303 2563 1373 simplicitatis
2595 1323 2710 1360 non
2735 1307 3026 1361 amitteret
3050 1306 3569 1372 lenitatem.Quem
3592 1308 3639 1361 si

1986 1393 2223 1464 quando
2246 1392 2403 1447 zelus
2427 1394 2795 1450 rectitudinis
2815 1400 3067 1465 cogeret,
3088 1397 3305 1464 utjura
3324 1395 3643 1466 disciplina:

1989 1481 2270 1551 subjectis
2303 1482 2655 1551 imponeret;
2692 1484 2851 1539 furor
2880 1484 3005 1555 ipse
3032 1501 3146 1539 non
3178 1486 3251 1539 de
3280 1484 3642 1549 crudelitate,

1989 1571 2091 1627 sed
2134 1570 2204 1624 de
2253 1587 2451 1627 amore
2484 1573 2794 1641 processit;
2827 1578 2884 1627 et
2931 1572 3092 1635 intus
3144 1578 3388 1647 paterna
3434 1574 3646 1645 pietate

1988 1658 2209 1726 dilexit,
2235 1676 2384 1729 quos
2415 1660 2555 1714 foris
2577 1662 2743 1731 quasi
2777 1661 3097 1732 insequens
3125 1663 3454 1735 castigavit.
3480 1664 3648 1723 Pater

1990 1752 2113 1801 erat
2161 1751 2217 1801 et
2262 1751 2462 1818 pastor
2512 1749 2957 1817 monachorum,
3009 1750 3249 1822 pervigil
3308 1756 3647 1822 procurator

1990 1835 2527 1893 sanctimonialium
2558 1842 2614 1891 et
2659 1842 2948 1908 protector
2976 1838 3301 1911 virginum;
3333 1840 3644 1899 viduarum

1990 1926 2340 1991 consolator,
2393 1924 2831 1997 peregrinorum
2883 1932 3205 1998 susceptor,
3254 1927 3641 1987 Ecclesiarum

1992 2016 2280 2083 defensor,
2304 2016 2627 2073 errantium
2650 2021 2957 2084 corrector,
2980 2034 3305 2089 pauperum
3336 2023 3642 2085 recreator,

1993 2104 2351 2176 pupillorum
2386 2110 2442 2162 et
2473 2106 2869 2177 orphanorum
2892 2107 3155 2178 adjutor;
3191 2108 3345 2179 quod
3378 2107 3511 2178 plus
3543 2107 3647 2164 im-

1996 2194 2173 2265 plevit
2202 2211 2392 2265 opere,
2429 2212 2603 2266 quam
2638 2200 2839 2253 nostra
2878 2197 3129 2267 par-vitas
3163 2212 3430 2254 sermone
3460 2198 3647 2268 possit

1994 2284 2249 2340 evolvere
2278 2285 2409 2354 (itii.

2065 2373 2197 2429 CAP.
2229 2374 2416 2427 XXIX.
2441 2404 2509 2413 —-
2530 2375 2754 2428 Accidit
2785 2375 2939 2427 enim
2975 2376 3228 2445 quodam
3260 2380 3539 2446 tempore,
3585 2380 3648 2430 ut

1998 2464 2203 2517 acerba
2235 2464 2417 2516 fames
2448 2463 2778 2517 universam
2816 2464 3124 2517 Britannize
3155 2465 3451 2535 regionem
3482 2464 3647 2521 velle-

1998 2557 2224 2606 menter
2253 2558 2561 2623 premeret,
2595 2557 2651 2607 et
2700 2553 2905 2622 inopite
2960 2553 3305 2621 magnitudo
3338 2553 3646 2624 plerosque

1998 2642 2124 2696 dira
2154 2643 2295 2703 cade
2318 2641 2846 2712 exstingueret.Vir
2876 2648 3071 2699 autem
3104 2642 3335 2695 Domini
3368 2643 3646 2697 misertus

1998 2747 2173 2801 super
2204 2732 2438 2784 turbam
2474 2732 2625 2785 fame
2652 2729 2843 2784 valida
2874 2731 3265 2800 pereuntium,
3289 2747 3525 2785 omnem
3558 2748 3649 2801 pe-

1997 2821 2181 2873 cuniae
2216 2821 2535 2891 portionem
2562 2836 2735 2890 quam
2773 2820 3044 2883 habebat,
3073 2820 3129 2873 in
3155 2836 3298 2873 usus
3323 2836 3643 2889 pauperum

1996 2909 2288 2980 expendit.
2313 2908 2575 2979 Cumque
2606 2909 2853 2979 pecunia
2885 2910 3175 2973 delicerct,
3198 2908 3323 2963 tolli
3349 2908 3532 2979 jussit
3564 2926 3649 2965 0r-

2000 3004 2275 3054 namenta
2306 3016 2550 3069 qumque
2581 3003 2637 3052 et
2680 3003 2952 3070 argentea
2999 3016 3135 3053 vasa
3190 2998 3550 3068 perplurima
3582 2998 3651 3052 de

1999 3088 2290 3143 thesauris
2321 3087 2596 3153 ecclcsize,
2630 3105 2812 3158 eaque
2845 3088 3114 3157 praecepit
3144 3087 3481 3149 minutatim
3514 3104 3648 3142 con-

1996 3178 2190 3247 fringi,
2219 3183 2275 3231 et
2310 3178 2365 3230 in
2394 3178 2671 3248 pecunias
2704 3178 2908 3249 redigi.
2940 3178 3149 3231 [ntimo
3173 3176 3365 3232 cordis
3398 3176 3651 3246 suspirio

1997 3267 2078 3320 sic
2123 3268 2572 3337 protestabatur,
2609 3284 2669 3320 se
2711 3267 3118 3337 mquanimilcr
3147 3268 3293 3321 ferre
3335 3283 3450 3320 non
3482 3283 3652 3336 posse

231 3376 396 3423 cans,
440 3361 496 3409 et
554 3355 770 3426 ubique
830 3353 1209 3426 Evangelium
1265 3356 1477 3411 Christi
1539 3358 1883 3427 praedicans,
1914 3332 1960 3400 ί]
2001 3362 2165 3412 muta
2195 3355 2435 3411 metalla
2466 3356 2693 3427 integra
2722 3357 3056 3425 perdurare,
3082 3355 3381 3411 hominem
3411 3371 3545 3409 vero
3578 3356 3648 3408 ad

224 3451 396 3520 juxta
429 3444 888 3500 admonitionem
924 3443 1081 3499 Isaiae.
1124 3444 1415 3515 prophetae
1449 3445 1735 3503 dicentis:
1771 3447 1889 3502 Cla-

230 3556 347 3603 ma,
378 3553 450 3593 ne
483 3551 674 3599 cesses,
704 3535 862 3604 quasi
904 3532 1033 3587 tuba
1062 3534 1243 3590 malm
1269 3550 1450 3589 vocem
1496 3534 1664 3604 tuam,
1697 3544 1750 3592 et
1793 3556 1889 3594 an-

228 3628 433 3686 nuntio
458 3625 656 3696 populo
686 3638 801 3677 me
829 3624 1035 3678 scelera
1060 3639 1270 3687 eorum,
1292 3631 1345 3678 et
1370 3623 1558 3686 dmnui
1583 3626 1745 3682 Iacob
1771 3643 1888 3698 pec-

222 3724 347 3772 cata
376 3730 584 3770 eorum.

302 3806 439 3861 CAP.
468 3802 658 3859 XXVI.
674 3833 741 3842 —-
761 3801 943 3872 Cujus
966 3801 1439 3872 praadicationem
1461 3802 1885 3875 maximejuvit

228 3901 475 3952 sanctus
506 3892 751 3948 antistes
785 3890 1170 3958 Suvithunus,
1195 3891 1397 3946 eodem
1429 3895 1690 3962 tempore
1721 3892 1884 3949 coele-

227 3985 423 4041 stibus
453 3982 640 4055 signis
660 3979 1009 4047 declaratus,
1034 3984 1091 4034 et
1111 3979 1261 4035 infra
1290 3980 1493 4054 templi
1522 3981 1743 4053 regiam
1768 3981 1883 4054 glo-

228 4073 555 4131 riosissime
607 4069 949 4137 translatus,
983 4085 1050 4123 ac
1098 4070 1510 4126 decentissime
1540 4070 1879 4129 collocatus.

228 4164 481 4234 Ideoque
509 4161 745 4234 gemina
774 4157 952 4214 simul
975 4159 1033 4212 in
1059 4159 1231 4213 domo
1262 4158 1361 4213 Dei
1392 4158 1607 4215 fulsere
1639 4159 1886 4217 lumina-

226 4255 335 4319 ria,
351 4250 719 4307 candelabris
740 4249 933 4303 aureis
953 4248 1325 4319 superposita
1349 4263 1361 4301 :
1385 4247 1523 4319 quia
1544 4250 1697 4319 quod
1719 4250 1883 4305 Adel-

226 4340 464 4398 woldus
495 4338 713 4395 salubri
746 4340 1055 4393 verborum
1094 4336 1495 4394 exhortatione
1526 4338 1878 4409 praedicavit,

229 4434 337 4487 hoc
352 4429 714 4486 Suvithunus
737 4426 988 4499 gloriosa
1002 4426 1421 4483 miraculorum
1435 4427 1787 4483 exhibitione
1809 4431 1880 4486 ad

224 4521 461 4576 laudem
497 4518 752 4572 nominis
780 4517 992 4573 Christi
1026 4516 1271 4571 miriﬁce
1302 4517 1612 4572 decoravit.

301 4611 437 4665 CAP.
461 4607 679 4663 XXVII.
706 4638 767 4646 -η
793 4606 1002 4677 Sicque
1034 4606 1273 4673 factum,
1298 4607 1698 4663 consentiente
1726 4622 1878 4681 rege,

1999 3447 2315 3519 imaginem
2342 3446 2439 3501 Dei
2464 3450 2743 3509 creatum,
2769 3449 2825 3500 et
2850 3444 3102 3514 pretioso
3124 3444 3337 3499 Christi
3363 3443 3649 3515 sanguine

1998 3536 2365 3604 redemptum
2415 3533 2790 3587 mendicitate
2838 3537 2895 3587 et
2944 3532 3138 3586 inedia
3184 3532 3390 3601 perire.
3424 3531 3649 3601 Emptis

1996 3640 2132 3694 ergo
2154 3624 2301 3677 cibis
2323 3621 2670 3675 sustentavit
2690 3619 3179 3679 innumerabilem
3204 3617 3646 3673 multitudinem

1996 3729 2332 3783 egenorum,
2358 3712 2456 3782 qui
2489 3709 2815 3780 periculum
2850 3709 3024 3763 famis
3053 3710 3292 3761 exedere
3322 3708 3643 3778 cupientes,

1996 3803 2065 3856 ad
2100 3818 2230 3856 eum
2268 3800 2523 3870 undique
2550 3798 2949 3869 confugerant,
2976 3802 3033 3853 et
3062 3815 3160 3851 eos
3193 3796 3289 3867 qui
3325 3796 3647 3851 semineces

1996 3892 2053 3945 in
2084 3889 2292 3961 plateis
2330 3894 2385 3943 et
2424 3887 2696 3957 compitis
2737 3886 2895 3940 omni
2938 3885 3145 3941 solatio
3186 3885 3451 3941 destituti
3486 3886 3644 3954 jace-

1997 3983 2155 4045 bant,
2182 3977 2558 4035 ret'ocillando
2579 3976 2919 4041 sublevavit,
2946 3976 3020 4030 ab
3042 3976 3185 4046 ipsis
3207 3974 3477 4030 faucibus
3502 3990 3651 4029 mor-

1995 4073 2069 4127 tis
2100 4069 2352 4140 eripiens
2385 4067 2650 4133 miseros,
2686 4066 2949 4137 praebens
2980 4082 3209 4137 quoque
3250 4064 3470 4121 cibaria
3500 4079 3648 4135 quo-

1999 4161 2218 4216 tidiana
2247 4155 2497 4229 singulis
2523 4173 2535 4208 ε
2566 4156 2748 4210 donec
2781 4154 3180 4209 misericordia
3200 4153 3301 4208 Dei
3325 4153 3394 4208 de
3412 4151 3555 4207 cmlo
3588 4152 3645 4216 in

1996 4255 2207 4305 terram
2239 4246 2611 4318 prospiceret,
2639 4249 2696 4298 et
2717 4244 2976 4298 humano
3005 4242 3200 4313 generi
3232 4240 3401 4295 solita
3437 4241 3648 4310 pietate

1996 4338 2344 4393 subveniatis
2405 4334 2627 4389 malum
2680 4333 2887 4402 inopiae
2936 4335 3305 4401 temperaret.
3359 4330 3421 4384 In
3474 4329 3647 4397 cujus

1996 4428 2225 4499 pietatis
2273 4442 2443 4497 opere
2483 4427 2738 4478 sectatus
2788 4419 3071 4476 imitabile
3120 4417 3449 4488 exemplum
3492 4417 3643 4471 beati

1996 4517 2288 4574 Laurentii
2324 4515 2505 4569 levitm
2536 4518 2592 4568 et
2624 4511 2914 4582 martyris,
2942 4510 3061 4580 qui,
3089 4509 3342 4562 instante
3376 4520 3645 4577 persecu-

1991 4608 2169 4662 tionis
2190 4603 2786 4676 tempore,thesauros
2807 4606 2863 4655 et
2897 4597 3201 4653 facultates
3233 4594 3503 4651 Ecclesiae
3535 4594 3649 4649 dis—

229 4704 296 4755 Ut
316 4699 528 4771 Partim
553 4697 839 4752 Dunstaﬂi
861 4694 1106 4750 CODSiliO
1129 4700 1185 4749 et
1205 4696 1450 4761 actione,
1477 4696 1691 4767 partim
1712 4697 1880 4753 Adel-
1911 4704 1962 4770 Ι)
1983 4699 2166 4774 persit
2197 4695 2469 4764 deditque
2493 4690 2870 4762 pauperibus,
2895 4687 3197 4758 etjustitia
3216 4687 3344 4774 ejus
3388 4688 3649 4774 maneret

228 4788 409 4843 woldi
457 4786 663 4843 sedula
711 4784 1134 4855 conparatione,
1172 4785 1529 4840 monasteria
1578 4785 1796 4858 ubique
1826 4788 1885 4842 in

228 4883 400 4950 gente
422 4876 741 4948 Anglorum
774 4874 1041 4944 quaedam
1072 4875 1396 4941 monachis,
1415 4876 1683 4946 quaedam
1714 4894 1882 4933 sanc-

231 4966 639 5023 timonialibus
660 4962 1158 5018 constituerentur
1175 4964 1286 5017 sub
1310 4963 1622 5020 abbatibus
1636 4970 1694 5019 et
1712 4966 1887 5022 abba-

228 5055 390 5111 tissis
421 5052 768 5126 regulariter
786 5051 1135 5107 viventibus.
1152 5052 1605 5124 Circumivitque
1626 5054 1884 5113 famulus

301 5198 514 5284 (ItilDe
546 5195 1031 5284 hoc-in‘onasterio
1059 5196 1180 5268 agri
1204 5196 1741 5284 Huntpndoniensis
1760 5197 1886 5284 lege

225 5266 593 5325 \Villelmum
627 5266 1192 5340 Malhesburiensem
1226 5267 1285 5321 in
1316 5266 1420 5340 lib.
1443 5284 1523 5331 Iv,
1548 5267 1627 5321 De
1657 5266 1889 5340 pontifi-

227 5344 417 5406 cibus,
442 5341 541 5395 uhi
568 5342 637 5394 de
658 5340 947 5410 episcopis
976 5339 1509 5405 Dorccstrensibus,
1528 5344 1585 5391 et
1605 5339 1882 5393 szeculum

228 5433 266 5469 ιι
299 5412 766 5476 Benedictinum,
802 5426 933 5481 pag.
963 5410 1090 5465 756.

299 5486 411 5556 (17)
446 5485 525 5556 De
551 5501 620 5556 eo
666 5479 817 5556 vide
843 5479 1287 5556 Observationes
1344 5480 1587 5551 praevias
1635 5480 1709 5535 ad
1758 5486 1887 5536 acta

229 5558 287 5612 S.
310 5552 585 5611 'Oswaldi
619 5553 875 5624 episcopi
904 5552 1078 5607 infra.

300 5628 412 5697 (18)
449 5626 529 5681 De
560 5622 940 5681 Thorneiensi
976 5622 1328 5697 monasterio
1358 5627 1551 5678 actum
1584 5626 1674 5678 est
1706 5640 1888 5694 supra

229 5701 289 5754 in
312 5696 844 5753 Ohservationibus
875 5696 1123 5768 praeviis.

303 5769 415 5840 (_l9)
440 5768 572 5823 Post
604 5768 726 5824 haec
758 5765 1273 5835 .Elfricus,omisso
1307 5767 1571 5839 sequenti
1604 5765 1881 5837 capitulo,

1996 4792 2055 4844 in
2108 4783 2385 4842 sreculum
2439 4780 2656 4841 smonli,
2691 4784 2747 4834 et
2780 4796 2959 4832 cornu
3012 4777 3139 4847 ejus
3190 4773 3540 4830 exaltaretur
3590 4773 3644 4829 in

1994 4878 2201 5024 81:12::
2225 4962 2384 5019 XXX.
2411 4993 2475 5000 —
2500 4961 2713 5014 Verum
2748 4957 2886 5029 quia
2925 4955 3227 5020 Dominus,
3262 4953 3415 5009 sicut
3455 4951 3648 5021 Scrip-

1994 5061 2127 5112 tura
2157 5054 2315 5115 dicit,
2351 5066 2524 5121 quem
2570 5046 2759 5120 diligit
2800 5045 3057 5115 corripit,
3089 5048 3144 5097 et
3176 5058 3409 5096 onmem
3464 5038 3647 5094 ﬁlium

1997 5200 2077 5253 ita
2098 5196 2297 5251 subdit.
2324 5211 2337 5249 :
2365 5214 2392 5241 ‹‹
2420 5192 2834 5246 Inlirmabatur
2854 5206 3003 5264 saipe
3026 5189 3083 5264 in
3106 5186 3428 5264 visceribus
3451 5186 3507 5238 et
3528 5199 3655 5264 cru-

1996 5270 2180 5331 ribus,
2234 5267 2535 5320 insomnes
2590 5268 2787 5317 noctes
2837 5278 2905 5314 ex
2938 5258 3147 5313 dolore
3199 5259 3446 5331 ducens»;
3492 5258 3549 5331 et
3593 5258 3651 5306 in

1997 5323 2109 5407 die,
2140 5323 2273 5393 licet
2306 5335 2581 5407 pallidus,
2626 5340 2819 5388 tamen
2866 5332 3031 5407 quasi
3084 5347 3264 5407 sanus
3316 5323 3647 5407 ambulans.

1997 5402 2238 5466 Minime.
2255 5402 2448 5463 tamen
2467 5424 2567 5460 esu
2584 5406 2848 5477 carnium
2864 5402 3311 5477 quadrupedum
3336 5404 3436 5454 aut
3454 5402 3648 5477 avium

1997 5499 2143 5539 usus
2173 5486 2262 5537 est
2311 5480 2422 5533 nisi
2457 5476 2714 5543 semel,»
2751 5467 2899 5543 etc,
2920 5481 2983 5530 ut
3033 5467 3184 5528 ini’ra
3234 5473 3290 5525 in
3343 5467 3528 5592 capite
3554 5467 3648 5529 30,

2001 5556 2064 5592 Δί’
2122 5553 2302 5592 hninq
2354 5550 2562 5592 canitis:
2623 5549 2693 5592 Ως)
2751 5564 3043 5592 summam
3098 5545 3271 5592 refert,
3314 5535 3648 5592 \Vilelmus

1993 5535 2302 5622 Atﬂhujus
2354 5550 2562 5620 capitis
2623 5535 2710 5622 2'9»
2751 5535 3271 5622 sum_mam_rcl'ert
3314 5535 3651 5622 Willelmus

1998 5615 2559 5683 Malmesburiensis,
2617 5620 2727 5691 qui-
2774 5619 3015 5689 proinde
3066 5615 3171 5670 hoc
3223 5617 3454 5668 auctore
3504 5620 3649 5661 usus

1995 5700 2106 5751 est.
