  <div class='ocr_page' id='page_1' title='image "/cluster/home/n/w/nwhite01/storage/ocr_20150623/136-137/uc1.31175019686917/729.png"; bbox 0 0 3868 6470; ppageno 0'>
   <div class='ocr_carea' id='block_1_1' title="bbox 224 564 3641 641">
    <p class='ocr_par' dir='ltr' id='par_1_1' title="bbox 224 564 3641 641">
     <span class='ocr_line' id='line_1_1' title="bbox 224 564 3641 641; baseline -0.002 -5"><span class='ocrx_word' id='word_1_1' title='bbox 224 574 304 636; x_wconf 82' lang='grc'>95</span> <span class='ocrx_word' id='word_1_2' title='bbox 1281 576 1344 641; x_wconf 85' lang='lat' dir='ltr'>S,</span> <span class='ocrx_word' id='word_1_3' title='bbox 1395 572 1912 634; x_wconf 82' lang='lat' dir='ltr'>ETHELWOLDI</span> <span class='ocrx_word' id='word_1_4' title='bbox 1955 564 2299 631; x_wconf 87' lang='lat' dir='ltr'>WINTON.</span> <span class='ocrx_word' id='word_1_5' title='bbox 2345 571 2585 632; x_wconf 85' lang='lat' dir='ltr'><strong>EPISC.</strong></span> <span class='ocrx_word' id='word_1_6' title='bbox 3556 571 3641 632; x_wconf 85' lang='lat'>96</span> 
     </span>
    </p>
   </div>
   <div class='ocr_carea' id='block_1_2' title="bbox 227 702 3642 780">
    <p class='ocr_par' dir='ltr' id='par_1_2' title="bbox 227 702 3642 780">
     <span class='ocr_line' id='line_1_2' title="bbox 227 702 3642 780; baseline -0.002 -18"><span class='ocrx_word' id='word_1_7' title='bbox 227 726 401 780; x_wconf 87' lang='lat' dir='ltr'>quem</span> <span class='ocrx_word' id='word_1_8' title='bbox 426 709 629 779; x_wconf 89' lang='lat' dir='ltr'>recipit</span> <span class='ocrx_word' id='word_1_9' title='bbox 649 708 926 780; x_wconf 78' lang='lat' dir='ltr'>flagellat;</span> <span class='ocrx_word' id='word_1_10' title='bbox 952 708 1039 759; x_wconf 87' lang='lat' dir='ltr'>vir</span> <span class='ocrx_word' id='word_1_11' title='bbox 1059 706 1155 760; x_wconf 88' lang='lat' dir='ltr'>Dei</span> <span class='ocrx_word' id='word_1_12' title='bbox 1183 708 1593 763; x_wconf 80' lang='lat' dir='ltr'>intirmabatur</span> <span class='ocrx_word' id='word_1_13' title='bbox 1614 709 1876 775; x_wconf 63' lang='grc'>1⁸10110011-</span> <span class='ocrx_word' id='word_1_14' title='bbox 1900 707 1954 770; x_wconf 85' lang='grc' dir='ltr'><strong>Α</strong></span> <span class='ocrx_word' id='word_1_15' title='bbox 1986 704 2146 758; x_wconf 85' lang='lat' dir='ltr'>tistes</span> <span class='ocrx_word' id='word_1_16' title='bbox 2178 702 2235 757; x_wconf 92' lang='lat' dir='ltr'>in</span> <span class='ocrx_word' id='word_1_17' title='bbox 2269 710 2556 758; x_wconf 86' lang='lat' dir='ltr'>conventu</span> <span class='ocrx_word' id='word_1_18' title='bbox 2580 707 2825 761; x_wconf 77' lang='lat' dir='ltr'>fratrum</span> <span class='ocrx_word' id='word_1_19' title='bbox 2860 705 3183 759; x_wconf 84' lang='lat' dir='ltr'>modestam</span> <span class='ocrx_word' id='word_1_20' title='bbox 3211 705 3642 775; x_wconf 87' lang='lat' dir='ltr'>correptionem</span> 
     </span>
    </p>
   </div>
   <div class='ocr_carea' id='block_1_3' title="bbox 231 794 1876 866">
    <p class='ocr_par' dir='ltr' id='par_1_3' title="bbox 231 794 1876 866">
     <span class='ocr_line' id='line_1_3' title="bbox 231 794 1876 866; baseline -0.004 -15"><span class='ocrx_word' id='word_1_21' title='bbox 231 803 317 851; x_wconf 86' lang='lat' dir='ltr'>ter</span> <span class='ocrx_word' id='word_1_22' title='bbox 348 799 402 851; x_wconf 92' lang='lat' dir='ltr'>in</span> <span class='ocrx_word' id='word_1_23' title='bbox 426 797 765 863; x_wconf 85' lang='lat' dir='ltr'>visceribus,</span> <span class='ocrx_word' id='word_1_24' title='bbox 792 797 1179 866; x_wconf 83' lang='lat' dir='ltr'>rnorbumque</span> <span class='ocrx_word' id='word_1_25' title='bbox 1202 797 1449 849; x_wconf 86' lang='lat' dir='ltr'>tumoris</span> <span class='ocrx_word' id='word_1_26' title='bbox 1472 795 1799 849; x_wconf 72' lang='lat' dir='ltr'>sustinebat</span> <span class='ocrx_word' id='word_1_27' title='bbox 1822 794 1876 845; x_wconf 88' lang='lat' dir='ltr'>in</span> 
     </span>
    </p>
   </div>
   <div class='ocr_carea' id='block_1_4' title="bbox 234 883 1879 955">
    <p class='ocr_par' dir='ltr' id='par_1_4' title="bbox 234 883 1879 955">
     <span class='ocr_line' id='line_1_4' title="bbox 234 883 1879 955; baseline -0.003 -17"><span class='ocrx_word' id='word_1_28' title='bbox 234 886 524 938; x_wconf 84' lang='lat' dir='ltr'>cruribus.</span> <span class='ocrx_word' id='word_1_29' title='bbox 550 885 756 937; x_wconf 79' lang='lat' dir='ltr'>Noctes</span> <span class='ocrx_word' id='word_1_30' title='bbox 790 883 1131 955; x_wconf 85' lang='lat' dir='ltr'>plerumque</span> <span class='ocrx_word' id='word_1_31' title='bbox 1164 885 1412 937; x_wconf 85' lang='lat' dir='ltr'>ducebat</span> <span class='ocrx_word' id='word_1_32' title='bbox 1445 885 1744 937; x_wconf 83' lang='lat' dir='ltr'>insomnes</span> <span class='ocrx_word' id='word_1_33' title='bbox 1767 900 1879 951; x_wconf 65' lang='lat' dir='ltr'>prae</span> 
     </span>
    </p>
   </div>
   <div class='ocr_carea' id='block_1_5' title="bbox 237 972 1883 1044">
    <p class='ocr_par' dir='ltr' id='par_1_5' title="bbox 237 972 1883 1044">
     <span class='ocr_line' id='line_1_5' title="bbox 237 972 1883 1044; baseline -0.002 -17"><span class='ocrx_word' id='word_1_34' title='bbox 237 974 459 1033; x_wconf 84' lang='lat' dir='ltr'>dolore;</span> <span class='ocrx_word' id='word_1_35' title='bbox 510 977 566 1026; x_wconf 87' lang='lat' dir='ltr'>et</span> <span class='ocrx_word' id='word_1_36' title='bbox 615 973 726 1037; x_wconf 88' lang='lat' dir='ltr'>die,</span> <span class='ocrx_word' id='word_1_37' title='bbox 762 972 895 1026; x_wconf 89' lang='lat' dir='ltr'>licet</span> <span class='ocrx_word' id='word_1_38' title='bbox 942 972 1215 1043; x_wconf 87' lang='lat' dir='ltr'>pallidus,</span> <span class='ocrx_word' id='word_1_39' title='bbox 1249 979 1443 1026; x_wconf 88' lang='lat' dir='ltr'>tamen</span> <span class='ocrx_word' id='word_1_40' title='bbox 1485 973 1652 1044; x_wconf 86' lang='lat' dir='ltr'>quasi</span> <span class='ocrx_word' id='word_1_41' title='bbox 1702 987 1883 1024; x_wconf 88' lang='lat' dir='ltr'>sanus</span> 
     </span>
    </p>
   </div>
   <div class='ocr_carea' id='block_1_6' title="bbox 237 1060 1885 1131">
    <p class='ocr_par' dir='ltr' id='par_1_6' title="bbox 237 1060 1885 1131">
     <span class='ocr_line' id='line_1_6' title="bbox 237 1060 1885 1131; baseline -0.004 -14"><span class='ocrx_word' id='word_1_42' title='bbox 237 1071 291 1117; x_wconf 83' lang='lat' dir='ltr'>et</span> <span class='ocrx_word' id='word_1_43' title='bbox 325 1062 401 1116; x_wconf 91' lang='lat' dir='ltr'>nil</span> <span class='ocrx_word' id='word_1_44' title='bbox 436 1060 716 1116; x_wconf 66' lang='lat' dir='ltr'>molestia)</span> <span class='ocrx_word' id='word_1_45' title='bbox 748 1062 987 1115; x_wconf 88' lang='lat' dir='ltr'>sentiret</span> <span class='ocrx_word' id='word_1_46' title='bbox 1015 1062 1374 1127; x_wconf 74' lang='lat' dir='ltr'>ambulabat,</span> <span class='ocrx_word' id='word_1_47' title='bbox 1410 1077 1633 1115; x_wconf 89' lang='lat' dir='ltr'>memor</span> <span class='ocrx_word' id='word_1_48' title='bbox 1662 1063 1885 1131; x_wconf 87' lang='lat' dir='ltr'>aposto—</span> 
     </span>
    </p>
   </div>
   <div class='ocr_carea' id='block_1_7' title="bbox 237 1149 1888 1221">
    <p class='ocr_par' dir='ltr' id='par_1_7' title="bbox 237 1149 1888 1221">
     <span class='ocr_line' id='line_1_7' title="bbox 237 1149 1888 1221; baseline -0.002 -16"><span class='ocrx_word' id='word_1_49' title='bbox 237 1150 359 1205; x_wconf 74' lang='lat' dir='ltr'>licze</span> <span class='ocrx_word' id='word_1_50' title='bbox 381 1149 795 1205; x_wconf 72' lang='lat' dir='ltr'>consolationis</span> <span class='ocrx_word' id='word_1_51' title='bbox 818 1167 933 1221; x_wconf 86' lang='lat' dir='ltr'>qua</span> <span class='ocrx_word' id='word_1_52' title='bbox 954 1151 1185 1216; x_wconf 88' lang='lat' dir='ltr'>dicitur,</span> <span class='ocrx_word' id='word_1_53' title='bbox 1211 1151 1348 1221; x_wconf 93' lang='lat' dir='ltr'>quia</span> <span class='ocrx_word' id='word_1_54' title='bbox 1372 1153 1542 1204; x_wconf 82' lang='lat' dir='ltr'>virtus</span> <span class='ocrx_word' id='word_1_55' title='bbox 1575 1151 1633 1203; x_wconf 85' lang='lat' dir='ltr'>in</span> <span class='ocrx_word' id='word_1_56' title='bbox 1656 1149 1888 1219; x_wconf 81' lang='lat' dir='ltr'>inﬁrmi-</span> 
     </span>
    </p>
   </div>
   <div class='ocr_carea' id='block_1_8' title="bbox 236 1238 1883 1310">
    <p class='ocr_par' dir='ltr' id='par_1_8' title="bbox 236 1238 1883 1310">
     <span class='ocr_line' id='line_1_8' title="bbox 236 1238 1883 1310; baseline -0.002 -17"><span class='ocrx_word' id='word_1_57' title='bbox 236 1247 343 1294; x_wconf 79' lang='lat' dir='ltr'>tate</span> <span class='ocrx_word' id='word_1_58' title='bbox 389 1240 688 1310; x_wconf 82' lang='lat' dir='ltr'>perﬁcitur,</span> <span class='ocrx_word' id='word_1_59' title='bbox 723 1244 780 1292; x_wconf 90' lang='lat' dir='ltr'>ct</span> <span class='ocrx_word' id='word_1_60' title='bbox 822 1256 1056 1293; x_wconf 80' lang='lat' dir='ltr'>rursum</span> <span class='ocrx_word' id='word_1_61' title='bbox 1092 1256 1103 1292; x_wconf 90' lang='lat'><strong>:</strong></span> <span class='ocrx_word' id='word_1_62' title='bbox 1152 1238 1374 1306; x_wconf 81' lang='lat' dir='ltr'>Quando</span> <span class='ocrx_word' id='word_1_63' title='bbox 1420 1241 1567 1293; x_wconf 79' lang='lat' dir='ltr'>enim</span> <span class='ocrx_word' id='word_1_64' title='bbox 1615 1239 1883 1308; x_wconf 75' lang='lat' dir='ltr'>i-nﬁrmor,</span> 
     </span>
    </p>
   </div>
   <div class='ocr_carea' id='block_1_9' title="bbox 238 1326 1892 1399">
    <p class='ocr_par' dir='ltr' id='par_1_9' title="bbox 238 1326 1892 1399">
     <span class='ocr_line' id='line_1_9' title="bbox 238 1326 1892 1399; baseline -0.002 -17"><span class='ocrx_word' id='word_1_65' title='bbox 238 1337 366 1382; x_wconf 77' lang='lat' dir='ltr'>tunc</span> <span class='ocrx_word' id='word_1_66' title='bbox 399 1330 596 1398; x_wconf 78' lang='lat' dir='ltr'>fortior</span> <span class='ocrx_word' id='word_1_67' title='bbox 622 1344 745 1382; x_wconf 83' lang='lat' dir='ltr'>sum</span> <span class='ocrx_word' id='word_1_68' title='bbox 792 1336 842 1383; x_wconf 84' lang='lat' dir='ltr'>et</span> <span class='ocrx_word' id='word_1_69' title='bbox 889 1336 1093 1399; x_wconf 75' lang='lat' dir='ltr'>potens,</span> <span class='ocrx_word' id='word_1_70' title='bbox 1128 1333 1181 1381; x_wconf 90' lang='lat' dir='ltr'>et</span> <span class='ocrx_word' id='word_1_71' title='bbox 1209 1328 1419 1381; x_wconf 88' lang='lat' dir='ltr'>iterum</span> <span class='ocrx_word' id='word_1_72' title='bbox 1457 1344 1468 1381; x_wconf 92' lang='lat'>:</span> <span class='ocrx_word' id='word_1_73' title='bbox 1508 1328 1756 1382; x_wconf 78' lang='lat' dir='ltr'>Libenter</span> <span class='ocrx_word' id='word_1_74' title='bbox 1782 1326 1892 1396; x_wconf 83' lang='lat' dir='ltr'>glo-</span> 
     </span>
    </p>
   </div>
   <div class='ocr_carea' id='block_1_10' title="bbox 240 1417 1889 1487">
    <p class='ocr_par' dir='ltr' id='par_1_10' title="bbox 240 1417 1889 1487">
     <span class='ocr_line' id='line_1_10' title="bbox 240 1417 1889 1487; baseline -0.002 -17"><span class='ocrx_word' id='word_1_75' title='bbox 240 1417 428 1473; x_wconf 84' lang='lat' dir='ltr'>riabor</span> <span class='ocrx_word' id='word_1_76' title='bbox 459 1420 513 1471; x_wconf 82' lang='lat' dir='ltr'>in</span> <span class='ocrx_word' id='word_1_77' title='bbox 549 1418 962 1487; x_wconf 77' lang='lat' dir='ltr'>inﬁrmitatibus</span> <span class='ocrx_word' id='word_1_78' title='bbox 985 1419 1137 1483; x_wconf 80' lang='lat' dir='ltr'>meis,</span> <span class='ocrx_word' id='word_1_79' title='bbox 1163 1426 1222 1471; x_wconf 81' lang='lat' dir='ltr'>ut</span> <span class='ocrx_word' id='word_1_80' title='bbox 1242 1417 1504 1471; x_wconf 81' lang='lat' dir='ltr'>inhabitet</span> <span class='ocrx_word' id='word_1_81' title='bbox 1524 1419 1578 1471; x_wconf 82' lang='lat' dir='ltr'>in</span> <span class='ocrx_word' id='word_1_82' title='bbox 1611 1432 1697 1469; x_wconf 77' lang='lat' dir='ltr'>me</span> <span class='ocrx_word' id='word_1_83' title='bbox 1720 1417 1889 1469; x_wconf 76' lang='lat' dir='ltr'>virtus</span> 
     </span>
    </p>
   </div>
   <div class='ocr_carea' id='block_1_11' title="bbox 241 1503 1891 1577">
    <p class='ocr_par' dir='ltr' id='par_1_11' title="bbox 241 1503 1891 1577">
     <span class='ocr_line' id='line_1_11' title="bbox 241 1503 1891 1577; baseline -0.003 -18"><span class='ocrx_word' id='word_1_84' title='bbox 241 1506 463 1561; x_wconf 74' lang='lat' dir='ltr'>Christi.</span> <span class='ocrx_word' id='word_1_85' title='bbox 482 1507 549 1560; x_wconf 82' lang='lat' dir='ltr'>Et</span> <span class='ocrx_word' id='word_1_86' title='bbox 569 1506 835 1577; x_wconf 77' lang='lat' dir='ltr'>quamvis</span> <span class='ocrx_word' id='word_1_87' title='bbox 859 1507 973 1559; x_wconf 88' lang='lat' dir='ltr'>acri</span> <span class='ocrx_word' id='word_1_88' title='bbox 995 1505 1325 1576; x_wconf 88' lang='lat' dir='ltr'>pulsaretur</span> <span class='ocrx_word' id='word_1_89' title='bbox 1346 1505 1632 1567; x_wconf 86' lang='lat' dir='ltr'>molestia,</span> <span class='ocrx_word' id='word_1_90' title='bbox 1650 1503 1891 1557; x_wconf 89' lang='lat' dir='ltr'>minime</span> 
     </span>
    </p>
   </div>
   <div class='ocr_carea' id='block_1_12' title="bbox 242 1595 1893 1667">
    <p class='ocr_par' dir='ltr' id='par_1_12' title="bbox 242 1595 1893 1667">
     <span class='ocr_line' id='line_1_12' title="bbox 242 1595 1893 1667; baseline -0.002 -19"><span class='ocrx_word' id='word_1_91' title='bbox 242 1601 436 1649; x_wconf 88' lang='lat' dir='ltr'>tamen</span> <span class='ocrx_word' id='word_1_92' title='bbox 471 1612 573 1648; x_wconf 88' lang='lat' dir='ltr'>esu</span> <span class='ocrx_word' id='word_1_93' title='bbox 606 1596 870 1650; x_wconf 87' lang='lat' dir='ltr'>carnium</span> <span class='ocrx_word' id='word_1_94' title='bbox 907 1596 1353 1667; x_wconf 76' lang='lat' dir='ltr'>quadrupedum</span> <span class='ocrx_word' id='word_1_95' title='bbox 1390 1600 1491 1648; x_wconf 88' lang='lat' dir='ltr'>aut</span> <span class='ocrx_word' id='word_1_96' title='bbox 1521 1595 1714 1648; x_wconf 90' lang='lat' dir='ltr'>avium</span> <span class='ocrx_word' id='word_1_97' title='bbox 1750 1608 1893 1645; x_wconf 84' lang='lat' dir='ltr'>usus</span> 
     </span>
    </p>
   </div>
   <div class='ocr_carea' id='block_1_13' title="bbox 241 1683 1895 1755">
    <p class='ocr_par' dir='ltr' id='par_1_13' title="bbox 241 1683 1895 1755">
     <span class='ocr_line' id='line_1_13' title="bbox 241 1683 1895 1755; baseline -0.004 -18"><span class='ocrx_word' id='word_1_98' title='bbox 241 1690 350 1751; x_wconf 85' lang='lat' dir='ltr'>est,</span> <span class='ocrx_word' id='word_1_99' title='bbox 377 1684 489 1737; x_wconf 89' lang='lat' dir='ltr'>nisi</span> <span class='ocrx_word' id='word_1_100' title='bbox 520 1683 721 1751; x_wconf 88' lang='lat' dir='ltr'>semel,</span> <span class='ocrx_word' id='word_1_101' title='bbox 747 1688 986 1755; x_wconf 82' lang='lat' dir='ltr'>cogente</span> <span class='ocrx_word' id='word_1_102' title='bbox 1008 1684 1264 1739; x_wconf 75' lang='lat' dir='ltr'>maxima</span> <span class='ocrx_word' id='word_1_103' title='bbox 1286 1684 1625 1738; x_wconf 82' lang='lat' dir='ltr'>infirmitate</span> <span class='ocrx_word' id='word_1_104' title='bbox 1648 1698 1750 1752; x_wconf 85' lang='lat' dir='ltr'>per</span> <span class='ocrx_word' id='word_1_105' title='bbox 1777 1684 1895 1733; x_wconf 85' lang='lat' dir='ltr'>tres</span> 
     </span>
    </p>
   </div>
   <div class='ocr_carea' id='block_1_14' title="bbox 241 1768 1896 1848">
    <p class='ocr_par' dir='ltr' id='par_1_14' title="bbox 241 1768 1896 1848">
     <span class='ocr_line' id='line_1_14' title="bbox 241 1768 1896 1848; baseline -0.003 -22"><span class='ocrx_word' id='word_1_106' title='bbox 241 1788 474 1826; x_wconf 89' lang='lat' dir='ltr'>menses</span> <span class='ocrx_word' id='word_1_107' title='bbox 496 1788 507 1825; x_wconf 95' lang='lat'>:</span> <span class='ocrx_word' id='word_1_108' title='bbox 528 1773 701 1843; x_wconf 80' lang='lat' dir='ltr'>(quod</span> <span class='ocrx_word' id='word_1_109' title='bbox 725 1777 781 1826; x_wconf 89' lang='lat' dir='ltr'>et</span> <span class='ocrx_word' id='word_1_110' title='bbox 800 1773 1121 1842; x_wconf 87' lang='lat' dir='ltr'>fecitjussu</span> <span class='ocrx_word' id='word_1_111' title='bbox 1141 1772 1427 1827; x_wconf 87' lang='lat' dir='ltr'>Dunstani</span> <span class='ocrx_word' id='word_1_112' title='bbox 1452 1768 1896 1848; x_wconf 83' lang='lat' dir='ltr'>archiepiscopi)</span> 
     </span>
    </p>
   </div>
   <div class='ocr_carea' id='block_1_15' title="bbox 238 1860 1343 1932">
    <p class='ocr_par' dir='ltr' id='par_1_15' title="bbox 238 1860 1343 1932">
     <span class='ocr_line' id='line_1_15' title="bbox 238 1860 1343 1932; baseline 0.002 -19"><span class='ocrx_word' id='word_1_113' title='bbox 238 1866 291 1914; x_wconf 83' lang='lat' dir='ltr'>et</span> <span class='ocrx_word' id='word_1_114' title='bbox 327 1862 537 1914; x_wconf 81' lang='lat' dir='ltr'>iterum</span> <span class='ocrx_word' id='word_1_115' title='bbox 572 1860 627 1914; x_wconf 90' lang='lat' dir='ltr'>in</span> <span class='ocrx_word' id='word_1_116' title='bbox 658 1862 999 1915; x_wconf 84' lang='lat' dir='ltr'>infirmitate</span> <span class='ocrx_word' id='word_1_117' title='bbox 1033 1879 1147 1932; x_wconf 88' lang='lat' dir='ltr'>qua</span> <span class='ocrx_word' id='word_1_118' title='bbox 1180 1862 1343 1915; x_wconf 88' lang='lat' dir='ltr'>obiit.</span> 
     </span>
    </p>
   </div>
   <div class='ocr_carea' id='block_1_16' title="bbox 313 1949 1899 2022">
    <p class='ocr_par' dir='ltr' id='par_1_16' title="bbox 313 1949 1899 2022">
     <span class='ocr_line' id='line_1_16' title="bbox 313 1949 1899 2022; baseline -0.001 -18"><span class='ocrx_word' id='word_1_119' title='bbox 313 1951 447 2004; x_wconf 80' lang='lat' dir='ltr'>CAP.</span> <span class='ocrx_word' id='word_1_120' title='bbox 483 1949 671 2004; x_wconf 89' lang='lat' dir='ltr'><strong>XXXI.</strong></span> <span class='ocrx_word' id='word_1_121' title='bbox 697 1982 766 1989; x_wconf 91' lang='lat'>——</span> <span class='ocrx_word' id='word_1_122' title='bbox 787 1950 965 2005; x_wconf 86' lang='lat' dir='ltr'>Dulce</span> <span class='ocrx_word' id='word_1_123' title='bbox 999 1967 1251 2022; x_wconf 81' lang='lat' dir='ltr'>namque</span> <span class='ocrx_word' id='word_1_124' title='bbox 1274 1957 1396 2005; x_wconf 88' lang='lat' dir='ltr'>erat</span> <span class='ocrx_word' id='word_1_125' title='bbox 1417 1952 1467 2007; x_wconf 89' lang='lat' dir='ltr'>ei</span> <span class='ocrx_word' id='word_1_126' title='bbox 1503 1950 1899 2005; x_wconf 82' lang='lat' dir='ltr'>adolescentes</span> 
     </span>
    </p>
   </div>
   <div class='ocr_carea' id='block_1_17' title="bbox 1993 792 3644 866">
    <p class='ocr_par' dir='ltr' id='par_1_17' title="bbox 1993 792 3644 866">
     <span class='ocr_line' id='line_1_17' title="bbox 1993 792 3644 866; baseline 0.001 -21"><span class='ocrx_word' id='word_1_127' title='bbox 1993 792 2309 859; x_wconf 87' lang='lat' dir='ltr'>mandavit,</span> <span class='ocrx_word' id='word_1_128' title='bbox 2334 799 2395 848; x_wconf 92' lang='lat' dir='ltr'>ut</span> <span class='ocrx_word' id='word_1_129' title='bbox 2429 794 2476 847; x_wconf 90' lang='lat' dir='ltr'>si</span> <span class='ocrx_word' id='word_1_130' title='bbox 2511 794 2641 866; x_wconf 87' lang='lat' dir='ltr'>quis</span> <span class='ocrx_word' id='word_1_131' title='bbox 2676 794 2813 848; x_wconf 87' lang='lat' dir='ltr'>furti</span> <span class='ocrx_word' id='word_1_132' title='bbox 2844 792 3003 847; x_wconf 83' lang='lat' dir='ltr'>illius</span> <span class='ocrx_word' id='word_1_133' title='bbox 3026 794 3134 849; x_wconf 83' lang='lat' dir='ltr'>sibi</span> <span class='ocrx_word' id='word_1_134' title='bbox 3163 794 3433 849; x_wconf 84' lang='lat' dir='ltr'>conscius</span> <span class='ocrx_word' id='word_1_135' title='bbox 3462 799 3644 859; x_wconf 82' lang='lat' dir='ltr'>esset,</span> 
     </span>
    </p>
   </div>
   <div class='ocr_carea' id='block_1_18' title="bbox 1995 881 3653 953">
    <p class='ocr_par' dir='ltr' id='par_1_18' title="bbox 1995 881 3653 953">
     <span class='ocr_line' id='line_1_18' title="bbox 1995 881 3653 953; baseline -0.001 -18"><span class='ocrx_word' id='word_1_136' title='bbox 1995 898 2113 935; x_wconf 85' lang='lat' dir='ltr'>rem</span> <span class='ocrx_word' id='word_1_137' title='bbox 2147 898 2324 953; x_wconf 87' lang='lat' dir='ltr'>quam</span> <span class='ocrx_word' id='word_1_138' title='bbox 2366 881 2687 937; x_wconf 81' lang='lat' dir='ltr'>abstulerat</span> <span class='ocrx_word' id='word_1_139' title='bbox 2725 882 3075 953; x_wconf 84' lang='lat' dir='ltr'>quantocius</span> <span class='ocrx_word' id='word_1_140' title='bbox 3115 898 3248 936; x_wconf 91' lang='lat' dir='ltr'>cum</span> <span class='ocrx_word' id='word_1_141' title='bbox 3282 882 3381 937; x_wconf 87' lang='lat' dir='ltr'>Dei</span> <span class='ocrx_word' id='word_1_142' title='bbox 3416 883 3653 936; x_wconf 84' lang='lat' dir='ltr'>benedi-</span> 
     </span>
    </p>
   </div>
   <div class='ocr_carea' id='block_1_19' title="bbox 1994 970 3650 1042">
    <p class='ocr_par' dir='ltr' id='par_1_19' title="bbox 1994 970 3650 1042">
     <span class='ocr_line' id='line_1_19' title="bbox 1994 970 3650 1042; baseline -0.001 -18"><span class='ocrx_word' id='word_1_143' title='bbox 1994 971 2185 1026; x_wconf 88' lang='lat' dir='ltr'>ctione</span> <span class='ocrx_word' id='word_1_144' title='bbox 2215 970 2500 1039; x_wconf 81' lang='lat' dir='ltr'>redderet,</span> <span class='ocrx_word' id='word_1_145' title='bbox 2526 977 2629 1025; x_wconf 86' lang='lat' dir='ltr'>aut</span> <span class='ocrx_word' id='word_1_146' title='bbox 2660 972 2716 1025; x_wconf 88' lang='lat' dir='ltr'>in</span> <span class='ocrx_word' id='word_1_147' title='bbox 2741 970 2842 1025; x_wconf 85' lang='lat' dir='ltr'>tali</span> <span class='ocrx_word' id='word_1_148' title='bbox 2876 971 3001 1026; x_wconf 87' lang='lat' dir='ltr'>loco</span> <span class='ocrx_word' id='word_1_149' title='bbox 3031 987 3157 1025; x_wconf 89' lang='lat' dir='ltr'>eam</span> <span class='ocrx_word' id='word_1_150' title='bbox 3192 971 3520 1042; x_wconf 88' lang='lat' dir='ltr'>projiceret,</span> <span class='ocrx_word' id='word_1_151' title='bbox 3549 971 3650 1023; x_wconf 89' lang='lat' dir='ltr'>ubi</span> 
     </span>
    </p>
   </div>
   <div class='ocr_carea' id='block_1_20' title="bbox 1995 1060 3657 1131">
    <p class='ocr_par' dir='ltr' id='par_1_20' title="bbox 1995 1060 3657 1131">
     <span class='ocr_line' id='line_1_20' title="bbox 1995 1060 3657 1131; baseline -0.001 -18"><span class='ocrx_word' id='word_1_152' title='bbox 1995 1060 2239 1114; x_wconf 83' lang='lat' dir='ltr'>inveniri</span> <span class='ocrx_word' id='word_1_153' title='bbox 2272 1061 2579 1131; x_wconf 85' lang='lat' dir='ltr'>potuisset.</span> <span class='ocrx_word' id='word_1_154' title='bbox 2615 1060 2715 1115; x_wconf 90' lang='lat' dir='ltr'>Ille</span> <span class='ocrx_word' id='word_1_155' title='bbox 2764 1077 2897 1115; x_wconf 89' lang='lat' dir='ltr'>vero</span> <span class='ocrx_word' id='word_1_156' title='bbox 2943 1062 3121 1115; x_wconf 81' lang='lat' dir='ltr'>frater</span> <span class='ocrx_word' id='word_1_157' title='bbox 3151 1061 3445 1115; x_wconf 85' lang='lat' dir='ltr'>obstinato</span> <span class='ocrx_word' id='word_1_158' title='bbox 3477 1061 3657 1114; x_wconf 87' lang='lat' dir='ltr'>corde</span> 
     </span>
    </p>
   </div>
   <div class='ocr_carea' id='block_1_21' title="bbox 1998 1149 3657 1220">
    <p class='ocr_par' dir='ltr' id='par_1_21' title="bbox 1998 1149 3657 1220">
     <span class='ocr_line' id='line_1_21' title="bbox 1998 1149 3657 1220; baseline -0.001 -18"><span class='ocrx_word' id='word_1_159' title='bbox 1998 1149 2257 1220; x_wconf 87' lang='lat' dir='ltr'>seipsum</span> <span class='ocrx_word' id='word_1_160' title='bbox 2308 1149 2622 1217; x_wconf 89' lang='lat' dir='ltr'>induravit,</span> <span class='ocrx_word' id='word_1_161' title='bbox 2656 1156 2714 1204; x_wconf 89' lang='lat' dir='ltr'>et</span> <span class='ocrx_word' id='word_1_162' title='bbox 2752 1150 3097 1205; x_wconf 87' lang='lat' dir='ltr'>mandatum</span> <span class='ocrx_word' id='word_1_163' title='bbox 3132 1150 3237 1204; x_wconf 88' lang='lat' dir='ltr'>viri</span> <span class='ocrx_word' id='word_1_164' title='bbox 3271 1150 3371 1204; x_wconf 91' lang='lat' dir='ltr'>Dei</span> <span class='ocrx_word' id='word_1_165' title='bbox 3422 1166 3657 1203; x_wconf 85' lang='lat' dir='ltr'>servare.</span> 
     </span>
    </p>
   </div>
   <div class='ocr_carea' id='block_1_22' title="bbox 1999 1236 3657 1310">
    <p class='ocr_par' dir='ltr' id='par_1_22' title="bbox 1999 1236 3657 1310">
     <span class='ocr_line' id='line_1_22' title="bbox 1999 1236 3657 1310; baseline -0.001 -19"><span class='ocrx_word' id='word_1_166' title='bbox 1999 1236 2273 1308; x_wconf 76' lang='lat' dir='ltr'>neglexit.</span> <span class='ocrx_word' id='word_1_167' title='bbox 2309 1238 2645 1293; x_wconf 88' lang='lat' dir='ltr'>Transactis</span> <span class='ocrx_word' id='word_1_168' title='bbox 2677 1240 2873 1310; x_wconf 82' lang='lat' dir='ltr'>itaque</span> <span class='ocrx_word' id='word_1_169' title='bbox 2902 1239 3093 1293; x_wconf 88' lang='lat' dir='ltr'>tribus</span> <span class='ocrx_word' id='word_1_170' title='bbox 3135 1239 3341 1294; x_wconf 89' lang='lat' dir='ltr'>diebus</span> <span class='ocrx_word' id='word_1_171' title='bbox 3373 1243 3429 1294; x_wconf 90' lang='lat' dir='ltr'>et</span> <span class='ocrx_word' id='word_1_172' title='bbox 3461 1238 3657 1292; x_wconf 79' lang='lat' dir='ltr'>tribus</span> 
     </span>
    </p>
   </div>
   <div class='ocr_carea' id='block_1_23' title="bbox 2000 1325 3655 1392">
    <p class='ocr_par' dir='ltr' id='par_1_23' title="bbox 2000 1325 3655 1392">
     <span class='ocr_line' id='line_1_23' title="bbox 2000 1325 3655 1392; baseline 0 -13"><span class='ocrx_word' id='word_1_173' title='bbox 2000 1327 2293 1392; x_wconf 89' lang='lat' dir='ltr'>noctibus,</span> <span class='ocrx_word' id='word_1_174' title='bbox 2326 1344 2462 1382; x_wconf 90' lang='lat' dir='ltr'>cum</span> <span class='ocrx_word' id='word_1_175' title='bbox 2495 1344 2586 1382; x_wconf 88' lang='lat' dir='ltr'>res</span> <span class='ocrx_word' id='word_1_176' title='bbox 2617 1328 2809 1384; x_wconf 89' lang='lat' dir='ltr'>furata</span> <span class='ocrx_word' id='word_1_177' title='bbox 2830 1329 3072 1382; x_wconf 89' lang='lat' dir='ltr'>minime</span> <span class='ocrx_word' id='word_1_178' title='bbox 3103 1333 3258 1383; x_wconf 88' lang='lat' dir='ltr'>esset</span> <span class='ocrx_word' id='word_1_179' title='bbox 3286 1328 3543 1392; x_wconf 83' lang='lat' dir='ltr'>inventa,</span> <span class='ocrx_word' id='word_1_180' title='bbox 3569 1325 3655 1379; x_wconf 90' lang='lat' dir='ltr'>lo—</span> 
     </span>
    </p>
   </div>
   <div class='ocr_carea' id='block_1_24' title="bbox 2001 1416 3659 1488">
    <p class='ocr_par' dir='ltr' id='par_1_24' title="bbox 2001 1416 3659 1488">
     <span class='ocr_line' id='line_1_24' title="bbox 2001 1416 3659 1488; baseline 0 -19"><span class='ocrx_word' id='word_1_181' title='bbox 2001 1420 2172 1470; x_wconf 90' lang='lat' dir='ltr'>cutus</span> <span class='ocrx_word' id='word_1_182' title='bbox 2203 1420 2293 1471; x_wconf 87' lang='lat' dir='ltr'>est</span> <span class='ocrx_word' id='word_1_183' title='bbox 2312 1416 2399 1470; x_wconf 91' lang='lat' dir='ltr'>vir</span> <span class='ocrx_word' id='word_1_184' title='bbox 2429 1422 2669 1472; x_wconf 87' lang='lat' dir='ltr'>sanctus</span> <span class='ocrx_word' id='word_1_185' title='bbox 2692 1418 2752 1472; x_wconf 88' lang='lat' dir='ltr'>in</span> <span class='ocrx_word' id='word_1_186' title='bbox 2775 1417 3031 1488; x_wconf 87' lang='lat' dir='ltr'>capitulo</span> <span class='ocrx_word' id='word_1_187' title='bbox 3054 1434 3249 1472; x_wconf 89' lang='lat' dir='ltr'>coram</span> <span class='ocrx_word' id='word_1_188' title='bbox 3272 1417 3428 1472; x_wconf 88' lang='lat' dir='ltr'>omni</span> <span class='ocrx_word' id='word_1_189' title='bbox 3458 1416 3659 1470; x_wconf 75' lang='lat' dir='ltr'>multi-</span> 
     </span>
    </p>
   </div>
   <div class='ocr_carea' id='block_1_25' title="bbox 2001 1505 3660 1578">
    <p class='ocr_par' dir='ltr' id='par_1_25' title="bbox 2001 1505 3660 1578">
     <span class='ocr_line' id='line_1_25' title="bbox 2001 1505 3660 1578; baseline -0.001 -20"><span class='ocrx_word' id='word_1_190' title='bbox 2001 1506 2205 1560; x_wconf 83' lang='lat' dir='ltr'>tudine</span> <span class='ocrx_word' id='word_1_191' title='bbox 2235 1506 2505 1573; x_wconf 84' lang='lat' dir='ltr'>fratrum,</span> <span class='ocrx_word' id='word_1_192' title='bbox 2539 1505 2780 1560; x_wconf 84' lang='lat' dir='ltr'>terribili</span> <span class='ocrx_word' id='word_1_193' title='bbox 2814 1506 3212 1578; x_wconf 83' lang='lat' dir='ltr'>indignatione</span> <span class='ocrx_word' id='word_1_194' title='bbox 3243 1512 3295 1560; x_wconf 87' lang='lat' dir='ltr'>et</span> <span class='ocrx_word' id='word_1_195' title='bbox 3339 1506 3660 1560; x_wconf 87' lang='lat' dir='ltr'>commina-</span> 
     </span>
    </p>
   </div>
   <div class='ocr_carea' id='block_1_26' title="bbox 2003 1594 3655 1666">
    <p class='ocr_par' dir='ltr' id='par_1_26' title="bbox 2003 1594 3655 1666">
     <span class='ocr_line' id='line_1_26' title="bbox 2003 1594 3655 1666; baseline -0.001 -18"><span class='ocrx_word' id='word_1_196' title='bbox 2003 1596 2159 1648; x_wconf 84' lang='lat' dir='ltr'>tione</span> <span class='ocrx_word' id='word_1_197' title='bbox 2191 1595 2464 1666; x_wconf 87' lang='lat' dir='ltr'>inquiens</span> <span class='ocrx_word' id='word_1_198' title='bbox 2499 1612 2511 1648; x_wconf 89' lang='lat'>:</span> <span class='ocrx_word' id='word_1_199' title='bbox 2541 1618 2566 1643; x_wconf 79' lang='grc'>‹‹</span> <span class='ocrx_word' id='word_1_200' title='bbox 2602 1594 2800 1651; x_wconf 88' lang='lat' dir='ltr'>Noluit</span> <span class='ocrx_word' id='word_1_201' title='bbox 2849 1595 3167 1666; x_wconf 84' lang='lat' dir='ltr'>sacrilegus</span> <span class='ocrx_word' id='word_1_202' title='bbox 3209 1594 3306 1649; x_wconf 89' lang='lat' dir='ltr'>ille</span> <span class='ocrx_word' id='word_1_203' title='bbox 3346 1594 3655 1665; x_wconf 82' lang='lat' dir='ltr'>pecuniam</span> 
     </span>
    </p>
   </div>
   <div class='ocr_carea' id='block_1_27' title="bbox 2006 1683 3661 1756">
    <p class='ocr_par' dir='ltr' id='par_1_27' title="bbox 2006 1683 3661 1756">
     <span class='ocr_line' id='line_1_27' title="bbox 2006 1683 3661 1756; baseline -0.001 -18"><span class='ocrx_word' id='word_1_204' title='bbox 2006 1700 2183 1756; x_wconf 86' lang='lat' dir='ltr'>quam</span> <span class='ocrx_word' id='word_1_205' title='bbox 2214 1684 2443 1738; x_wconf 86' lang='lat' dir='ltr'>furatus</span> <span class='ocrx_word' id='word_1_206' title='bbox 2473 1688 2560 1738; x_wconf 87' lang='lat' dir='ltr'>est</span> <span class='ocrx_word' id='word_1_207' title='bbox 2612 1684 2849 1738; x_wconf 85' lang='lat' dir='ltr'>reddere</span> <span class='ocrx_word' id='word_1_208' title='bbox 2888 1701 3022 1739; x_wconf 88' lang='lat' dir='ltr'>cum</span> <span class='ocrx_word' id='word_1_209' title='bbox 3074 1684 3471 1739; x_wconf 85' lang='lat' dir='ltr'>benedictione</span> <span class='ocrx_word' id='word_1_210' title='bbox 3503 1683 3661 1737; x_wconf 82' lang='lat' dir='ltr'>sicut</span> 
     </span>
    </p>
   </div>
   <div class='ocr_carea' id='block_1_28' title="bbox 1999 1772 3663 1844">
    <p class='ocr_par' dir='ltr' id='par_1_28' title="bbox 1999 1772 3663 1844">
     <span class='ocr_line' id='line_1_28' title="bbox 1999 1772 3663 1844; baseline -0.001 -17"><span class='ocrx_word' id='word_1_211' title='bbox 1999 1774 2323 1844; x_wconf 88' lang='lat' dir='ltr'>jussimus;</span> <span class='ocrx_word' id='word_1_212' title='bbox 2360 1774 2564 1828; x_wconf 83' lang='lat' dir='ltr'>reddat</span> <span class='ocrx_word' id='word_1_213' title='bbox 2593 1790 2719 1827; x_wconf 89' lang='lat' dir='ltr'>eam</span> <span class='ocrx_word' id='word_1_214' title='bbox 2754 1774 2926 1827; x_wconf 88' lang='lat' dir='ltr'>modo</span> <span class='ocrx_word' id='word_1_215' title='bbox 2948 1790 3082 1827; x_wconf 90' lang='lat' dir='ltr'>cum</span> <span class='ocrx_word' id='word_1_216' title='bbox 3113 1774 3213 1830; x_wconf 85' lang='lat' dir='ltr'>Dei</span> <span class='ocrx_word' id='word_1_217' title='bbox 3243 1772 3663 1844; x_wconf 71' lang='lat' dir='ltr'>omnipotentis</span> 
     </span>
    </p>
   </div>
   <div class='ocr_carea' id='block_1_29' title="bbox 2012 1861 3662 1933">
    <p class='ocr_par' dir='ltr' id='par_1_29' title="bbox 2012 1861 3662 1933">
     <span class='ocr_line' id='line_1_29' title="bbox 2012 1861 3662 1933; baseline -0.002 -16"><span class='ocrx_word' id='word_1_218' title='bbox 2012 1862 2501 1930; x_wconf 86' lang='lat' dir='ltr'>maledictione,et</span> <span class='ocrx_word' id='word_1_219' title='bbox 2525 1863 2600 1915; x_wconf 85' lang='lat' dir='ltr'>sit</span> <span class='ocrx_word' id='word_1_220' title='bbox 2624 1863 2747 1933; x_wconf 88' lang='lat' dir='ltr'>ipse</span> <span class='ocrx_word' id='word_1_221' title='bbox 2769 1862 2984 1932; x_wconf 82' lang='lat' dir='ltr'>ligatus</span> <span class='ocrx_word' id='word_1_222' title='bbox 3006 1879 3121 1916; x_wconf 89' lang='lat' dir='ltr'>non</span> <span class='ocrx_word' id='word_1_223' title='bbox 3145 1861 3332 1916; x_wconf 90' lang='lat' dir='ltr'>solum</span> <span class='ocrx_word' id='word_1_224' title='bbox 3360 1862 3416 1915; x_wconf 91' lang='lat' dir='ltr'>in</span> <span class='ocrx_word' id='word_1_225' title='bbox 3442 1861 3662 1923; x_wconf 88' lang='lat' dir='ltr'>anima,</span> 
     </span>
    </p>
   </div>
   <div class='ocr_carea' id='block_1_30' title="bbox 2011 1949 3670 2023">
    <p class='ocr_par' dir='ltr' id='par_1_30' title="bbox 2011 1949 3670 2023">
     <span class='ocr_line' id='line_1_30' title="bbox 2011 1949 3670 2023; baseline -0.002 -17"><span class='ocrx_word' id='word_1_226' title='bbox 2011 1953 2111 2007; x_wconf 89' lang='lat' dir='ltr'>sed</span> <span class='ocrx_word' id='word_1_227' title='bbox 2136 1953 2311 2008; x_wconf 88' lang='lat' dir='ltr'>etiam</span> <span class='ocrx_word' id='word_1_228' title='bbox 2333 1954 2391 2007; x_wconf 89' lang='lat' dir='ltr'>in</span> <span class='ocrx_word' id='word_1_229' title='bbox 2415 1968 2654 2023; x_wconf 88' lang='lat' dir='ltr'>corpore</span> <span class='ocrx_word' id='word_1_230' title='bbox 2680 1956 2877 2006; x_wconf 86' lang='lat' dir='ltr'>nostra</span> <span class='ocrx_word' id='word_1_231' title='bbox 2898 1951 3417 2016; x_wconf 85' lang='lat' dir='ltr'>auctoritate.0uid</span> <span class='ocrx_word' id='word_1_232' title='bbox 3441 1949 3670 2004; x_wconf 83' lang='lat' dir='ltr'>multa?</span> 
     </span>
    </p>
   </div>
   <div class='ocr_carea' id='block_1_31' title="bbox 239 2037 3668 2141">
    <p class='ocr_par' dir='ltr' id='par_1_31' title="bbox 239 2037 3668 2141">
     <span class='ocr_line' id='line_1_31' title="bbox 239 2037 3668 2141; baseline 0 -50"><span class='ocrx_word' id='word_1_233' title='bbox 239 2044 297 2092; x_wconf 87' lang='lat' dir='ltr'>et</span> <span class='ocrx_word' id='word_1_234' title='bbox 322 2041 570 2110; x_wconf 80' lang='lat' dir='ltr'>juvenes</span> <span class='ocrx_word' id='word_1_235' title='bbox 598 2055 831 2110; x_wconf 82' lang='lat' dir='ltr'>semper</span> <span class='ocrx_word' id='word_1_236' title='bbox 853 2040 1075 2107; x_wconf 89' lang='lat' dir='ltr'>docere,</span> <span class='ocrx_word' id='word_1_237' title='bbox 1102 2046 1159 2093; x_wconf 89' lang='lat' dir='ltr'>et</span> <span class='ocrx_word' id='word_1_238' title='bbox 1192 2040 1427 2094; x_wconf 86' lang='lat' dir='ltr'>Latinos</span> <span class='ocrx_word' id='word_1_239' title='bbox 1461 2040 1640 2094; x_wconf 87' lang='lat' dir='ltr'>libros</span> <span class='ocrx_word' id='word_1_240' title='bbox 1661 2038 1900 2111; x_wconf 81' lang='lat' dir='ltr'>Anglice</span> <span class='ocrx_word' id='word_1_241' title='bbox 1926 2074 1977 2141; x_wconf 79' lang='grc' dir='ltr'>Β</span> <span class='ocrx_word' id='word_1_242' title='bbox 2012 2043 2283 2097; x_wconf 80' lang='lat' dir='ltr'>dixerunt</span> <span class='ocrx_word' id='word_1_243' title='bbox 2333 2042 2542 2097; x_wconf 82' lang='lat' dir='ltr'>fratres</span> <span class='ocrx_word' id='word_1_244' title='bbox 2580 2057 2592 2094; x_wconf 92' lang='lat'><strong>:</strong></span> <span class='ocrx_word' id='word_1_245' title='bbox 2625 2042 2831 2095; x_wconf 86' lang='lat' dir='ltr'>Amen.</span> <span class='ocrx_word' id='word_1_246' title='bbox 2856 2065 2882 2089; x_wconf 72' lang='grc' dir='ltr'>η</span> <span class='ocrx_word' id='word_1_247' title='bbox 2908 2041 2975 2095; x_wconf 87' lang='lat' dir='ltr'>Et</span> <span class='ocrx_word' id='word_1_248' title='bbox 3018 2058 3146 2095; x_wconf 84' lang='lat' dir='ltr'>ecce</span> <span class='ocrx_word' id='word_1_249' title='bbox 3196 2040 3519 2095; x_wconf 82' lang='lat' dir='ltr'>monachus</span> <span class='ocrx_word' id='word_1_250' title='bbox 3570 2037 3668 2091; x_wconf 86' lang='lat' dir='ltr'>ille</span> 
     </span>
    </p>
   </div>
   <div class='ocr_carea' id='block_1_32' title="bbox 241 2126 1896 2199">
    <p class='ocr_par' dir='ltr' id='par_1_32' title="bbox 241 2126 1896 2199">
     <span class='ocr_line' id='line_1_32' title="bbox 241 2126 1896 2199; baseline 0.001 -19"><span class='ocrx_word' id='word_1_251' title='bbox 241 2128 327 2181; x_wconf 82' lang='lat' dir='ltr'>eis</span> <span class='ocrx_word' id='word_1_252' title='bbox 350 2126 588 2194; x_wconf 88' lang='lat' dir='ltr'>solvere,</span> <span class='ocrx_word' id='word_1_253' title='bbox 614 2132 671 2181; x_wconf 90' lang='lat' dir='ltr'>et</span> <span class='ocrx_word' id='word_1_254' title='bbox 691 2128 924 2199; x_wconf 87' lang='lat' dir='ltr'>regulas</span> <span class='ocrx_word' id='word_1_255' title='bbox 947 2130 1341 2199; x_wconf 74' lang='lat' dir='ltr'>grammatica:</span> <span class='ocrx_word' id='word_1_256' title='bbox 1371 2129 1514 2183; x_wconf 89' lang='lat' dir='ltr'>artis</span> <span class='ocrx_word' id='word_1_257' title='bbox 1546 2145 1611 2183; x_wconf 88' lang='lat' dir='ltr'>ac</span> <span class='ocrx_word' id='word_1_258' title='bbox 1644 2128 1896 2182; x_wconf 60' lang='lat' dir='ltr'>metricae</span> 
     </span>
    </p>
   </div>
   <div class='ocr_carea' id='block_1_33' title="bbox 244 2214 1897 2290">
    <p class='ocr_par' dir='ltr' id='par_1_33' title="bbox 244 2214 1897 2290">
     <span class='ocr_line' id='line_1_33' title="bbox 244 2214 1897 2290; baseline -0.001 -19"><span class='ocrx_word' id='word_1_259' title='bbox 244 2216 486 2271; x_wconf 85' lang='lat' dir='ltr'>rationis</span> <span class='ocrx_word' id='word_1_260' title='bbox 518 2217 764 2283; x_wconf 86' lang='lat' dir='ltr'>tradere,</span> <span class='ocrx_word' id='word_1_261' title='bbox 800 2220 856 2270; x_wconf 89' lang='lat' dir='ltr'>et</span> <span class='ocrx_word' id='word_1_262' title='bbox 893 2218 1170 2288; x_wconf 89' lang='lat' dir='ltr'>jocundis</span> <span class='ocrx_word' id='word_1_263' title='bbox 1208 2219 1483 2290; x_wconf 84' lang='lat' dir='ltr'>alloquiis</span> <span class='ocrx_word' id='word_1_264' title='bbox 1534 2218 1607 2271; x_wconf 88' lang='lat' dir='ltr'>ad</span> <span class='ocrx_word' id='word_1_265' title='bbox 1655 2214 1897 2271; x_wconf 87' lang='lat' dir='ltr'>meliora</span> 
     </span>
    </p>
   </div>
   <div class='ocr_carea' id='block_1_34' title="bbox 242 2304 1897 2378">
    <p class='ocr_par' dir='ltr' id='par_1_34' title="bbox 242 2304 1897 2378">
     <span class='ocr_line' id='line_1_34' title="bbox 242 2304 1897 2378; baseline -0.002 -19"><span class='ocrx_word' id='word_1_266' title='bbox 242 2304 655 2359; x_wconf 86' lang='lat' dir='ltr'>hortari.Unde</span> <span class='ocrx_word' id='word_1_267' title='bbox 684 2304 901 2358; x_wconf 87' lang='lat' dir='ltr'>factum</span> <span class='ocrx_word' id='word_1_268' title='bbox 934 2310 1042 2371; x_wconf 89' lang='lat' dir='ltr'>est,</span> <span class='ocrx_word' id='word_1_269' title='bbox 1066 2310 1130 2359; x_wconf 89' lang='lat' dir='ltr'>ut</span> <span class='ocrx_word' id='word_1_270' title='bbox 1159 2307 1462 2378; x_wconf 87' lang='lat' dir='ltr'>perplures</span> <span class='ocrx_word' id='word_1_271' title='bbox 1501 2323 1569 2360; x_wconf 81' lang='lat' dir='ltr'>ex</span> <span class='ocrx_word' id='word_1_272' title='bbox 1589 2304 1897 2375; x_wconf 85' lang='lat' dir='ltr'>discipulis</span> 
     </span>
    </p>
   </div>
   <div class='ocr_carea' id='block_1_35' title="bbox 243 2392 1897 2465">
    <p class='ocr_par' dir='ltr' id='par_1_35' title="bbox 243 2392 1897 2465">
     <span class='ocr_line' id='line_1_35' title="bbox 243 2392 1897 2465; baseline -0.002 -17"><span class='ocrx_word' id='word_1_273' title='bbox 243 2396 372 2465; x_wconf 88' lang='lat' dir='ltr'>ejus</span> <span class='ocrx_word' id='word_1_274' title='bbox 396 2396 600 2447; x_wconf 81' lang='lat' dir='ltr'>tierent</span> <span class='ocrx_word' id='word_1_275' title='bbox 626 2395 955 2447; x_wconf 84' lang='lat' dir='ltr'>sacerdotes</span> <span class='ocrx_word' id='word_1_276' title='bbox 979 2399 1151 2465; x_wconf 88' lang='lat' dir='ltr'>atque</span> <span class='ocrx_word' id='word_1_277' title='bbox 1174 2396 1432 2463; x_wconf 84' lang='lat' dir='ltr'>abbates,</span> <span class='ocrx_word' id='word_1_278' title='bbox 1449 2401 1503 2449; x_wconf 90' lang='lat' dir='ltr'>et</span> <span class='ocrx_word' id='word_1_279' title='bbox 1526 2392 1897 2447; x_wconf 90' lang='lat' dir='ltr'>honorabiles</span> 
     </span>
    </p>
   </div>
   <div class='ocr_carea' id='block_1_36' title="bbox 245 2482 1899 2555">
    <p class='ocr_par' dir='ltr' id='par_1_36' title="bbox 245 2482 1899 2555">
     <span class='ocr_line' id='line_1_36' title="bbox 245 2482 1899 2555; baseline -0.001 -19"><span class='ocrx_word' id='word_1_280' title='bbox 245 2482 523 2553; x_wconf 86' lang='lat' dir='ltr'>episcopi,</span> <span class='ocrx_word' id='word_1_281' title='bbox 559 2482 797 2553; x_wconf 85' lang='lat' dir='ltr'>quidam</span> <span class='ocrx_word' id='word_1_282' title='bbox 832 2483 1005 2536; x_wconf 86' lang='lat' dir='ltr'>etiam</span> <span class='ocrx_word' id='word_1_283' title='bbox 1039 2483 1455 2554; x_wconf 81' lang='lat' dir='ltr'>archiepiscopi</span> <span class='ocrx_word' id='word_1_284' title='bbox 1496 2484 1552 2537; x_wconf 90' lang='lat' dir='ltr'>in</span> <span class='ocrx_word' id='word_1_285' title='bbox 1586 2488 1756 2555; x_wconf 77' lang='lat' dir='ltr'>gente</span> <span class='ocrx_word' id='word_1_286' title='bbox 1785 2484 1899 2535; x_wconf 83' lang='lat' dir='ltr'>An-</span> 
     </span>
    </p>
   </div>
   <div class='ocr_carea' id='block_1_37' title="bbox 249 2562 1765 2643">
    <p class='ocr_par' dir='ltr' id='par_1_37' title="bbox 249 2562 1765 2643">
     <span class='ocr_line' id='line_1_37' title="bbox 249 2562 1765 2643; baseline -0.001 -18"><span class='ocrx_word' id='word_1_287' title='bbox 249 2571 477 2643; x_wconf 80' lang='lat' dir='ltr'>glorum</span> <span class='ocrx_word' id='word_1_288' title='bbox 488 2612 500 2624; x_wconf 93' lang='lat'>.</span> <span class='ocrx_word' id='word_1_289' title='bbox 1762 2562 1765 2563; x_wconf 16' lang='grc' dir='ltr'><em>ν</em></span> 
     </span>
    </p>
   </div>
   <div class='ocr_carea' id='block_1_38' title="bbox 320 2660 1892 2733">
    <p class='ocr_par' dir='ltr' id='par_1_38' title="bbox 320 2660 1892 2733">
     <span class='ocr_line' id='line_1_38' title="bbox 320 2660 1892 2733; baseline 0 -18"><span class='ocrx_word' id='word_1_290' title='bbox 320 2661 455 2715; x_wconf 74' lang='lat' dir='ltr'>CAP.</span> <span class='ocrx_word' id='word_1_291' title='bbox 507 2660 720 2716; x_wconf 85' lang='lat' dir='ltr'><strong>XXXII.</strong></span> <span class='ocrx_word' id='word_1_292' title='bbox 757 2693 823 2701; x_wconf 94' lang='lat'><strong>—</strong></span> <span class='ocrx_word' id='word_1_293' title='bbox 864 2662 1084 2717; x_wconf 84' lang='lat' dir='ltr'>Placuit.</span> <span class='ocrx_word' id='word_1_294' title='bbox 1142 2664 1292 2718; x_wconf 89' lang='lat' dir='ltr'>inter</span> <span class='ocrx_word' id='word_1_295' title='bbox 1339 2663 1459 2717; x_wconf 69' lang='lat' dir='ltr'>hinc</span> <span class='ocrx_word' id='word_1_296' title='bbox 1509 2663 1892 2733; x_wconf 78' lang='lat' dir='ltr'>omnipotenti</span> 
     </span>
    </p>
   </div>
   <div class='ocr_carea' id='block_1_39' title="bbox 249 2750 1895 2824">
    <p class='ocr_par' dir='ltr' id='par_1_39' title="bbox 249 2750 1895 2824">
     <span class='ocr_line' id='line_1_39' title="bbox 249 2750 1895 2824; baseline 0 -19"><span class='ocrx_word' id='word_1_297' title='bbox 249 2752 385 2818; x_wconf 87' lang='lat' dir='ltr'>Deo,</span> <span class='ocrx_word' id='word_1_298' title='bbox 413 2756 475 2805; x_wconf 90' lang='lat' dir='ltr'>ut</span> <span class='ocrx_word' id='word_1_299' title='bbox 502 2750 715 2805; x_wconf 81' lang='lat' dir='ltr'>ccclesti</span> <span class='ocrx_word' id='word_1_300' title='bbox 749 2752 923 2805; x_wconf 86' lang='lat' dir='ltr'>etiam</span> <span class='ocrx_word' id='word_1_301' title='bbox 954 2758 1378 2807; x_wconf 86' lang='lat' dir='ltr'>monstraretur</span> <span class='ocrx_word' id='word_1_302' title='bbox 1398 2753 1632 2819; x_wconf 88' lang='lat' dir='ltr'>indicio,</span> <span class='ocrx_word' id='word_1_303' title='bbox 1658 2753 1812 2824; x_wconf 89' lang='lat' dir='ltr'>quod</span> <span class='ocrx_word' id='word_1_304' title='bbox 1845 2753 1895 2805; x_wconf 84' lang='lat' dir='ltr'>ei</span> 
     </span>
    </p>
   </div>
   <div class='ocr_carea' id='block_1_40' title="bbox 250 2840 1893 2910">
    <p class='ocr_par' dir='ltr' id='par_1_40' title="bbox 250 2840 1893 2910">
     <span class='ocr_line' id='line_1_40' title="bbox 250 2840 1893 2910; baseline 0.001 -17"><span class='ocrx_word' id='word_1_305' title='bbox 250 2840 675 2910; x_wconf 85' lang='lat' dir='ltr'>heneplacitum</span> <span class='ocrx_word' id='word_1_306' title='bbox 724 2845 874 2893; x_wconf 80' lang='lat' dir='ltr'>esset</span> <span class='ocrx_word' id='word_1_307' title='bbox 922 2840 1182 2895; x_wconf 82' lang='lat' dir='ltr'>habitare</span> <span class='ocrx_word' id='word_1_308' title='bbox 1234 2842 1287 2895; x_wconf 90' lang='lat' dir='ltr'>in</span> <span class='ocrx_word' id='word_1_309' title='bbox 1341 2848 1541 2896; x_wconf 87' lang='lat' dir='ltr'>sancto</span> <span class='ocrx_word' id='word_1_310' title='bbox 1589 2858 1714 2895; x_wconf 85' lang='lat' dir='ltr'>suo.</span> <span class='ocrx_word' id='word_1_311' title='bbox 1749 2842 1893 2896; x_wconf 89' lang='lat' dir='ltr'>Nam</span> 
     </span>
    </p>
   </div>
   <div class='ocr_carea' id='block_1_41' title="bbox 248 2930 1898 3003">
    <p class='ocr_par' dir='ltr' id='par_1_41' title="bbox 248 2930 1898 3003">
     <span class='ocr_line' id='line_1_41' title="bbox 248 2930 1898 3003; baseline 0.001 -21"><span class='ocrx_word' id='word_1_312' title='bbox 248 2946 380 2983; x_wconf 89' lang='lat' dir='ltr'>cum</span> <span class='ocrx_word' id='word_1_313' title='bbox 418 2930 525 2982; x_wconf 84' lang='lat' dir='ltr'>iter</span> <span class='ocrx_word' id='word_1_314' title='bbox 555 2930 846 3000; x_wconf 84' lang='lat' dir='ltr'>quoddam</span> <span class='ocrx_word' id='word_1_315' title='bbox 877 2948 1041 2984; x_wconf 83' lang='lat' dir='ltr'>sacer</span> <span class='ocrx_word' id='word_1_316' title='bbox 1069 2933 1312 2985; x_wconf 83' lang='lat' dir='ltr'>antistes</span> <span class='ocrx_word' id='word_1_317' title='bbox 1345 2938 1561 3003; x_wconf 84' lang='lat' dir='ltr'>ageret,</span> <span class='ocrx_word' id='word_1_318' title='bbox 1585 2933 1726 2986; x_wconf 89' lang='lat' dir='ltr'>utin</span> <span class='ocrx_word' id='word_1_319' title='bbox 1759 2947 1898 3000; x_wconf 80' lang='lat' dir='ltr'>agro</span> 
     </span>
    </p>
   </div>
   <div class='ocr_carea' id='block_1_42' title="bbox 254 3019 1899 3092">
    <p class='ocr_par' dir='ltr' id='par_1_42' title="bbox 254 3019 1899 3092">
     <span class='ocr_line' id='line_1_42' title="bbox 254 3019 1899 3092; baseline -0.002 -18"><span class='ocrx_word' id='word_1_320' title='bbox 254 3019 553 3074; x_wconf 82' lang='lat' dir='ltr'>Dmninico</span> <span class='ocrx_word' id='word_1_321' title='bbox 584 3036 779 3071; x_wconf 83' lang='lat' dir='ltr'>semen</span> <span class='ocrx_word' id='word_1_322' title='bbox 817 3020 973 3073; x_wconf 86' lang='lat' dir='ltr'>verbi</span> <span class='ocrx_word' id='word_1_323' title='bbox 1007 3020 1105 3073; x_wconf 88' lang='lat' dir='ltr'>Dei</span> <span class='ocrx_word' id='word_1_324' title='bbox 1149 3026 1472 3092; x_wconf 84' lang='lat' dir='ltr'>spargeret;</span> <span class='ocrx_word' id='word_1_325' title='bbox 1515 3021 1757 3092; x_wconf 87' lang='lat' dir='ltr'>contigit</span> <span class='ocrx_word' id='word_1_326' title='bbox 1789 3020 1899 3089; x_wconf 64' lang='lat'>(&#39;29)</span> 
     </span>
    </p>
   </div>
   <div class='ocr_carea' id='block_1_43' title="bbox 254 3107 1898 3180">
    <p class='ocr_par' dir='ltr' id='par_1_43' title="bbox 254 3107 1898 3180">
     <span class='ocr_line' id='line_1_43' title="bbox 254 3107 1898 3180; baseline -0.001 -19"><span class='ocrx_word' id='word_1_327' title='bbox 254 3108 529 3161; x_wconf 83' lang='lat' dir='ltr'>clericum</span> <span class='ocrx_word' id='word_1_328' title='bbox 553 3108 700 3177; x_wconf 85' lang='lat' dir='ltr'>ejus,</span> <span class='ocrx_word' id='word_1_329' title='bbox 728 3107 817 3160; x_wconf 90' lang='lat' dir='ltr'>cui</span> <span class='ocrx_word' id='word_1_330' title='bbox 842 3114 1111 3161; x_wconf 87' lang='lat' dir='ltr'>sanctum</span> <span class='ocrx_word' id='word_1_331' title='bbox 1135 3109 1393 3162; x_wconf 86' lang='lat' dir='ltr'>chrisma</span> <span class='ocrx_word' id='word_1_332' title='bbox 1414 3110 1601 3162; x_wconf 86' lang='lat' dir='ltr'>fuerat</span> <span class='ocrx_word' id='word_1_333' title='bbox 1631 3108 1898 3180; x_wconf 86' lang='lat' dir='ltr'>designa-</span> 
     </span>
    </p>
   </div>
   <div class='ocr_carea' id='block_1_44' title="bbox 259 3193 1899 3267">
    <p class='ocr_par' dir='ltr' id='par_1_44' title="bbox 259 3193 1899 3267">
     <span class='ocr_line' id='line_1_44' title="bbox 259 3193 1899 3267; baseline -0.001 -17"><span class='ocrx_word' id='word_1_334' title='bbox 259 3202 403 3251; x_wconf 88' lang='lat' dir='ltr'>tum.</span> <span class='ocrx_word' id='word_1_335' title='bbox 436 3194 634 3248; x_wconf 88' lang='lat' dir='ltr'>minus</span> <span class='ocrx_word' id='word_1_336' title='bbox 672 3193 778 3247; x_wconf 86' lang='lat' dir='ltr'>olei</span> <span class='ocrx_word' id='word_1_337' title='bbox 832 3212 1005 3264; x_wconf 88' lang='lat' dir='ltr'>quam</span> <span class='ocrx_word' id='word_1_338' title='bbox 1056 3198 1373 3249; x_wconf 81' lang='lat' dir='ltr'>necessitas</span> <span class='ocrx_word' id='word_1_339' title='bbox 1419 3198 1693 3267; x_wconf 85' lang='lat' dir='ltr'>poscebat</span> <span class='ocrx_word' id='word_1_340' title='bbox 1740 3212 1899 3249; x_wconf 87' lang='lat' dir='ltr'>acce-</span> 
     </span>
    </p>
   </div>
   <div class='ocr_carea' id='block_1_45' title="bbox 256 3282 1905 3356">
    <p class='ocr_par' dir='ltr' id='par_1_45' title="bbox 256 3282 1905 3356">
     <span class='ocr_line' id='line_1_45' title="bbox 256 3282 1905 3356; baseline 0 -19"><span class='ocrx_word' id='word_1_341' title='bbox 256 3286 432 3356; x_wconf 86' lang='lat' dir='ltr'>pisse,</span> <span class='ocrx_word' id='word_1_342' title='bbox 465 3289 521 3337; x_wconf 88' lang='lat' dir='ltr'>ct</span> <span class='ocrx_word' id='word_1_343' title='bbox 548 3282 655 3337; x_wconf 88' lang='lat' dir='ltr'>hoc</span> <span class='ocrx_word' id='word_1_344' title='bbox 687 3299 891 3353; x_wconf 88' lang='lat' dir='ltr'>parum</span> <span class='ocrx_word' id='word_1_345' title='bbox 927 3284 1081 3354; x_wconf 90' lang='lat' dir='ltr'>quod</span> <span class='ocrx_word' id='word_1_346' title='bbox 1123 3289 1420 3353; x_wconf 86' lang='lat' dir='ltr'>acceperat</span> <span class='ocrx_word' id='word_1_347' title='bbox 1454 3286 1510 3339; x_wconf 92' lang='lat' dir='ltr'>in</span> <span class='ocrx_word' id='word_1_348' title='bbox 1543 3285 1668 3354; x_wconf 87' lang='lat' dir='ltr'>ipso</span> <span class='ocrx_word' id='word_1_349' title='bbox 1698 3284 1905 3338; x_wconf 88' lang='lat' dir='ltr'>itinere</span> 
     </span>
    </p>
   </div>
   <div class='ocr_carea' id='block_1_46' title="bbox 258 3370 1899 3443">
    <p class='ocr_par' dir='ltr' id='par_1_46' title="bbox 258 3370 1899 3443">
     <span class='ocr_line' id='line_1_46' title="bbox 258 3370 1899 3443; baseline -0.001 -17"><span class='ocrx_word' id='word_1_350' title='bbox 258 3372 599 3443; x_wconf 87' lang='lat' dir='ltr'>perdidisse.</span> <span class='ocrx_word' id='word_1_351' title='bbox 625 3372 886 3441; x_wconf 84' lang='lat' dir='ltr'>Cumque</span> <span class='ocrx_word' id='word_1_352' title='bbox 917 3370 1129 3424; x_wconf 75' lang='lat' dir='ltr'>Christi</span> <span class='ocrx_word' id='word_1_353' title='bbox 1154 3371 1411 3425; x_wconf 85' lang='lat' dir='ltr'>famulus</span> <span class='ocrx_word' id='word_1_354' title='bbox 1442 3373 1513 3427; x_wconf 89' lang='lat' dir='ltr'>ad</span> <span class='ocrx_word' id='word_1_355' title='bbox 1546 3373 1899 3427; x_wconf 86' lang='lat' dir='ltr'>destinatum</span> 
     </span>
    </p>
   </div>
   <div class='ocr_carea' id='block_1_47' title="bbox 2007 2129 3667 2201">
    <p class='ocr_par' dir='ltr' id='par_1_47' title="bbox 2007 2129 3667 2201">
     <span class='ocr_line' id='line_1_47' title="bbox 2007 2129 3667 2201; baseline -0.004 -14"><span class='ocrx_word' id='word_1_356' title='bbox 2007 2132 2219 2187; x_wconf 88' lang='lat' dir='ltr'>sedens</span> <span class='ocrx_word' id='word_1_357' title='bbox 2254 2129 2625 2186; x_wconf 87' lang='lat' dir='ltr'>invisibiliter</span> <span class='ocrx_word' id='word_1_358' title='bbox 2653 2129 2964 2201; x_wconf 84' lang='lat' dir='ltr'>ligabatur,</span> <span class='ocrx_word' id='word_1_359' title='bbox 2990 2129 3246 2185; x_wconf 86' lang='lat' dir='ltr'>brachiis</span> <span class='ocrx_word' id='word_1_360' title='bbox 3272 2129 3381 2183; x_wconf 87' lang='lat' dir='ltr'>sibi</span> <span class='ocrx_word' id='word_1_361' title='bbox 3418 2129 3667 2183; x_wconf 84' lang='lat' dir='ltr'>invicem</span> 
     </span>
    </p>
   </div>
   <div class='ocr_carea' id='block_1_48' title="bbox 2009 2217 3667 2290">
    <p class='ocr_par' dir='ltr' id='par_1_48' title="bbox 2009 2217 3667 2290">
     <span class='ocr_line' id='line_1_48' title="bbox 2009 2217 3667 2290; baseline -0.002 -16"><span class='ocrx_word' id='word_1_362' title='bbox 2009 2220 2443 2276; x_wconf 64' lang='lat' dir='ltr'>adhaerentibus</span> <span class='ocrx_word' id='word_1_363' title='bbox 2469 2220 2579 2274; x_wconf 88' lang='lat' dir='ltr'>sub</span> <span class='ocrx_word' id='word_1_364' title='bbox 2604 2218 2836 2274; x_wconf 88' lang='lat' dir='ltr'>cuculla</span> <span class='ocrx_word' id='word_1_365' title='bbox 2857 2236 2983 2287; x_wconf 88' lang='lat' dir='ltr'>sua,</span> <span class='ocrx_word' id='word_1_366' title='bbox 3008 2219 3344 2290; x_wconf 89' lang='lat' dir='ltr'>mansitque</span> <span class='ocrx_word' id='word_1_367' title='bbox 3365 2217 3667 2289; x_wconf 85' lang='lat' dir='ltr'>stupidus,</span> 
     </span>
    </p>
   </div>
   <div class='ocr_carea' id='block_1_49' title="bbox 2009 2306 3671 2381">
    <p class='ocr_par' dir='ltr' id='par_1_49' title="bbox 2009 2306 3671 2381">
     <span class='ocr_line' id='line_1_49' title="bbox 2009 2306 3671 2381; baseline -0.002 -17"><span class='ocrx_word' id='word_1_368' title='bbox 2009 2310 2272 2381; x_wconf 87' lang='lat' dir='ltr'>cogitans</span> <span class='ocrx_word' id='word_1_369' title='bbox 2306 2308 2446 2379; x_wconf 88' lang='lat' dir='ltr'>quid</span> <span class='ocrx_word' id='word_1_370' title='bbox 2478 2324 2646 2379; x_wconf 86' lang='lat' dir='ltr'>agere</span> <span class='ocrx_word' id='word_1_371' title='bbox 2684 2308 2938 2362; x_wconf 87' lang='lat' dir='ltr'>deberet.</span> <span class='ocrx_word' id='word_1_372' title='bbox 2975 2306 3185 2361; x_wconf 87' lang='lat' dir='ltr'>Omnia</span> <span class='ocrx_word' id='word_1_373' title='bbox 3211 2312 3408 2361; x_wconf 88' lang='lat' dir='ltr'>tamen</span> <span class='ocrx_word' id='word_1_374' title='bbox 3441 2306 3671 2378; x_wconf 85' lang='lat' dir='ltr'>reliqua</span> 
     </span>
    </p>
   </div>
   <div class='ocr_carea' id='block_1_50' title="bbox 2011 2396 3665 2467">
    <p class='ocr_par' dir='ltr' id='par_1_50' title="bbox 2011 2396 3665 2467">
     <span class='ocr_line' id='line_1_50' title="bbox 2011 2396 3665 2467; baseline -0.004 -14"><span class='ocrx_word' id='word_1_375' title='bbox 2011 2400 2276 2453; x_wconf 86' lang='lat' dir='ltr'>membra</span> <span class='ocrx_word' id='word_1_376' title='bbox 2322 2414 2429 2452; x_wconf 89' lang='lat' dir='ltr'>sua</span> <span class='ocrx_word' id='word_1_377' title='bbox 2478 2396 2720 2451; x_wconf 86' lang='lat' dir='ltr'>mobilia</span> <span class='ocrx_word' id='word_1_378' title='bbox 2767 2403 2825 2450; x_wconf 90' lang='lat' dir='ltr'>et</span> <span class='ocrx_word' id='word_1_379' title='bbox 2872 2397 2945 2451; x_wconf 89' lang='lat' dir='ltr'>ad</span> <span class='ocrx_word' id='word_1_380' title='bbox 2995 2414 3169 2451; x_wconf 89' lang='lat' dir='ltr'>usum</span> <span class='ocrx_word' id='word_1_381' title='bbox 3206 2402 3342 2467; x_wconf 88' lang='lat' dir='ltr'>apta</span> <span class='ocrx_word' id='word_1_382' title='bbox 3388 2396 3665 2459; x_wconf 82' lang='lat' dir='ltr'>habebat,</span> 
     </span>
    </p>
   </div>
   <div class='ocr_carea' id='block_1_51' title="bbox 2010 2483 3667 2558">
    <p class='ocr_par' dir='ltr' id='par_1_51' title="bbox 2010 2483 3667 2558">
     <span class='ocr_line' id='line_1_51' title="bbox 2010 2483 3667 2558; baseline -0.004 -15"><span class='ocrx_word' id='word_1_383' title='bbox 2010 2487 2267 2558; x_wconf 71' lang='lat' dir='ltr'>exceptis</span> <span class='ocrx_word' id='word_1_384' title='bbox 2297 2485 2717 2557; x_wconf 75' lang='lat' dir='ltr'>brachiis,qua:</span> <span class='ocrx_word' id='word_1_385' title='bbox 2745 2485 2834 2540; x_wconf 90' lang='lat' dir='ltr'>vir</span> <span class='ocrx_word' id='word_1_386' title='bbox 2854 2490 3093 2540; x_wconf 87' lang='lat' dir='ltr'>sanctus</span> <span class='ocrx_word' id='word_1_387' title='bbox 3125 2485 3466 2539; x_wconf 84' lang='lat' dir='ltr'>auctoritate</span> <span class='ocrx_word' id='word_1_388' title='bbox 3487 2483 3599 2537; x_wconf 86' lang='lat' dir='ltr'>sibi</span> <span class='ocrx_word' id='word_1_389' title='bbox 3633 2500 3667 2536; x_wconf 71' lang='grc' dir='ltr'>ι</span> 
     </span>
    </p>
   </div>
   <div class='ocr_carea' id='block_1_52' title="bbox 2010 2572 3667 2648">
    <p class='ocr_par' dir='ltr' id='par_1_52' title="bbox 2010 2572 3667 2648">
     <span class='ocr_line' id='line_1_52' title="bbox 2010 2572 3667 2648; baseline -0.005 -15"><span class='ocrx_word' id='word_1_390' title='bbox 2010 2579 2127 2633; x_wconf 89' lang='lat' dir='ltr'>Deo</span> <span class='ocrx_word' id='word_1_391' title='bbox 2143 2575 2357 2631; x_wconf 89' lang='lat' dir='ltr'>collata</span> <span class='ocrx_word' id='word_1_392' title='bbox 2377 2573 2663 2648; x_wconf 86' lang='lat' dir='ltr'>ligavit,et</span> <span class='ocrx_word' id='word_1_393' title='bbox 2684 2572 2918 2629; x_wconf 85' lang='lat' dir='ltr'>inutilia</span> <span class='ocrx_word' id='word_1_394' title='bbox 2933 2574 3477 2629; x_wconf 88' lang='lat' dir='ltr'>reddidit.Tandem</span> <span class='ocrx_word' id='word_1_395' title='bbox 3500 2572 3667 2625; x_wconf 75' lang='lat' dir='ltr'>finito</span> 
     </span>
    </p>
   </div>
   <div class='ocr_carea' id='block_1_53' title="bbox 2010 2662 3662 2737">
    <p class='ocr_par' dir='ltr' id='par_1_53' title="bbox 2010 2662 3662 2737">
     <span class='ocr_line' id='line_1_53' title="bbox 2010 2662 3662 2737; baseline -0.004 -16"><span class='ocrx_word' id='word_1_396' title='bbox 2010 2665 2264 2737; x_wconf 87' lang='lat' dir='ltr'>capitulo</span> <span class='ocrx_word' id='word_1_397' title='bbox 2295 2664 2567 2731; x_wconf 80' lang='lat' dir='ltr'>surrexit,</span> <span class='ocrx_word' id='word_1_398' title='bbox 2601 2664 2782 2718; x_wconf 90' lang='lat' dir='ltr'>miser</span> <span class='ocrx_word' id='word_1_399' title='bbox 2817 2662 2915 2719; x_wconf 87' lang='lat' dir='ltr'>ille</span> <span class='ocrx_word' id='word_1_400' title='bbox 2948 2665 3053 2728; x_wconf 70' lang='lat' dir='ltr'>{sic</span> <span class='ocrx_word' id='word_1_401' title='bbox 3103 2663 3338 2733; x_wconf 85' lang='lat' dir='ltr'>ligatus,</span> <span class='ocrx_word' id='word_1_402' title='bbox 3374 2667 3430 2716; x_wconf 89' lang='lat' dir='ltr'>et</span> <span class='ocrx_word' id='word_1_403' title='bbox 3461 2662 3662 2715; x_wconf 80' lang='lat' dir='ltr'>exiens</span> 
     </span>
    </p>
   </div>
   <div class='ocr_carea' id='block_1_54' title="bbox 2013 2753 3663 2827">
    <p class='ocr_par' dir='ltr' id='par_1_54' title="bbox 2013 2753 3663 2827">
     <span class='ocr_line' id='line_1_54' title="bbox 2013 2753 3663 2827; baseline -0.004 -16"><span class='ocrx_word' id='word_1_404' title='bbox 2013 2760 2142 2827; x_wconf 86' lang='lat' dir='ltr'>post</span> <span class='ocrx_word' id='word_1_405' title='bbox 2172 2758 2440 2809; x_wconf 89' lang='lat' dir='ltr'>sanctum</span> <span class='ocrx_word' id='word_1_406' title='bbox 2464 2754 2803 2824; x_wconf 87' lang='lat' dir='ltr'>episcopum</span> <span class='ocrx_word' id='word_1_407' title='bbox 2824 2755 3128 2807; x_wconf 84' lang='lat' dir='ltr'>confessus</span> <span class='ocrx_word' id='word_1_408' title='bbox 3159 2757 3245 2806; x_wconf 86' lang='lat' dir='ltr'>est</span> <span class='ocrx_word' id='word_1_409' title='bbox 3269 2753 3317 2806; x_wconf 86' lang='lat' dir='ltr'>ei</span> <span class='ocrx_word' id='word_1_410' title='bbox 3352 2758 3576 2804; x_wconf 85' lang='lat' dir='ltr'>secreto</span> <span class='ocrx_word' id='word_1_411' title='bbox 3601 2767 3663 2805; x_wconf 87' lang='lat' dir='ltr'>se</span> 
     </span>
    </p>
   </div>
   <div class='ocr_carea' id='block_1_55' title="bbox 2014 2841 3663 2913">
    <p class='ocr_par' dir='ltr' id='par_1_55' title="bbox 2014 2841 3663 2913">
     <span class='ocr_line' id='line_1_55' title="bbox 2014 2841 3663 2913; baseline -0.005 -14"><span class='ocrx_word' id='word_1_412' title='bbox 2014 2846 2193 2900; x_wconf 87' lang='lat' dir='ltr'>fuisse</span> <span class='ocrx_word' id='word_1_413' title='bbox 2224 2858 2409 2908; x_wconf 89' lang='lat' dir='ltr'>reum,</span> <span class='ocrx_word' id='word_1_414' title='bbox 2445 2858 2622 2913; x_wconf 87' lang='lat' dir='ltr'>seque</span> <span class='ocrx_word' id='word_1_415' title='bbox 2663 2841 2951 2897; x_wconf 89' lang='lat' dir='ltr'>latrocinii</span> <span class='ocrx_word' id='word_1_416' title='bbox 2992 2847 3355 2912; x_wconf 80' lang='lat' dir='ltr'>perpetrasse</span> <span class='ocrx_word' id='word_1_417' title='bbox 3398 2846 3663 2901; x_wconf 87' lang='lat' dir='ltr'>reatum;</span> 
     </span>
    </p>
   </div>
   <div class='ocr_carea' id='block_1_56' title="bbox 2012 2930 3667 3001">
    <p class='ocr_par' dir='ltr' id='par_1_56' title="bbox 2012 2930 3667 3001">
     <span class='ocr_line' id='line_1_56' title="bbox 2012 2930 3667 3001; baseline -0.001 -13"><span class='ocrx_word' id='word_1_418' title='bbox 2012 2932 2158 2987; x_wconf 88' lang='lat' dir='ltr'>nihil</span> <span class='ocrx_word' id='word_1_419' title='bbox 2182 2938 2377 2987; x_wconf 88' lang='lat' dir='ltr'>tamen</span> <span class='ocrx_word' id='word_1_420' title='bbox 2400 2932 2451 2985; x_wconf 85' lang='lat' dir='ltr'>ci</span> <span class='ocrx_word' id='word_1_421' title='bbox 2480 2931 2550 2984; x_wconf 87' lang='lat' dir='ltr'>de</span> <span class='ocrx_word' id='word_1_422' title='bbox 2578 2930 2871 3001; x_wconf 87' lang='lat' dir='ltr'>ligatione,</span> <span class='ocrx_word' id='word_1_423' title='bbox 2899 2948 3014 3001; x_wconf 90' lang='lat' dir='ltr'>qua</span> <span class='ocrx_word' id='word_1_424' title='bbox 3034 2931 3344 2983; x_wconf 85' lang='lat' dir='ltr'>tenebatur</span> <span class='ocrx_word' id='word_1_425' title='bbox 3366 2930 3667 2986; x_wconf 74' lang='lat' dir='ltr'>astrictus.</span> 
     </span>
    </p>
   </div>
   <div class='ocr_carea' id='block_1_57' title="bbox 2015 3019 3671 3089">
    <p class='ocr_par' dir='ltr' id='par_1_57' title="bbox 2015 3019 3671 3089">
     <span class='ocr_line' id='line_1_57' title="bbox 2015 3019 3671 3089; baseline -0.003 -14"><span class='ocrx_word' id='word_1_426' title='bbox 2015 3021 2301 3075; x_wconf 87' lang='lat' dir='ltr'>indicans.</span> <span class='ocrx_word' id='word_1_427' title='bbox 2316 3020 2638 3089; x_wconf 85' lang='lat' dir='ltr'>Episcopus</span> <span class='ocrx_word' id='word_1_428' title='bbox 2659 3022 2850 3072; x_wconf 89' lang='lat' dir='ltr'>autem</span> <span class='ocrx_word' id='word_1_429' title='bbox 2865 3019 3070 3071; x_wconf 85' lang='lat' dir='ltr'>videns</span> <span class='ocrx_word' id='word_1_430' title='bbox 3087 3034 3219 3071; x_wconf 88' lang='lat' dir='ltr'>eum</span> <span class='ocrx_word' id='word_1_431' title='bbox 3246 3019 3427 3072; x_wconf 87' lang='lat' dir='ltr'>nimio</span> <span class='ocrx_word' id='word_1_432' title='bbox 3451 3025 3671 3072; x_wconf 85' lang='lat' dir='ltr'>terrore</span> 
     </span>
    </p>
   </div>
   <div class='ocr_carea' id='block_1_58' title="bbox 2015 3106 3675 3179">
    <p class='ocr_par' dir='ltr' id='par_1_58' title="bbox 2015 3106 3675 3179">
     <span class='ocr_line' id='line_1_58' title="bbox 2015 3106 3675 3179; baseline -0.004 -15"><span class='ocrx_word' id='word_1_433' title='bbox 2015 3113 2367 3179; x_wconf 87' lang='lat' dir='ltr'>correptum,</span> <span class='ocrx_word' id='word_1_434' title='bbox 2395 3107 2546 3159; x_wconf 89' lang='lat' dir='ltr'>sicut</span> <span class='ocrx_word' id='word_1_435' title='bbox 2566 3106 2617 3159; x_wconf 91' lang='lat' dir='ltr'>ei</span> <span class='ocrx_word' id='word_1_436' title='bbox 2641 3106 2821 3159; x_wconf 89' lang='lat' dir='ltr'>moris</span> <span class='ocrx_word' id='word_1_437' title='bbox 2853 3111 2976 3159; x_wconf 87' lang='lat' dir='ltr'>erat</span> <span class='ocrx_word' id='word_1_438' title='bbox 3007 3106 3426 3174; x_wconf 75' lang='lat' dir='ltr'>paenitentibus</span> <span class='ocrx_word' id='word_1_439' title='bbox 3450 3108 3675 3161; x_wconf 60' lang='grc'>0111011-</span> 
     </span>
    </p>
   </div>
   <div class='ocr_carea' id='block_1_59' title="bbox 2014 3193 3675 3264">
    <p class='ocr_par' dir='ltr' id='par_1_59' title="bbox 2014 3193 3675 3264">
     <span class='ocr_line' id='line_1_59' title="bbox 2014 3193 3675 3264; baseline -0.002 -13"><span class='ocrx_word' id='word_1_440' title='bbox 2014 3198 2174 3251; x_wconf 86' lang='lat' dir='ltr'>tibus</span> <span class='ocrx_word' id='word_1_441' title='bbox 2201 3194 2520 3249; x_wconf 88' lang='lat' dir='ltr'>clementer</span> <span class='ocrx_word' id='word_1_442' title='bbox 2552 3194 2868 3264; x_wconf 83' lang='lat' dir='ltr'>ignoscere,</span> <span class='ocrx_word' id='word_1_443' title='bbox 2903 3197 2960 3246; x_wconf 89' lang='lat' dir='ltr'>et</span> <span class='ocrx_word' id='word_1_444' title='bbox 2990 3193 3401 3246; x_wconf 79' lang='lat' dir='ltr'>misericordiae</span> <span class='ocrx_word' id='word_1_445' title='bbox 3435 3195 3675 3249; x_wconf 80' lang='lat' dir='ltr'>visceri-</span> 
     </span>
    </p>
   </div>
   <div class='ocr_carea' id='block_1_60' title="bbox 2018 3281 3680 3351">
    <p class='ocr_par' dir='ltr' id='par_1_60' title="bbox 2018 3281 3680 3351">
     <span class='ocr_line' id='line_1_60' title="bbox 2018 3281 3680 3351; baseline -0.003 -11"><span class='ocrx_word' id='word_1_446' title='bbox 2018 3287 2128 3340; x_wconf 87' lang='lat' dir='ltr'>bus</span> <span class='ocrx_word' id='word_1_447' title='bbox 2158 3281 2487 3348; x_wconf 89' lang='lat' dir='ltr'>condolere,</span> <span class='ocrx_word' id='word_1_448' title='bbox 2523 3281 2737 3335; x_wconf 88' lang='lat' dir='ltr'>blando</span> <span class='ocrx_word' id='word_1_449' title='bbox 2770 3297 3039 3335; x_wconf 84' lang='lat' dir='ltr'>sermone</span> <span class='ocrx_word' id='word_1_450' title='bbox 3070 3282 3371 3351; x_wconf 85' lang='lat' dir='ltr'>respondit</span> <span class='ocrx_word' id='word_1_451' title='bbox 3399 3299 3411 3334; x_wconf 93' lang='lat'>:</span> <span class='ocrx_word' id='word_1_452' title='bbox 3444 3305 3466 3332; x_wconf 71' lang='grc' dir='ltr'><strong><em>α</em></strong></span> <span class='ocrx_word' id='word_1_453' title='bbox 3505 3283 3680 3337; x_wconf 79' lang='lat' dir='ltr'>Modo</span> 
     </span>
    </p>
   </div>
   <div class='ocr_carea' id='block_1_61' title="bbox 2019 3369 3680 3440">
    <p class='ocr_par' dir='ltr' id='par_1_61' title="bbox 2019 3369 3680 3440">
     <span class='ocr_line' id='line_1_61' title="bbox 2019 3369 3680 3440; baseline -0.002 -11"><span class='ocrx_word' id='word_1_454' title='bbox 2019 3372 2216 3429; x_wconf 88' lang='lat' dir='ltr'>saltim</span> <span class='ocrx_word' id='word_1_455' title='bbox 2247 3371 2393 3425; x_wconf 88' lang='lat' dir='ltr'>bene</span> <span class='ocrx_word' id='word_1_456' title='bbox 2424 3369 2634 3434; x_wconf 83' lang='lat' dir='ltr'>fecisti,</span> <span class='ocrx_word' id='word_1_457' title='bbox 2672 3369 2805 3423; x_wconf 88' lang='lat' dir='ltr'>licet</span> <span class='ocrx_word' id='word_1_458' title='bbox 2844 3384 2972 3423; x_wconf 84' lang='lat' dir='ltr'>sero</span> <span class='ocrx_word' id='word_1_459' title='bbox 3008 3370 3340 3423; x_wconf 78' lang='lat' dir='ltr'>confitendo</span> <span class='ocrx_word' id='word_1_460' title='bbox 3372 3378 3680 3440; x_wconf 87' lang='lat' dir='ltr'>peccatum</span> 
     </span>
    </p>
   </div>
   <div class='ocr_carea' id='block_1_62' title="bbox 260 3438 3683 3533">
    <p class='ocr_par' dir='ltr' id='par_1_62' title="bbox 260 3438 3683 3533">
     <span class='ocr_line' id='line_1_62' title="bbox 260 3438 3683 3533; baseline -0 -18"><span class='ocrx_word' id='word_1_461' title='bbox 260 3461 615 3533; x_wconf 77' lang='lat' dir='ltr'>pewenisset</span> <span class='ocrx_word' id='word_1_462' title='bbox 682 3460 905 3527; x_wconf 88' lang='lat' dir='ltr'>locum,</span> <span class='ocrx_word' id='word_1_463' title='bbox 976 3464 1105 3531; x_wconf 88' lang='lat' dir='ltr'>post</span> <span class='ocrx_word' id='word_1_464' title='bbox 1175 3460 1367 3514; x_wconf 62' lang='lat' dir='ltr'>missze</span> <span class='ocrx_word' id='word_1_465' title='bbox 1435 3460 1906 3525; x_wconf 83' lang='lat' dir='ltr'>celebrationem,</span> <span class='ocrx_word' id='word_1_466' title='bbox 1945 3438 1989 3503; x_wconf 78' lang='lat' dir='ltr'><strong>C</strong></span> <span class='ocrx_word' id='word_1_467' title='bbox 2022 3468 2190 3517; x_wconf 88' lang='lat' dir='ltr'>tuum</span> <span class='ocrx_word' id='word_1_468' title='bbox 2223 3476 2238 3514; x_wconf 87' lang='lat'><strong>:</strong></span> <span class='ocrx_word' id='word_1_469' title='bbox 2273 3459 2492 3513; x_wconf 86' lang='lat' dir='ltr'>habeas</span> <span class='ocrx_word' id='word_1_470' title='bbox 2526 3476 2679 3512; x_wconf 89' lang='lat' dir='ltr'>nunc</span> <span class='ocrx_word' id='word_1_471' title='bbox 2725 3464 2985 3512; x_wconf 86' lang='lat' dir='ltr'>nostram</span> <span class='ocrx_word' id='word_1_472' title='bbox 3034 3459 3525 3514; x_wconf 84' lang='lat' dir='ltr'>benedictionem.</span> <span class='ocrx_word' id='word_1_473' title='bbox 3552 3485 3579 3509; x_wconf 74' lang='grc' dir='ltr'><strong><em>υ</em></strong></span> <span class='ocrx_word' id='word_1_474' title='bbox 3616 3461 3683 3516; x_wconf 80' lang='lat' dir='ltr'>Et</span> 
     </span>
    </p>
   </div>
   <div class='ocr_carea' id='block_1_63' title="bbox 261 3549 1911 3621">
    <p class='ocr_par' dir='ltr' id='par_1_63' title="bbox 261 3549 1911 3621">
     <span class='ocr_line' id='line_1_63' title="bbox 261 3549 1911 3621; baseline -0.002 -18"><span class='ocrx_word' id='word_1_475' title='bbox 261 3556 506 3621; x_wconf 87' lang='lat' dir='ltr'>postque</span> <span class='ocrx_word' id='word_1_476' title='bbox 529 3549 721 3604; x_wconf 88' lang='lat' dir='ltr'>dulcia</span> <span class='ocrx_word' id='word_1_477' title='bbox 746 3555 959 3604; x_wconf 69' lang='lat' dir='ltr'>sancta:</span> <span class='ocrx_word' id='word_1_478' title='bbox 982 3549 1409 3621; x_wconf 67' lang='lat' dir='ltr'>prredicationis</span> <span class='ocrx_word' id='word_1_479' title='bbox 1436 3549 1911 3621; x_wconf 87' lang='lat' dir='ltr'>alloquia,jnssit</span> 
     </span>
    </p>
   </div>
   <div class='ocr_carea' id='block_1_64' title="bbox 261 3638 1907 3709">
    <p class='ocr_par' dir='ltr' id='par_1_64' title="bbox 261 3638 1907 3709">
     <span class='ocr_line' id='line_1_64' title="bbox 261 3638 1907 3709; baseline -0.002 -14"><span class='ocrx_word' id='word_1_480' title='bbox 261 3659 327 3695; x_wconf 74' lang='lat' dir='ltr'>ex</span> <span class='ocrx_word' id='word_1_481' title='bbox 342 3657 500 3696; x_wconf 88' lang='lat' dir='ltr'>more</span> <span class='ocrx_word' id='word_1_482' title='bbox 522 3640 593 3694; x_wconf 89' lang='lat' dir='ltr'>ad</span> <span class='ocrx_word' id='word_1_483' title='bbox 617 3656 721 3693; x_wconf 84' lang='lat' dir='ltr'>con</span> <span class='ocrx_word' id='word_1_484' title='bbox 734 3640 1049 3693; x_wconf 77' lang='lat' dir='ltr'>firmandos</span> <span class='ocrx_word' id='word_1_485' title='bbox 1062 3655 1272 3709; x_wconf 87' lang='lat' dir='ltr'>pueros</span> <span class='ocrx_word' id='word_1_486' title='bbox 1284 3638 1475 3693; x_wconf 89' lang='lat' dir='ltr'>oleum</span> <span class='ocrx_word' id='word_1_487' title='bbox 1492 3640 1598 3693; x_wconf 87' lang='lat' dir='ltr'>sibi</span> <span class='ocrx_word' id='word_1_488' title='bbox 1617 3638 1907 3692; x_wconf 78' lang='lat' dir='ltr'>exhibere.</span> 
     </span>
    </p>
   </div>
   <div class='ocr_carea' id='block_1_65' title="bbox 262 3727 1913 3800">
    <p class='ocr_par' dir='ltr' id='par_1_65' title="bbox 262 3727 1913 3800">
     <span class='ocr_line' id='line_1_65' title="bbox 262 3727 1913 3800; baseline -0.002 -17"><span class='ocrx_word' id='word_1_489' title='bbox 262 3730 371 3784; x_wconf 73' lang='lat' dir='ltr'>Sed</span> <span class='ocrx_word' id='word_1_490' title='bbox 405 3728 652 3783; x_wconf 87' lang='lat' dir='ltr'>clericus</span> <span class='ocrx_word' id='word_1_491' title='bbox 686 3729 781 3800; x_wconf 90' lang='lat' dir='ltr'>qui</span> <span class='ocrx_word' id='word_1_492' title='bbox 819 3727 1137 3798; x_wconf 87' lang='lat' dir='ltr'>ampullam</span> <span class='ocrx_word' id='word_1_493' title='bbox 1172 3744 1233 3782; x_wconf 87' lang='lat' dir='ltr'>se</span> <span class='ocrx_word' id='word_1_494' title='bbox 1265 3745 1460 3782; x_wconf 87' lang='lat' dir='ltr'>secum</span> <span class='ocrx_word' id='word_1_495' title='bbox 1496 3730 1641 3782; x_wconf 85' lang='lat' dir='ltr'>ferre</span> <span class='ocrx_word' id='word_1_496' title='bbox 1666 3728 1913 3781; x_wconf 73' lang='lat' dir='ltr'>:estima-</span> 
     </span>
    </p>
   </div>
   <div class='ocr_carea' id='block_1_66' title="bbox 264 3817 1912 3888">
    <p class='ocr_par' dir='ltr' id='par_1_66' title="bbox 264 3817 1912 3888">
     <span class='ocr_line' id='line_1_66' title="bbox 264 3817 1912 3888; baseline -0.001 -17"><span class='ocrx_word' id='word_1_497' title='bbox 264 3820 379 3883; x_wconf 87' lang='lat' dir='ltr'>bat,</span> <span class='ocrx_word' id='word_1_498' title='bbox 397 3824 629 3888; x_wconf 88' lang='lat' dir='ltr'>repente</span> <span class='ocrx_word' id='word_1_499' title='bbox 652 3818 804 3888; x_wconf 85' lang='lat' dir='ltr'>quod</span> <span class='ocrx_word' id='word_1_500' title='bbox 832 3834 958 3871; x_wconf 88' lang='lat' dir='ltr'>eam</span> <span class='ocrx_word' id='word_1_501' title='bbox 982 3817 1331 3887; x_wconf 85' lang='lat' dir='ltr'>perdidisset</span> <span class='ocrx_word' id='word_1_502' title='bbox 1356 3818 1912 3888; x_wconf 60' lang='lat' dir='ltr'>agnm&#39;itfl‘urbatns</span> 
     </span>
    </p>
   </div>
   <div class='ocr_carea' id='block_1_67' title="bbox 263 3906 1915 3978">
    <p class='ocr_par' dir='ltr' id='par_1_67' title="bbox 263 3906 1915 3978">
     <span class='ocr_line' id='line_1_67' title="bbox 263 3906 1915 3978; baseline -0.001 -17"><span class='ocrx_word' id='word_1_503' title='bbox 263 3924 398 3978; x_wconf 86' lang='lat' dir='ltr'>ergo</span> <span class='ocrx_word' id='word_1_504' title='bbox 431 3906 729 3961; x_wconf 88' lang='lat' dir='ltr'>celerrime</span> <span class='ocrx_word' id='word_1_505' title='bbox 752 3906 980 3975; x_wconf 83' lang='lat' dir='ltr'>repetiit</span> <span class='ocrx_word' id='word_1_506' title='bbox 1010 3906 1120 3960; x_wconf 90' lang='lat' dir='ltr'>iter</span> <span class='ocrx_word' id='word_1_507' title='bbox 1140 3907 1292 3959; x_wconf 87' lang='lat' dir='ltr'>unde.</span> <span class='ocrx_word' id='word_1_508' title='bbox 1316 3911 1568 3971; x_wconf 79' lang='lat' dir='ltr'>venerat,</span> <span class='ocrx_word' id='word_1_509' title='bbox 1595 3912 1652 3961; x_wconf 92' lang='lat' dir='ltr'>et</span> <span class='ocrx_word' id='word_1_510' title='bbox 1673 3906 1915 3977; x_wconf 77' lang='lat' dir='ltr'>diligen-</span> 
     </span>
    </p>
   </div>
   <div class='ocr_carea' id='block_1_68' title="bbox 266 3993 1912 4067">
    <p class='ocr_par' dir='ltr' id='par_1_68' title="bbox 266 3993 1912 4067">
     <span class='ocr_line' id='line_1_68' title="bbox 266 3993 1912 4067; baseline 0.001 -19"><span class='ocrx_word' id='word_1_511' title='bbox 266 4002 350 4048; x_wconf 85' lang='lat' dir='ltr'>ter</span> <span class='ocrx_word' id='word_1_512' title='bbox 378 3995 491 4048; x_wconf 88' lang='lat' dir='ltr'>huc</span> <span class='ocrx_word' id='word_1_513' title='bbox 526 3993 780 4064; x_wconf 85' lang='lat' dir='ltr'>illucque</span> <span class='ocrx_word' id='word_1_514' title='bbox 811 3994 1307 4064; x_wconf 84' lang='lat' dir='ltr'>circumspiciens,</span> <span class='ocrx_word' id='word_1_515' title='bbox 1341 3995 1557 4050; x_wconf 79' lang='lat' dir='ltr'>invenit</span> <span class='ocrx_word' id='word_1_516' title='bbox 1590 3996 1912 4067; x_wconf 87' lang='lat' dir='ltr'>ampullam</span> 
     </span>
    </p>
   </div>
   <div class='ocr_carea' id='block_1_69' title="bbox 265 4081 1911 4157">
    <p class='ocr_par' dir='ltr' id='par_1_69' title="bbox 265 4081 1911 4157">
     <span class='ocr_line' id='line_1_69' title="bbox 265 4081 1911 4157; baseline 0.002 -20"><span class='ocrx_word' id='word_1_517' title='bbox 265 4083 600 4137; x_wconf 87' lang='lat' dir='ltr'>chrismatis</span> <span class='ocrx_word' id='word_1_518' title='bbox 633 4083 689 4135; x_wconf 89' lang='lat' dir='ltr'>in</span> <span class='ocrx_word' id='word_1_519' title='bbox 730 4084 822 4135; x_wconf 90' lang='lat' dir='ltr'>via</span> <span class='ocrx_word' id='word_1_520' title='bbox 842 4084 1134 4152; x_wconf 88' lang='lat' dir='ltr'>jacentem</span> <span class='ocrx_word' id='word_1_521' title='bbox 1157 4081 1283 4137; x_wconf 90' lang='lat' dir='ltr'>oleo</span> <span class='ocrx_word' id='word_1_522' title='bbox 1314 4083 1567 4154; x_wconf 86' lang='lat' dir='ltr'>plenam,</span> <span class='ocrx_word' id='word_1_523' title='bbox 1593 4087 1763 4157; x_wconf 84' lang='lat' dir='ltr'>cujus</span> <span class='ocrx_word' id='word_1_524' title='bbox 1795 4102 1911 4140; x_wconf 90' lang='lat' dir='ltr'>me-</span> 
     </span>
    </p>
   </div>
   <div class='ocr_carea' id='block_1_70' title="bbox 266 4170 1913 4245">
    <p class='ocr_par' dir='ltr' id='par_1_70' title="bbox 266 4170 1913 4245">
     <span class='ocr_line' id='line_1_70' title="bbox 266 4170 1913 4245; baseline 0.002 -20"><span class='ocrx_word' id='word_1_525' title='bbox 266 4173 452 4225; x_wconf 87' lang='lat' dir='ltr'>dietas</span> <span class='ocrx_word' id='word_1_526' title='bbox 476 4170 709 4241; x_wconf 88' lang='lat' dir='ltr'>quidem</span> <span class='ocrx_word' id='word_1_527' title='bbox 736 4172 908 4241; x_wconf 86' lang='lat' dir='ltr'>paulo</span> <span class='ocrx_word' id='word_1_528' title='bbox 931 4175 1063 4225; x_wconf 87' lang='lat' dir='ltr'>ante</span> <span class='ocrx_word' id='word_1_529' title='bbox 1085 4172 1403 4243; x_wconf 87' lang='lat' dir='ltr'>quidquam</span> <span class='ocrx_word' id='word_1_530' title='bbox 1433 4173 1675 4245; x_wconf 85' lang='lat' dir='ltr'>liquoris</span> <span class='ocrx_word' id='word_1_531' title='bbox 1696 4174 1913 4229; x_wconf 87' lang='lat' dir='ltr'>habue-</span> 
     </span>
    </p>
   </div>
   <div class='ocr_carea' id='block_1_71' title="bbox 267 4261 1917 4335">
    <p class='ocr_par' dir='ltr' id='par_1_71' title="bbox 267 4261 1917 4335">
     <span class='ocr_line' id='line_1_71' title="bbox 267 4261 1917 4335; baseline 0.002 -21"><span class='ocrx_word' id='word_1_532' title='bbox 267 4265 375 4314; x_wconf 86' lang='lat' dir='ltr'>rat.</span> <span class='ocrx_word' id='word_1_533' title='bbox 402 4261 525 4325; x_wconf 84' lang='lat' dir='ltr'>Qua</span> <span class='ocrx_word' id='word_1_534' title='bbox 568 4264 901 4329; x_wconf 87' lang='lat' dir='ltr'>assumpta,</span> <span class='ocrx_word' id='word_1_535' title='bbox 935 4276 1067 4313; x_wconf 87' lang='lat' dir='ltr'>cum</span> <span class='ocrx_word' id='word_1_536' title='bbox 1117 4261 1325 4315; x_wconf 88' lang='lat' dir='ltr'>timore</span> <span class='ocrx_word' id='word_1_537' title='bbox 1355 4266 1411 4315; x_wconf 89' lang='lat' dir='ltr'>et</span> <span class='ocrx_word' id='word_1_538' title='bbox 1441 4263 1654 4334; x_wconf 89' lang='lat' dir='ltr'>gaudio</span> <span class='ocrx_word' id='word_1_539' title='bbox 1704 4279 1917 4335; x_wconf 87' lang='lat' dir='ltr'>magno</span> 
     </span>
    </p>
   </div>
   <div class='ocr_carea' id='block_1_72' title="bbox 273 4349 1918 4417">
    <p class='ocr_par' dir='ltr' id='par_1_72' title="bbox 273 4349 1918 4417">
     <span class='ocr_line' id='line_1_72' title="bbox 273 4349 1918 4417; baseline 0.001 -14"><span class='ocrx_word' id='word_1_540' title='bbox 273 4367 535 4405; x_wconf 86' lang='lat' dir='ltr'>reversus</span> <span class='ocrx_word' id='word_1_541' title='bbox 568 4355 659 4404; x_wconf 83' lang='lat' dir='ltr'>est</span> <span class='ocrx_word' id='word_1_542' title='bbox 680 4354 881 4403; x_wconf 87' lang='lat' dir='ltr'>sancto</span> <span class='ocrx_word' id='word_1_543' title='bbox 903 4349 1151 4403; x_wconf 87' lang='lat' dir='ltr'>antistiti</span> <span class='ocrx_word' id='word_1_544' title='bbox 1174 4351 1560 4417; x_wconf 86' lang='lat' dir='ltr'>satisfaciens,</span> <span class='ocrx_word' id='word_1_545' title='bbox 1585 4357 1641 4406; x_wconf 90' lang='lat' dir='ltr'>et</span> <span class='ocrx_word' id='word_1_546' title='bbox 1666 4351 1918 4405; x_wconf 77' lang='lat' dir='ltr'>ca-lcstis</span> 
     </span>
    </p>
   </div>
   <div class='ocr_carea' id='block_1_73' title="bbox 270 4438 1918 4509">
    <p class='ocr_par' dir='ltr' id='par_1_73' title="bbox 270 4438 1918 4509">
     <span class='ocr_line' id='line_1_73' title="bbox 270 4438 1918 4509; baseline -0.001 -16"><span class='ocrx_word' id='word_1_547' title='bbox 270 4440 553 4495; x_wconf 86' lang='lat' dir='ltr'>stillicidii</span> <span class='ocrx_word' id='word_1_548' title='bbox 577 4438 924 4493; x_wconf 86' lang='lat' dir='ltr'>miraculum</span> <span class='ocrx_word' id='word_1_549' title='bbox 944 4440 1128 4492; x_wconf 86' lang='lat' dir='ltr'>veraci</span> <span class='ocrx_word' id='word_1_550' title='bbox 1157 4438 1432 4492; x_wconf 85' lang='lat' dir='ltr'>relatione</span> <span class='ocrx_word' id='word_1_551' title='bbox 1460 4440 1918 4509; x_wconf 86' lang='lat' dir='ltr'>pandens.Quod</span> 
     </span>
    </p>
   </div>
   <div class='ocr_carea' id='block_1_74' title="bbox 272 4528 1919 4600">
    <p class='ocr_par' dir='ltr' id='par_1_74' title="bbox 272 4528 1919 4600">
     <span class='ocr_line' id='line_1_74' title="bbox 272 4528 1919 4600; baseline -0.001 -17"><span class='ocrx_word' id='word_1_552' title='bbox 272 4529 370 4584; x_wconf 84' lang='lat' dir='ltr'>Dei</span> <span class='ocrx_word' id='word_1_553' title='bbox 414 4534 557 4584; x_wconf 89' lang='lat' dir='ltr'>nutu</span> <span class='ocrx_word' id='word_1_554' title='bbox 608 4532 837 4600; x_wconf 86' lang='lat' dir='ltr'>gestum</span> <span class='ocrx_word' id='word_1_555' title='bbox 888 4544 1015 4581; x_wconf 86' lang='lat' dir='ltr'>esse</span> <span class='ocrx_word' id='word_1_556' title='bbox 1072 4528 1374 4597; x_wconf 87' lang='lat' dir='ltr'>probatur,</span> <span class='ocrx_word' id='word_1_557' title='bbox 1409 4535 1468 4581; x_wconf 89' lang='lat' dir='ltr'>ut</span> <span class='ocrx_word' id='word_1_558' title='bbox 1523 4529 1619 4598; x_wconf 90' lang='lat' dir='ltr'>qui</span> <span class='ocrx_word' id='word_1_559' title='bbox 1668 4528 1919 4599; x_wconf 87' lang='lat' dir='ltr'>Spiritus</span> 
     </span>
    </p>
   </div>
   <div class='ocr_carea' id='block_1_75' title="bbox 272 4615 1922 4691">
    <p class='ocr_par' dir='ltr' id='par_1_75' title="bbox 272 4615 1922 4691">
     <span class='ocr_line' id='line_1_75' title="bbox 272 4615 1922 4691; baseline 0 -20"><span class='ocrx_word' id='word_1_560' title='bbox 272 4620 458 4674; x_wconf 82' lang='lat' dir='ltr'>sancti</span> <span class='ocrx_word' id='word_1_561' title='bbox 483 4619 669 4691; x_wconf 87' lang='lat' dir='ltr'>gratia</span> <span class='ocrx_word' id='word_1_562' title='bbox 691 4615 1167 4688; x_wconf 79' lang='lat' dir='ltr'>perfundebatur,</span> <span class='ocrx_word' id='word_1_563' title='bbox 1184 4617 1429 4686; x_wconf 83' lang='lat' dir='ltr'>ejusque</span> <span class='ocrx_word' id='word_1_564' title='bbox 1452 4618 1723 4671; x_wconf 85' lang='lat' dir='ltr'>unctione</span> <span class='ocrx_word' id='word_1_565' title='bbox 1746 4619 1922 4671; x_wconf 87' lang='lat' dir='ltr'>corda</span> 
     </span>
    </p>
   </div>
   <div class='ocr_carea' id='block_1_76' title="bbox 270 4704 1919 4775">
    <p class='ocr_par' dir='ltr' id='par_1_76' title="bbox 270 4704 1919 4775">
     <span class='ocr_line' id='line_1_76' title="bbox 270 4704 1919 4775; baseline -0.001 -14"><span class='ocrx_word' id='word_1_566' title='bbox 270 4713 325 4761; x_wconf 88' lang='lat' dir='ltr'>et</span> <span class='ocrx_word' id='word_1_567' title='bbox 374 4708 550 4761; x_wconf 78' lang='lat' dir='ltr'>facies</span> <span class='ocrx_word' id='word_1_568' title='bbox 599 4707 916 4761; x_wconf 90' lang='lat' dir='ltr'>multorum</span> <span class='ocrx_word' id='word_1_569' title='bbox 950 4704 1336 4764; x_wconf 74' lang='lat' dir='ltr'>exhilarabat:</span> <span class='ocrx_word' id='word_1_570' title='bbox 1392 4705 1512 4775; x_wconf 82' lang='lat' dir='ltr'>ipse</span> <span class='ocrx_word' id='word_1_571' title='bbox 1564 4722 1677 4759; x_wconf 90' lang='lat' dir='ltr'>non</span> <span class='ocrx_word' id='word_1_572' title='bbox 1728 4706 1919 4760; x_wconf 88' lang='lat' dir='ltr'>solum</span> 
     </span>
    </p>
   </div>
   <div class='ocr_carea' id='block_1_77' title="bbox 2024 3545 3679 3617">
    <p class='ocr_par' dir='ltr' id='par_1_77' title="bbox 2024 3545 3679 3617">
     <span class='ocr_line' id='line_1_77' title="bbox 2024 3545 3679 3617; baseline -0.001 -12"><span class='ocrx_word' id='word_1_573' title='bbox 2024 3550 2223 3605; x_wconf 89' lang='lat' dir='ltr'>statim</span> <span class='ocrx_word' id='word_1_574' title='bbox 2246 3545 2437 3601; x_wconf 88' lang='lat' dir='ltr'>soluta</span> <span class='ocrx_word' id='word_1_575' title='bbox 2460 3551 2598 3601; x_wconf 90' lang='lat' dir='ltr'>sunt</span> <span class='ocrx_word' id='word_1_576' title='bbox 2626 3547 2863 3601; x_wconf 88' lang='lat' dir='ltr'>brachia</span> <span class='ocrx_word' id='word_1_577' title='bbox 2883 3546 3043 3601; x_wconf 88' lang='lat' dir='ltr'>illius</span> <span class='ocrx_word' id='word_1_578' title='bbox 3066 3548 3337 3617; x_wconf 87' lang='lat' dir='ltr'>episcopo</span> <span class='ocrx_word' id='word_1_579' title='bbox 3361 3549 3679 3604; x_wconf 86' lang='lat' dir='ltr'>nesciente.</span> 
     </span>
    </p>
   </div>
   <div class='ocr_carea' id='block_1_78' title="bbox 2024 3635 3681 3707">
    <p class='ocr_par' dir='ltr' id='par_1_78' title="bbox 2024 3635 3681 3707">
     <span class='ocr_line' id='line_1_78' title="bbox 2024 3635 3681 3707; baseline -0.002 -13"><span class='ocrx_word' id='word_1_580' title='bbox 2024 3642 2098 3694; x_wconf 89' lang='lat' dir='ltr'>At</span> <span class='ocrx_word' id='word_1_581' title='bbox 2126 3637 2224 3692; x_wconf 91' lang='lat' dir='ltr'>ille</span> <span class='ocrx_word' id='word_1_582' title='bbox 2254 3637 2452 3691; x_wconf 81' lang='lat' dir='ltr'>exiens</span> <span class='ocrx_word' id='word_1_583' title='bbox 2496 3635 2631 3690; x_wconf 88' lang='lat' dir='ltr'>inde</span> <span class='ocrx_word' id='word_1_584' title='bbox 2658 3636 3030 3691; x_wconf 87' lang='lat' dir='ltr'>vehementer</span> <span class='ocrx_word' id='word_1_585' title='bbox 3077 3636 3312 3707; x_wconf 77' lang='lat' dir='ltr'>gavisus</span> <span class='ocrx_word' id='word_1_586' title='bbox 3345 3642 3454 3702; x_wconf 86' lang='lat' dir='ltr'>est,</span> <span class='ocrx_word' id='word_1_587' title='bbox 3482 3654 3681 3691; x_wconf 85' lang='lat' dir='ltr'>narra-</span> 
     </span>
    </p>
   </div>
   <div class='ocr_carea' id='block_1_79' title="bbox 2024 3724 3684 3798">
    <p class='ocr_par' dir='ltr' id='par_1_79' title="bbox 2024 3724 3684 3798">
     <span class='ocr_line' id='line_1_79' title="bbox 2024 3724 3684 3798; baseline -0.001 -16"><span class='ocrx_word' id='word_1_588' title='bbox 2024 3730 2221 3798; x_wconf 88' lang='lat' dir='ltr'>vitque</span> <span class='ocrx_word' id='word_1_589' title='bbox 2251 3742 2354 3797; x_wconf 88' lang='lat' dir='ltr'>per</span> <span class='ocrx_word' id='word_1_590' title='bbox 2394 3724 2656 3780; x_wconf 84' lang='lat' dir='ltr'>ordinem</span> <span class='ocrx_word' id='word_1_591' title='bbox 2690 3726 2759 3778; x_wconf 88' lang='lat' dir='ltr'>de</span> <span class='ocrx_word' id='word_1_592' title='bbox 2798 3741 2908 3778; x_wconf 88' lang='lat' dir='ltr'>sua</span> <span class='ocrx_word' id='word_1_593' title='bbox 2958 3724 3232 3795; x_wconf 80' lang='lat' dir='ltr'>ligatione</span> <span class='ocrx_word' id='word_1_594' title='bbox 3281 3730 3337 3779; x_wconf 87' lang='lat' dir='ltr'>et</span> <span class='ocrx_word' id='word_1_595' title='bbox 3389 3725 3684 3781; x_wconf 81' lang='lat' dir='ltr'>solutione</span> 
     </span>
    </p>
   </div>
   <div class='ocr_carea' id='block_1_80' title="bbox 2027 3812 3687 3886">
    <p class='ocr_par' dir='ltr' id='par_1_80' title="bbox 2027 3812 3687 3886">
     <span class='ocr_line' id='line_1_80' title="bbox 2027 3812 3687 3886; baseline -0.002 -15"><span class='ocrx_word' id='word_1_596' title='bbox 2027 3817 2261 3872; x_wconf 89' lang='lat' dir='ltr'>cuidam</span> <span class='ocrx_word' id='word_1_597' title='bbox 2293 3814 2455 3869; x_wconf 86' lang='lat' dir='ltr'>fratri</span> <span class='ocrx_word' id='word_1_598' title='bbox 2488 3815 2723 3867; x_wconf 87' lang='lat' dir='ltr'>nomine</span> <span class='ocrx_word' id='word_1_599' title='bbox 2754 3812 3015 3885; x_wconf 81' lang='lat' dir='ltr'>Wlfgaro</span> <span class='ocrx_word' id='word_1_600' title='bbox 3050 3813 3145 3885; x_wconf 76' lang='lat' dir='ltr'>[(il.</span> <span class='ocrx_word' id='word_1_601' title='bbox 3175 3814 3418 3886; x_wconf 63' lang='lat' dir='ltr'>Wfaroj,</span> <span class='ocrx_word' id='word_1_602' title='bbox 3455 3816 3551 3885; x_wconf 86' lang='lat' dir='ltr'>qui</span> <span class='ocrx_word' id='word_1_603' title='bbox 3589 3816 3687 3867; x_wconf 85' lang='lat' dir='ltr'>ad-</span> 
     </span>
    </p>
   </div>
   <div class='ocr_carea' id='block_1_81' title="bbox 2030 3902 3681 3973">
    <p class='ocr_par' dir='ltr' id='par_1_81' title="bbox 2030 3902 3681 3973">
     <span class='ocr_line' id='line_1_81' title="bbox 2030 3902 3681 3973; baseline -0.002 -13"><span class='ocrx_word' id='word_1_604' title='bbox 2030 3906 2257 3961; x_wconf 89' lang='lat' dir='ltr'>monuit</span> <span class='ocrx_word' id='word_1_605' title='bbox 2284 3904 2393 3959; x_wconf 91' lang='lat' dir='ltr'>hoc</span> <span class='ocrx_word' id='word_1_606' title='bbox 2434 3904 2622 3973; x_wconf 89' lang='lat' dir='ltr'>magis</span> <span class='ocrx_word' id='word_1_607' title='bbox 2663 3902 2893 3956; x_wconf 87' lang='lat' dir='ltr'>silentio</span> <span class='ocrx_word' id='word_1_608' title='bbox 2941 3920 3070 3957; x_wconf 83' lang='lat' dir='ltr'>esse</span> <span class='ocrx_word' id='word_1_609' title='bbox 3101 3902 3431 3969; x_wconf 83' lang='lat' dir='ltr'>celandum,</span> <span class='ocrx_word' id='word_1_610' title='bbox 3458 3911 3513 3957; x_wconf 87' lang='lat' dir='ltr'>ct</span> <span class='ocrx_word' id='word_1_611' title='bbox 3543 3921 3681 3957; x_wconf 85' lang='lat' dir='ltr'>con-</span> 
     </span>
    </p>
   </div>
   <div class='ocr_carea' id='block_1_82' title="bbox 2029 3993 3687 4068">
    <p class='ocr_par' dir='ltr' id='par_1_82' title="bbox 2029 3993 3687 4068">
     <span class='ocr_line' id='line_1_82' title="bbox 2029 3993 3687 4068; baseline -0.001 -19"><span class='ocrx_word' id='word_1_612' title='bbox 2029 4012 2174 4068; x_wconf 85' lang='lat' dir='ltr'>gruo</span> <span class='ocrx_word' id='word_1_613' title='bbox 2206 3994 2579 4065; x_wconf 86' lang='lat' dir='ltr'>postmodum</span> <span class='ocrx_word' id='word_1_614' title='bbox 2613 3997 2873 4061; x_wconf 86' lang='lat' dir='ltr'>tempore</span> <span class='ocrx_word' id='word_1_615' title='bbox 2904 3993 3317 4062; x_wconf 78' lang='lat' dir='ltr'>detegendum.</span> <span class='ocrx_word' id='word_1_616' title='bbox 3348 3995 3467 4058; x_wconf 87' lang='lat' dir='ltr'>Qua</span> <span class='ocrx_word' id='word_1_617' title='bbox 3502 4010 3569 4047; x_wconf 79' lang='lat' dir='ltr'>ex</span> <span class='ocrx_word' id='word_1_618' title='bbox 3602 4010 3687 4047; x_wconf 84' lang='lat' dir='ltr'>re-</span> 
     </span>
    </p>
   </div>
   <div class='ocr_carea' id='block_1_83' title="bbox 2031 4081 3683 4154">
    <p class='ocr_par' dir='ltr' id='par_1_83' title="bbox 2031 4081 3683 4154">
     <span class='ocr_line' id='line_1_83' title="bbox 2031 4081 3683 4154; baseline -0.005 -14"><span class='ocrx_word' id='word_1_619' title='bbox 2031 4088 2204 4140; x_wconf 89' lang='lat' dir='ltr'>datur</span> <span class='ocrx_word' id='word_1_620' title='bbox 2232 4081 2503 4154; x_wconf 89' lang='lat' dir='ltr'>intelligi,</span> <span class='ocrx_word' id='word_1_621' title='bbox 2528 4082 2698 4151; x_wconf 86' lang='lat' dir='ltr'>cujus</span> <span class='ocrx_word' id='word_1_622' title='bbox 2731 4081 2919 4135; x_wconf 88' lang='lat' dir='ltr'>meriti</span> <span class='ocrx_word' id='word_1_623' title='bbox 2950 4082 3040 4135; x_wconf 89' lang='lat' dir='ltr'>vir</span> <span class='ocrx_word' id='word_1_624' title='bbox 3069 4082 3177 4135; x_wconf 87' lang='lat' dir='ltr'>iste</span> <span class='ocrx_word' id='word_1_625' title='bbox 3208 4082 3383 4136; x_wconf 84' lang='lat' dir='ltr'>fuerit</span> <span class='ocrx_word' id='word_1_626' title='bbox 3414 4088 3546 4136; x_wconf 89' lang='lat' dir='ltr'>ante</span> <span class='ocrx_word' id='word_1_627' title='bbox 3578 4082 3683 4137; x_wconf 81' lang='lat' dir='ltr'>Do-</span> 
     </span>
    </p>
   </div>
   <div class='ocr_carea' id='block_1_84' title="bbox 2031 4169 3687 4242">
    <p class='ocr_par' dir='ltr' id='par_1_84' title="bbox 2031 4169 3687 4242">
     <span class='ocr_line' id='line_1_84' title="bbox 2031 4169 3687 4242; baseline -0.002 -14"><span class='ocrx_word' id='word_1_628' title='bbox 2031 4174 2281 4237; x_wconf 89' lang='lat' dir='ltr'>minum,</span> <span class='ocrx_word' id='word_1_629' title='bbox 2312 4171 2411 4242; x_wconf 89' lang='lat' dir='ltr'>qui</span> <span class='ocrx_word' id='word_1_630' title='bbox 2457 4169 2580 4225; x_wconf 86' lang='lat' dir='ltr'>solo</span> <span class='ocrx_word' id='word_1_631' title='bbox 2632 4185 2899 4224; x_wconf 89' lang='lat' dir='ltr'>sermone</span> <span class='ocrx_word' id='word_1_632' title='bbox 2948 4174 3170 4223; x_wconf 88' lang='lat' dir='ltr'>tantam</span> <span class='ocrx_word' id='word_1_633' title='bbox 3219 4170 3516 4235; x_wconf 81' lang='lat' dir='ltr'>virtutem,</span> <span class='ocrx_word' id='word_1_634' title='bbox 3551 4172 3687 4226; x_wconf 86' lang='lat' dir='ltr'>licet</span> 
     </span>
    </p>
   </div>
   <div class='ocr_carea' id='block_1_85' title="bbox 2033 4258 3683 4329">
    <p class='ocr_par' dir='ltr' id='par_1_85' title="bbox 2033 4258 3683 4329">
     <span class='ocr_line' id='line_1_85' title="bbox 2033 4258 3683 4329; baseline -0.002 -12"><span class='ocrx_word' id='word_1_635' title='bbox 2033 4262 2319 4328; x_wconf 86' lang='lat' dir='ltr'>nesciens,</span> <span class='ocrx_word' id='word_1_636' title='bbox 2373 4259 2647 4314; x_wconf 87' lang='lat' dir='ltr'>ostendit.</span> <span class='ocrx_word' id='word_1_637' title='bbox 2697 4258 2842 4312; x_wconf 77' lang='lat' dir='ltr'>Nam</span> <span class='ocrx_word' id='word_1_638' title='bbox 2898 4259 3036 4329; x_wconf 87' lang='lat' dir='ltr'>quia</span> <span class='ocrx_word' id='word_1_639' title='bbox 3084 4258 3437 4329; x_wconf 86' lang='lat' dir='ltr'>pastoralem</span> <span class='ocrx_word' id='word_1_640' title='bbox 3497 4261 3683 4313; x_wconf 87' lang='lat' dir='ltr'>sancti</span> 
     </span>
    </p>
   </div>
   <div class='ocr_carea' id='block_1_86' title="bbox 2034 4348 3682 4423">
    <p class='ocr_par' dir='ltr' id='par_1_86' title="bbox 2034 4348 3682 4423">
     <span class='ocr_line' id='line_1_86' title="bbox 2034 4348 3682 4423; baseline -0.002 -17"><span class='ocrx_word' id='word_1_641' title='bbox 2034 4351 2338 4423; x_wconf 85' lang='lat' dir='ltr'>regiminis</span> <span class='ocrx_word' id='word_1_642' title='bbox 2366 4364 2566 4402; x_wconf 87' lang='lat' dir='ltr'>curam</span> <span class='ocrx_word' id='word_1_643' title='bbox 2608 4348 2723 4401; x_wconf 83' lang='lat' dir='ltr'>ﬁde</span> <span class='ocrx_word' id='word_1_644' title='bbox 2755 4352 2811 4401; x_wconf 89' lang='lat' dir='ltr'>et</span> <span class='ocrx_word' id='word_1_645' title='bbox 2840 4348 3103 4401; x_wconf 88' lang='lat' dir='ltr'>moribus</span> <span class='ocrx_word' id='word_1_646' title='bbox 3144 4348 3317 4420; x_wconf 86' lang='lat' dir='ltr'>digne</span> <span class='ocrx_word' id='word_1_647' title='bbox 3349 4348 3682 4415; x_wconf 85' lang='lat' dir='ltr'>custodivit,</span> 
     </span>
    </p>
   </div>
   <div class='ocr_carea' id='block_1_87' title="bbox 2034 4436 3683 4512">
    <p class='ocr_par' dir='ltr' id='par_1_87' title="bbox 2034 4436 3683 4512">
     <span class='ocr_line' id='line_1_87' title="bbox 2034 4436 3683 4512; baseline -0.002 -18"><span class='ocrx_word' id='word_1_648' title='bbox 2034 4442 2288 4512; x_wconf 90' lang='lat' dir='ltr'>profecto</span> <span class='ocrx_word' id='word_1_649' title='bbox 2318 4439 2472 4493; x_wconf 88' lang='lat' dir='ltr'>beati</span> <span class='ocrx_word' id='word_1_650' title='bbox 2518 4437 2669 4491; x_wconf 86' lang='lat' dir='ltr'>Petri</span> <span class='ocrx_word' id='word_1_651' title='bbox 2720 4436 3000 4507; x_wconf 88' lang='lat' dir='ltr'>principis</span> <span class='ocrx_word' id='word_1_652' title='bbox 3049 4436 3444 4507; x_wconf 85' lang='lat' dir='ltr'>apostolorum</span> <span class='ocrx_word' id='word_1_653' title='bbox 3476 4438 3683 4503; x_wconf 87' lang='lat' dir='ltr'>vicem,</span> 
     </span>
    </p>
   </div>
   <div class='ocr_carea' id='block_1_88' title="bbox 2034 4525 3084 4601">
    <p class='ocr_par' dir='ltr' id='par_1_88' title="bbox 2034 4525 3084 4601">
     <span class='ocr_line' id='line_1_88' title="bbox 2034 4525 3084 4601; baseline -0.005 -18"><span class='ocrx_word' id='word_1_654' title='bbox 2034 4528 2270 4601; x_wconf 86' lang='lat' dir='ltr'>ligando</span> <span class='ocrx_word' id='word_1_655' title='bbox 2302 4534 2476 4599; x_wconf 88' lang='lat' dir='ltr'>atque</span> <span class='ocrx_word' id='word_1_656' title='bbox 2508 4526 2782 4581; x_wconf 89' lang='lat' dir='ltr'>solvendo</span> <span class='ocrx_word' id='word_1_657' title='bbox 2813 4525 3084 4580; x_wconf 90' lang='lat' dir='ltr'>obtinuit.</span> 
     </span>
    </p>
   </div>
   <div class='ocr_carea' id='block_1_89' title="bbox 2105 4614 3682 4685">
    <p class='ocr_par' dir='ltr' id='par_1_89' title="bbox 2105 4614 3682 4685">
     <span class='ocr_line' id='line_1_89' title="bbox 2105 4614 3682 4685; baseline -0.003 -11"><span class='ocrx_word' id='word_1_658' title='bbox 2105 4619 2240 4674; x_wconf 81' lang='lat' dir='ltr'>CAP.</span> <span class='ocrx_word' id='word_1_659' title='bbox 2272 4616 2510 4672; x_wconf 81' lang='lat' dir='ltr'><strong>XXXIV.</strong></span> <span class='ocrx_word' id='word_1_660' title='bbox 2533 4648 2601 4655; x_wconf 94' lang='lat'>-—</span> <span class='ocrx_word' id='word_1_661' title='bbox 2628 4616 2809 4685; x_wconf 86' lang='lat' dir='ltr'>Igitur</span> <span class='ocrx_word' id='word_1_662' title='bbox 2849 4632 2983 4669; x_wconf 90' lang='lat' dir='ltr'>cum</span> <span class='ocrx_word' id='word_1_663' title='bbox 3008 4614 3097 4669; x_wconf 88' lang='lat' dir='ltr'>vir</span> <span class='ocrx_word' id='word_1_664' title='bbox 3118 4615 3214 4669; x_wconf 91' lang='lat' dir='ltr'>Dei</span> <span class='ocrx_word' id='word_1_665' title='bbox 3259 4630 3471 4685; x_wconf 88' lang='lat' dir='ltr'>magno</span> <span class='ocrx_word' id='word_1_666' title='bbox 3511 4631 3682 4669; x_wconf 86' lang='lat' dir='ltr'>cona-</span> 
     </span>
    </p>
   </div>
   <div class='ocr_carea' id='block_1_90' title="bbox 2034 4702 3687 4774">
    <p class='ocr_par' dir='ltr' id='par_1_90' title="bbox 2034 4702 3687 4774">
     <span class='ocr_line' id='line_1_90' title="bbox 2034 4702 3687 4774; baseline -0.003 -13"><span class='ocrx_word' id='word_1_667' title='bbox 2034 4708 2193 4761; x_wconf 88' lang='lat' dir='ltr'>mine</span> <span class='ocrx_word' id='word_1_668' title='bbox 2214 4710 2467 4761; x_wconf 87' lang='lat' dir='ltr'>veterem</span> <span class='ocrx_word' id='word_1_669' title='bbox 2492 4721 2766 4759; x_wconf 87' lang='lat' dir='ltr'>renovare</span> <span class='ocrx_word' id='word_1_670' title='bbox 2786 4704 3134 4759; x_wconf 79' lang='lat' dir='ltr'>decrevisset</span> <span class='ocrx_word' id='word_1_671' title='bbox 3158 4702 3486 4767; x_wconf 87' lang='lat' dir='ltr'>ecclesiam,</span> <span class='ocrx_word' id='word_1_672' title='bbox 3504 4704 3687 4774; x_wconf 86' lang='lat' dir='ltr'>jussit</span> 
     </span>
    </p>
   </div>
   <div class='ocr_carea' id='block_1_91' title="bbox 274 4793 3680 4867">
    <p class='ocr_par' dir='ltr' id='par_1_91' title="bbox 274 4793 3680 4867">
     <span class='ocr_line' id='line_1_91' title="bbox 274 4793 3680 4867; baseline -0.001 -18"><span class='ocrx_word' id='word_1_673' title='bbox 274 4796 536 4863; x_wconf 84' lang='lat' dir='ltr'>interius,</span> <span class='ocrx_word' id='word_1_674' title='bbox 573 4796 671 4849; x_wconf 88' lang='lat' dir='ltr'>sed</span> <span class='ocrx_word' id='word_1_675' title='bbox 707 4795 881 4849; x_wconf 89' lang='lat' dir='ltr'>etiam</span> <span class='ocrx_word' id='word_1_676' title='bbox 920 4794 1172 4847; x_wconf 78' lang='lat' dir='ltr'>exterius</span> <span class='ocrx_word' id='word_1_677' title='bbox 1222 4793 1345 4847; x_wconf 88' lang='lat' dir='ltr'>oleo</span> <span class='ocrx_word' id='word_1_678' title='bbox 1396 4812 1659 4864; x_wconf 76' lang='lat' dir='ltr'>supernae</span> <span class='ocrx_word' id='word_1_679' title='bbox 1712 4794 1922 4851; x_wconf 66' lang='lat' dir='ltr'>lmtitia:</span> <span class='ocrx_word' id='word_1_680' title='bbox 1949 4800 1997 4865; x_wconf 89' lang='lat' dir='ltr'>D</span> <span class='ocrx_word' id='word_1_681' title='bbox 2032 4799 2239 4852; x_wconf 87' lang='lat' dir='ltr'>fratres</span> <span class='ocrx_word' id='word_1_682' title='bbox 2270 4797 2605 4867; x_wconf 86' lang='lat' dir='ltr'>frequenter</span> <span class='ocrx_word' id='word_1_683' title='bbox 2634 4794 2935 4848; x_wconf 88' lang='lat' dir='ltr'>laboribus</span> <span class='ocrx_word' id='word_1_684' title='bbox 2968 4811 3083 4847; x_wconf 89' lang='lat' dir='ltr'>una</span> <span class='ocrx_word' id='word_1_685' title='bbox 3112 4810 3244 4846; x_wconf 90' lang='lat' dir='ltr'>cum</span> <span class='ocrx_word' id='word_1_686' title='bbox 3279 4793 3604 4846; x_wconf 85' lang='lat' dir='ltr'>artiticibus</span> <span class='ocrx_word' id='word_1_687' title='bbox 3626 4800 3680 4848; x_wconf 91' lang='lat' dir='ltr'>et</span> 
     </span>
    </p>
   </div>
   <div class='ocr_carea' id='block_1_92' title="bbox 272 4890 758 4939">
    <p class='ocr_par' dir='ltr' id='par_1_92' title="bbox 272 4890 758 4939">
     <span class='ocr_line' id='line_1_92' title="bbox 272 4890 758 4939; baseline 0 -2"><span class='ocrx_word' id='word_1_688' title='bbox 272 4890 758 4939; x_wconf 88' lang='lat' dir='ltr'>remuneraretur.</span> 
     </span>
    </p>
   </div>
   <div class='ocr_carea' id='block_1_93' title="bbox 326 4973 1920 5051">
    <p class='ocr_par' dir='ltr' id='par_1_93' title="bbox 326 4973 1920 5051">
     <span class='ocr_line' id='line_1_93' title="bbox 326 4973 1920 5051; baseline -0.002 -23"><span class='ocrx_word' id='word_1_689' title='bbox 326 4976 477 5051; x_wconf 47' lang='lat' dir='ltr'>‘CAP.</span> <span class='ocrx_word' id='word_1_690' title='bbox 510 4973 750 5030; x_wconf 83' lang='lat' dir='ltr'><strong>XXXIII.</strong></span> <span class='ocrx_word' id='word_1_691' title='bbox 778 4974 1106 5038; x_wconf 85' lang='lat' dir='ltr'>—Quidain</span> <span class='ocrx_word' id='word_1_692' title='bbox 1148 4973 1472 5028; x_wconf 73' lang='lat' dir='ltr'>monachus</span> <span class='ocrx_word' id='word_1_693' title='bbox 1509 4974 1618 5042; x_wconf 66' lang='grc'>121)</span> <span class='ocrx_word' id='word_1_694' title='bbox 1651 4974 1759 5027; x_wconf 86' lang='lat' dir='ltr'>sub</span> <span class='ocrx_word' id='word_1_695' title='bbox 1792 4975 1920 5042; x_wconf 87' lang='lat' dir='ltr'>ejus</span> 
     </span>
    </p>
   </div>
   <div class='ocr_carea' id='block_1_94' title="bbox 275 5061 1918 5135">
    <p class='ocr_par' dir='ltr' id='par_1_94' title="bbox 275 5061 1918 5135">
     <span class='ocr_line' id='line_1_94' title="bbox 275 5061 1918 5135; baseline -0.001 -19"><span class='ocrx_word' id='word_1_696' title='bbox 275 5064 609 5135; x_wconf 84' lang='lat' dir='ltr'>magisterio</span> <span class='ocrx_word' id='word_1_697' title='bbox 640 5063 902 5131; x_wconf 83' lang='lat' dir='ltr'>degebat,</span> <span class='ocrx_word' id='word_1_698' title='bbox 940 5062 1036 5132; x_wconf 92' lang='lat' dir='ltr'>qui</span> <span class='ocrx_word' id='word_1_699' title='bbox 1082 5061 1400 5115; x_wconf 73' lang='lat' dir='ltr'>dannonico</span> <span class='ocrx_word' id='word_1_700' title='bbox 1448 5062 1727 5115; x_wconf 87' lang='lat' dir='ltr'>instinctu</span> <span class='ocrx_word' id='word_1_701' title='bbox 1781 5062 1918 5116; x_wconf 89' lang='lat' dir='ltr'>furti</span> 
     </span>
    </p>
   </div>
   <div class='ocr_carea' id='block_1_95' title="bbox 274 5151 1918 5222">
    <p class='ocr_par' dir='ltr' id='par_1_95' title="bbox 274 5151 1918 5222">
     <span class='ocr_line' id='line_1_95' title="bbox 274 5151 1918 5222; baseline 0.001 -18"><span class='ocrx_word' id='word_1_702' title='bbox 274 5158 495 5205; x_wconf 88' lang='lat' dir='ltr'>reatum</span> <span class='ocrx_word' id='word_1_703' title='bbox 523 5151 1060 5222; x_wconf 66' lang='lat' dir='ltr'>perpetravitllnde</span> <span class='ocrx_word' id='word_1_704' title='bbox 1084 5156 1139 5203; x_wconf 86' lang='lat' dir='ltr'>et</span> <span class='ocrx_word' id='word_1_705' title='bbox 1157 5167 1388 5204; x_wconf 85' lang='lat' dir='ltr'>omnem</span> <span class='ocrx_word' id='word_1_706' title='bbox 1411 5152 1918 5221; x_wconf 79' lang='lat' dir='ltr'>congregationem</span> 
     </span>
    </p>
   </div>
   <div class='ocr_carea' id='block_1_96' title="bbox 273 5239 1923 5312">
    <p class='ocr_par' dir='ltr' id='par_1_96' title="bbox 273 5239 1923 5312">
     <span class='ocr_line' id='line_1_96' title="bbox 273 5239 1923 5312; baseline 0.001 -19"><span class='ocrx_word' id='word_1_707' title='bbox 273 5258 485 5312; x_wconf 86' lang='lat' dir='ltr'>magna</span> <span class='ocrx_word' id='word_1_708' title='bbox 508 5241 743 5295; x_wconf 83' lang='lat' dir='ltr'>tristitia</span> <span class='ocrx_word' id='word_1_709' title='bbox 768 5239 931 5294; x_wconf 89' lang='lat' dir='ltr'>dolor</span> <span class='ocrx_word' id='word_1_710' title='bbox 954 5240 1155 5293; x_wconf 86' lang='lat' dir='ltr'>invasit</span> <span class='ocrx_word' id='word_1_711' title='bbox 1171 5239 1328 5299; x_wconf 79' lang='lat' dir='ltr'>,dum</span> <span class='ocrx_word' id='word_1_712' title='bbox 1352 5240 1599 5310; x_wconf 83' lang='lat' dir='ltr'>quisque</span> <span class='ocrx_word' id='word_1_713' title='bbox 1622 5242 1923 5311; x_wconf 85' lang='lat' dir='ltr'>subjectus</span> 
     </span>
    </p>
   </div>
   <div class='ocr_carea' id='block_1_97' title="bbox 273 5329 1919 5401">
    <p class='ocr_par' dir='ltr' id='par_1_97' title="bbox 273 5329 1919 5401">
     <span class='ocr_line' id='line_1_97' title="bbox 273 5329 1919 5401; baseline 0.001 -18"><span class='ocrx_word' id='word_1_714' title='bbox 273 5330 344 5383; x_wconf 89' lang='lat' dir='ltr'>ab</span> <span class='ocrx_word' id='word_1_715' title='bbox 378 5329 558 5385; x_wconf 87' lang='lat' dir='ltr'>altero</span> <span class='ocrx_word' id='word_1_716' title='bbox 589 5330 763 5385; x_wconf 89' lang='lat' dir='ltr'>fratre</span> <span class='ocrx_word' id='word_1_717' title='bbox 793 5330 911 5399; x_wconf 85' lang='lat' dir='ltr'>geri</span> <span class='ocrx_word' id='word_1_718' title='bbox 952 5334 1200 5399; x_wconf 88' lang='lat' dir='ltr'>putaret,</span> <span class='ocrx_word' id='word_1_719' title='bbox 1235 5331 1387 5399; x_wconf 91' lang='lat' dir='ltr'>quod</span> <span class='ocrx_word' id='word_1_720' title='bbox 1440 5347 1500 5384; x_wconf 85' lang='lat' dir='ltr'>se</span> <span class='ocrx_word' id='word_1_721' title='bbox 1551 5347 1919 5401; x_wconf 86' lang='lat' dir='ltr'>nequaquam</span> 
     </span>
    </p>
   </div>
   <div class='ocr_carea' id='block_1_98' title="bbox 276 5417 1918 5489">
    <p class='ocr_par' dir='ltr' id='par_1_98' title="bbox 276 5417 1918 5489">
     <span class='ocr_line' id='line_1_98' title="bbox 276 5417 1918 5489; baseline 0.001 -18"><span class='ocrx_word' id='word_1_722' title='bbox 276 5420 476 5473; x_wconf 80' lang='lat' dir='ltr'>fecisse</span> <span class='ocrx_word' id='word_1_723' title='bbox 510 5417 705 5489; x_wconf 82' lang='lat' dir='ltr'>procul</span> <span class='ocrx_word' id='word_1_724' title='bbox 745 5420 923 5473; x_wconf 88' lang='lat' dir='ltr'>dubia</span> <span class='ocrx_word' id='word_1_725' title='bbox 964 5419 1149 5472; x_wconf 86' lang='lat' dir='ltr'>scivit.</span> <span class='ocrx_word' id='word_1_726' title='bbox 1181 5419 1285 5472; x_wconf 87' lang='lat' dir='ltr'>Pro</span> <span class='ocrx_word' id='word_1_727' title='bbox 1315 5436 1431 5488; x_wconf 90' lang='lat' dir='ltr'>qua</span> <span class='ocrx_word' id='word_1_728' title='bbox 1464 5437 1521 5472; x_wconf 91' lang='lat' dir='ltr'>rc</span> <span class='ocrx_word' id='word_1_729' title='bbox 1552 5425 1791 5473; x_wconf 82' lang='lat' dir='ltr'>sanctus</span> <span class='ocrx_word' id='word_1_730' title='bbox 1818 5439 1918 5473; x_wconf 88' lang='lat' dir='ltr'>an—</span> 
     </span>
    </p>
   </div>
   <div class='ocr_carea' id='block_1_99' title="bbox 346 5515 1918 5589">
    <p class='ocr_par' dir='ltr' id='par_1_99' title="bbox 346 5515 1918 5589">
     <span class='ocr_line' id='line_1_99' title="bbox 346 5515 1918 5589; baseline 0 -19"><span class='ocrx_word' id='word_1_731' title='bbox 346 5518 455 5589; x_wconf 72' lang='grc'>120)</span> <span class='ocrx_word' id='word_1_732' title='bbox 488 5517 718 5571; x_wconf 67' lang='lat' dir='ltr'>.‘Elfrico</span> <span class='ocrx_word' id='word_1_733' title='bbox 743 5533 755 5570; x_wconf 89' lang='lat'>:</span> <span class='ocrx_word' id='word_1_734' title='bbox 777 5542 799 5564; x_wconf 79' lang='grc' dir='ltr'><em>υ</em></span> <span class='ocrx_word' id='word_1_735' title='bbox 831 5517 1085 5589; x_wconf 78' lang='lat' dir='ltr'>Contigit</span> <span class='ocrx_word' id='word_1_736' title='bbox 1109 5516 1429 5589; x_wconf 80' lang='lat' dir='ltr'>aliquando</span> <span class='ocrx_word' id='word_1_737' title='bbox 1461 5515 1734 5571; x_wconf 88' lang='lat' dir='ltr'>clericum</span> <span class='ocrx_word' id='word_1_738' title='bbox 1769 5519 1918 5588; x_wconf 82' lang='lat' dir='ltr'>ejus,</span> 
     </span>
    </p>
   </div>
   <div class='ocr_carea' id='block_1_100' title="bbox 271 5587 1921 5660">
    <p class='ocr_par' dir='ltr' id='par_1_100' title="bbox 271 5587 1921 5660">
     <span class='ocr_line' id='line_1_100' title="bbox 271 5587 1921 5660; baseline 0.001 -19"><span class='ocrx_word' id='word_1_739' title='bbox 271 5588 752 5660; x_wconf 85' lang='lat' dir='ltr'>cuidesignatum</span> <span class='ocrx_word' id='word_1_740' title='bbox 777 5594 900 5643; x_wconf 87' lang='lat' dir='ltr'>erat</span> <span class='ocrx_word' id='word_1_741' title='bbox 922 5587 1243 5657; x_wconf 83' lang='lat' dir='ltr'>ampullam</span> <span class='ocrx_word' id='word_1_742' title='bbox 1268 5589 1393 5657; x_wconf 86' lang='lat' dir='ltr'>ejus</span> <span class='ocrx_word' id='word_1_743' title='bbox 1418 5589 1921 5660; x_wconf 87' lang='lat' dir='ltr'>ferreminusolei</span> 
     </span>
    </p>
   </div>
   <div class='ocr_carea' id='block_1_101' title="bbox 275 5659 1919 5730">
    <p class='ocr_par' dir='ltr' id='par_1_101' title="bbox 275 5659 1919 5730">
     <span class='ocr_line' id='line_1_101' title="bbox 275 5659 1919 5730; baseline -0.001 -19"><span class='ocrx_word' id='word_1_744' title='bbox 275 5659 551 5730; x_wconf 81' lang='lat' dir='ltr'>accipere,</span> <span class='ocrx_word' id='word_1_745' title='bbox 569 5665 701 5727; x_wconf 89' lang='lat' dir='ltr'>etc.,</span> <span class='ocrx_word' id='word_1_746' title='bbox 717 5676 841 5730; x_wconf 71' lang='lat' dir='ltr'>quae</span> <span class='ocrx_word' id='word_1_747' title='bbox 864 5676 968 5713; x_wconf 88' lang='lat' dir='ltr'>nec</span> <span class='ocrx_word' id='word_1_748' title='bbox 992 5660 1359 5713; x_wconf 85' lang='lat' dir='ltr'>medietatem</span> <span class='ocrx_word' id='word_1_749' title='bbox 1384 5665 1555 5713; x_wconf 86' lang='lat' dir='ltr'>antea</span> <span class='ocrx_word' id='word_1_750' title='bbox 1581 5659 1919 5714; x_wconf 73' lang='lat' dir='ltr'>habuerat.»</span> 
     </span>
    </p>
   </div>
   <div class='ocr_carea' id='block_1_102' title="bbox 276 5730 1923 5802">
    <p class='ocr_par' dir='ltr' id='par_1_102' title="bbox 276 5730 1923 5802">
     <span class='ocr_line' id='line_1_102' title="bbox 276 5730 1923 5802; baseline -0.002 -19"><span class='ocrx_word' id='word_1_751' title='bbox 276 5730 401 5783; x_wconf 84' lang='lat' dir='ltr'>Mos</span> <span class='ocrx_word' id='word_1_752' title='bbox 458 5736 581 5785; x_wconf 88' lang='lat' dir='ltr'>erat.</span> <span class='ocrx_word' id='word_1_753' title='bbox 630 5731 925 5802; x_wconf 87' lang='lat' dir='ltr'>quondam</span> <span class='ocrx_word' id='word_1_754' title='bbox 977 5730 1285 5801; x_wconf 89' lang='lat' dir='ltr'>episcopis,</span> <span class='ocrx_word' id='word_1_755' title='bbox 1331 5735 1745 5802; x_wconf 7' lang='lat' dir='ltr'>utinunquam</span> <span class='ocrx_word' id='word_1_756' title='bbox 1799 5732 1923 5784; x_wconf 83' lang='lat' dir='ltr'>sine</span> 
     </span>
    </p>
   </div>
   <div class='ocr_carea' id='block_1_103' title="bbox 273 5801 1921 5873">
    <p class='ocr_par' dir='ltr' id='par_1_103' title="bbox 273 5801 1921 5873">
     <span class='ocr_line' id='line_1_103' title="bbox 273 5801 1921 5873; baseline 0.001 -19"><span class='ocrx_word' id='word_1_757' title='bbox 273 5802 590 5856; x_wconf 82' lang='lat' dir='ltr'>chrisma’tc</span> <span class='ocrx_word' id='word_1_758' title='bbox 653 5801 1177 5873; x_wconf 76' lang='lat' dir='ltr'>proficiscerentur.</span> <span class='ocrx_word' id='word_1_759' title='bbox 1230 5801 1549 5854; x_wconf 87' lang='lat' dir='ltr'>Concilium</span> <span class='ocrx_word' id='word_1_760' title='bbox 1593 5801 1921 5873; x_wconf 25' lang='lat' dir='ltr'>’Arausica-</span> 
     </span>
    </p>
   </div>
   <div class='ocr_carea' id='block_1_104' title="bbox 279 5872 1922 5943">
    <p class='ocr_par' dir='ltr' id='par_1_104' title="bbox 279 5872 1922 5943">
     <span class='ocr_line' id='line_1_104' title="bbox 279 5872 1922 5943; baseline 0.001 -18"><span class='ocrx_word' id='word_1_761' title='bbox 279 5892 419 5928; x_wconf 89' lang='lat' dir='ltr'>num</span> <span class='ocrx_word' id='word_1_762' title='bbox 474 5892 511 5940; x_wconf 86' lang='lat'>1,</span> <span class='ocrx_word' id='word_1_763' title='bbox 544 5872 671 5929; x_wconf 86' lang='lat' dir='ltr'>can.</span> <span class='ocrx_word' id='word_1_764' title='bbox 706 5878 760 5938; x_wconf 79' lang='lat'>2,</span> <span class='ocrx_word' id='word_1_765' title='bbox 789 5896 815 5921; x_wconf 85' lang='grc'>‹‹</span> <span class='ocrx_word' id='word_1_766' title='bbox 849 5872 1055 5927; x_wconf 75' lang='lat' dir='ltr'>Nullus</span> <span class='ocrx_word' id='word_1_767' title='bbox 1108 5873 1532 5939; x_wconf 84' lang='lat' dir='ltr'>ministrorum,</span> <span class='ocrx_word' id='word_1_768' title='bbox 1586 5872 1683 5942; x_wconf 90' lang='lat' dir='ltr'>qui</span> <span class='ocrx_word' id='word_1_769' title='bbox 1738 5873 1922 5943; x_wconf 89' lang='lat' dir='ltr'>bapti-</span> 
     </span>
    </p>
   </div>
   <div class='ocr_carea' id='block_1_105' title="bbox 2032 4881 3680 4957">
    <p class='ocr_par' dir='ltr' id='par_1_105' title="bbox 2032 4881 3680 4957">
     <span class='ocr_line' id='line_1_105' title="bbox 2032 4881 3680 4957; baseline -0.002 -18"><span class='ocrx_word' id='word_1_770' title='bbox 2032 4884 2313 4957; x_wconf 88' lang='lat' dir='ltr'>operariis</span> <span class='ocrx_word' id='word_1_771' title='bbox 2354 4884 2643 4949; x_wconf 87' lang='lat' dir='ltr'>insistere,</span> <span class='ocrx_word' id='word_1_772' title='bbox 2679 4883 2893 4954; x_wconf 87' lang='lat' dir='ltr'>quibus</span> <span class='ocrx_word' id='word_1_773' title='bbox 2937 4883 3203 4936; x_wconf 85' lang='lat' dir='ltr'>certatim</span> <span class='ocrx_word' id='word_1_774' title='bbox 3255 4881 3680 4944; x_wconf 86' lang='lat' dir='ltr'>laborantibus,</span> 
     </span>
    </p>
   </div>
   <div class='ocr_carea' id='block_1_106' title="bbox 2033 4970 3682 5046">
    <p class='ocr_par' dir='ltr' id='par_1_106' title="bbox 2033 4970 3682 5046">
     <span class='ocr_line' id='line_1_106' title="bbox 2033 4970 3682 5046; baseline -0.003 -16"><span class='ocrx_word' id='word_1_775' title='bbox 2033 4993 2180 5046; x_wconf 89' lang='lat' dir='ltr'>opus</span> <span class='ocrx_word' id='word_1_776' title='bbox 2202 4974 2427 5028; x_wconf 65' lang='lat' dir='ltr'>aedificii</span> <span class='ocrx_word' id='word_1_777' title='bbox 2458 4971 2742 5043; x_wconf 88' lang='lat' dir='ltr'>paulatim</span> <span class='ocrx_word' id='word_1_778' title='bbox 2768 4972 2826 5025; x_wconf 91' lang='lat' dir='ltr'>in</span> <span class='ocrx_word' id='word_1_779' title='bbox 2849 4971 3101 5026; x_wconf 88' lang='lat' dir='ltr'>sublime</span> <span class='ocrx_word' id='word_1_780' title='bbox 3122 4970 3387 5034; x_wconf 79' lang='lat' dir='ltr'>excrevit,</span> <span class='ocrx_word' id='word_1_781' title='bbox 3410 4970 3682 5041; x_wconf 84' lang='lat' dir='ltr'>plurimis</span> 
     </span>
    </p>
   </div>
   <div class='ocr_carea' id='block_1_107' title="bbox 2033 5060 3679 5131">
    <p class='ocr_par' dir='ltr' id='par_1_107' title="bbox 2033 5060 3679 5131">
     <span class='ocr_line' id='line_1_107' title="bbox 2033 5060 3679 5131; baseline -0.004 -12"><span class='ocrx_word' id='word_1_782' title='bbox 2033 5065 2169 5119; x_wconf 88' lang='lat' dir='ltr'>hinc</span> <span class='ocrx_word' id='word_1_783' title='bbox 2200 5064 2334 5118; x_wconf 89' lang='lat' dir='ltr'>inde</span> <span class='ocrx_word' id='word_1_784' title='bbox 2360 5061 2668 5117; x_wconf 80' lang='lat' dir='ltr'>suffultum</span> <span class='ocrx_word' id='word_1_785' title='bbox 2699 5060 2988 5125; x_wconf 85' lang='lat' dir='ltr'>oratoriis,</span> <span class='ocrx_word' id='word_1_786' title='bbox 3012 5060 3070 5113; x_wconf 92' lang='lat' dir='ltr'>in</span> <span class='ocrx_word' id='word_1_787' title='bbox 3098 5060 3312 5131; x_wconf 90' lang='lat' dir='ltr'>quibus</span> <span class='ocrx_word' id='word_1_788' title='bbox 3344 5064 3679 5113; x_wconf 83' lang='lat' dir='ltr'>sanctorum</span> 
     </span>
    </p>
   </div>
   <div class='ocr_carea' id='block_1_108' title="bbox 2032 5148 3683 5223">
    <p class='ocr_par' dir='ltr' id='par_1_108' title="bbox 2032 5148 3683 5223">
     <span class='ocr_line' id='line_1_108' title="bbox 2032 5148 3683 5223; baseline -0.004 -15"><span class='ocrx_word' id='word_1_789' title='bbox 2032 5156 2382 5209; x_wconf 86' lang='lat' dir='ltr'>venerantur</span> <span class='ocrx_word' id='word_1_790' title='bbox 2412 5151 2692 5223; x_wconf 75' lang='lat' dir='ltr'>suffragia</span> <span class='ocrx_word' id='word_1_791' title='bbox 2730 5150 2957 5204; x_wconf 90' lang='lat' dir='ltr'>cunctis</span> <span class='ocrx_word' id='word_1_792' title='bbox 2989 5149 3239 5204; x_wconf 82' lang='lat' dir='ltr'>fideliter</span> <span class='ocrx_word' id='word_1_793' title='bbox 3275 5148 3683 5203; x_wconf 82' lang='lat' dir='ltr'>accedentibus</span> 
     </span>
    </p>
   </div>
   <div class='ocr_carea' id='block_1_109' title="bbox 2034 5237 3682 5315">
    <p class='ocr_par' dir='ltr' id='par_1_109' title="bbox 2034 5237 3682 5315">
     <span class='ocr_line' id='line_1_109' title="bbox 2034 5237 3682 5315; baseline -0.004 -18"><span class='ocrx_word' id='word_1_794' title='bbox 2034 5243 2359 5315; x_wconf 88' lang='lat' dir='ltr'>profutura.</span> <span class='ocrx_word' id='word_1_795' title='bbox 2378 5240 2630 5313; x_wconf 89' lang='lat' dir='ltr'>Contigit</span> <span class='ocrx_word' id='word_1_796' title='bbox 2661 5245 2856 5295; x_wconf 88' lang='lat' dir='ltr'>autem</span> <span class='ocrx_word' id='word_1_797' title='bbox 2891 5239 3144 5309; x_wconf 90' lang='lat' dir='ltr'>quadam</span> <span class='ocrx_word' id='word_1_798' title='bbox 3168 5237 3278 5302; x_wconf 89' lang='lat' dir='ltr'>die,</span> <span class='ocrx_word' id='word_1_799' title='bbox 3304 5238 3444 5290; x_wconf 87' lang='lat' dir='ltr'>dum</span> <span class='ocrx_word' id='word_1_800' title='bbox 3477 5237 3682 5291; x_wconf 83' lang='lat' dir='ltr'>fratres</span> 
     </span>
    </p>
   </div>
   <div class='ocr_carea' id='block_1_110' title="bbox 2032 5326 3679 5397">
    <p class='ocr_par' dir='ltr' id='par_1_110' title="bbox 2032 5326 3679 5397">
     <span class='ocr_line' id='line_1_110' title="bbox 2032 5326 3679 5397; baseline -0.004 -11"><span class='ocrx_word' id='word_1_801' title='bbox 2032 5334 2253 5387; x_wconf 87' lang='lat' dir='ltr'>starent</span> <span class='ocrx_word' id='word_1_802' title='bbox 2276 5330 2348 5386; x_wconf 90' lang='lat' dir='ltr'>ad</span> <span class='ocrx_word' id='word_1_803' title='bbox 2375 5345 2675 5384; x_wconf 89' lang='lat' dir='ltr'>summum</span> <span class='ocrx_word' id='word_1_804' title='bbox 2709 5326 2941 5382; x_wconf 90' lang='lat' dir='ltr'>culmen</span> <span class='ocrx_word' id='word_1_805' title='bbox 2976 5326 3175 5397; x_wconf 86' lang='lat' dir='ltr'>templi</span> <span class='ocrx_word' id='word_1_806' title='bbox 3210 5342 3345 5380; x_wconf 89' lang='lat' dir='ltr'>cum</span> <span class='ocrx_word' id='word_1_807' title='bbox 3378 5331 3679 5380; x_wconf 68' lang='grc' dir='ltr'>010111011ῐᾶ-</span> 
     </span>
    </p>
   </div>
   <div class='ocr_carea' id='block_1_111' title="bbox 2034 5415 3682 5488">
    <p class='ocr_par' dir='ltr' id='par_1_111' title="bbox 2034 5415 3682 5488">
     <span class='ocr_line' id='line_1_111' title="bbox 2034 5415 3682 5488; baseline -0.004 -13"><span class='ocrx_word' id='word_1_808' title='bbox 2034 5422 2228 5488; x_wconf 88' lang='lat' dir='ltr'>riis,ut</span> <span class='ocrx_word' id='word_1_809' title='bbox 2250 5437 2405 5474; x_wconf 90' lang='lat' dir='ltr'>unus</span> <span class='ocrx_word' id='word_1_810' title='bbox 2417 5416 2846 5485; x_wconf 88' lang='lat' dir='ltr'>eorum,Godus</span> <span class='ocrx_word' id='word_1_811' title='bbox 2870 5415 3359 5482; x_wconf 84' lang='lat' dir='ltr'>nomine,caderet</span> <span class='ocrx_word' id='word_1_812' title='bbox 3382 5432 3414 5467; x_wconf 88' lang='lat' dir='ltr'>a</span> <span class='ocrx_word' id='word_1_813' title='bbox 3434 5415 3682 5468; x_wconf 80' lang='lat' dir='ltr'>summis</span> 
     </span>
    </p>
   </div>
   <div class='ocr_carea' id='block_1_112' title="bbox 2031 5513 3679 5588">
    <p class='ocr_par' dir='ltr' id='par_1_112' title="bbox 2031 5513 3679 5588">
     <span class='ocr_line' id='line_1_112' title="bbox 2031 5513 3679 5588; baseline -0.004 -15"><span class='ocrx_word' id='word_1_814' title='bbox 2031 5519 2199 5573; x_wconf 88' lang='lat' dir='ltr'>zandi</span> <span class='ocrx_word' id='word_1_815' title='bbox 2250 5518 2456 5588; x_wconf 86' lang='lat' dir='ltr'>recipit</span> <span class='ocrx_word' id='word_1_816' title='bbox 2488 5516 2745 5571; x_wconf 73' lang='lat' dir='ltr'>officium</span> <span class='ocrx_word' id='word_1_817' title='bbox 2779 5514 2914 5588; x_wconf 15' lang='lat' dir='ltr'>sine”</span> <span class='ocrx_word' id='word_1_818' title='bbox 2935 5514 3250 5588; x_wconf 83' lang='lat' dir='ltr'>chrismate</span> <span class='ocrx_word' id='word_1_819' title='bbox 3303 5528 3553 5588; x_wconf 75' lang='lat' dir='ltr'>usquam</span> <span class='ocrx_word' id='word_1_820' title='bbox 3588 5513 3679 5567; x_wconf 89' lang='lat' dir='ltr'>de-</span> 
     </span>
    </p>
   </div>
   <div class='ocr_carea' id='block_1_113' title="bbox 2034 5583 3677 5661">
    <p class='ocr_par' dir='ltr' id='par_1_113' title="bbox 2034 5583 3677 5661">
     <span class='ocr_line' id='line_1_113' title="bbox 2034 5583 3677 5661; baseline -0.004 -16"><span class='ocrx_word' id='word_1_821' title='bbox 2034 5592 2131 5645; x_wconf 88' lang='lat' dir='ltr'>bet</span> <span class='ocrx_word' id='word_1_822' title='bbox 2180 5583 2471 5661; x_wconf 75' lang='lat' dir='ltr'>progrcdi.</span> <span class='ocrx_word' id='word_1_823' title='bbox 2506 5611 2533 5637; x_wconf 86' lang='grc'><strong>››</strong></span> <span class='ocrx_word' id='word_1_824' title='bbox 2572 5588 2719 5659; x_wconf 87' lang='lat' dir='ltr'>Lege</span> <span class='ocrx_word' id='word_1_825' title='bbox 2772 5585 3169 5657; x_wconf 67' lang='lat' dir='ltr'>prmfationcm</span> <span class='ocrx_word' id='word_1_826' title='bbox 3204 5583 3410 5639; x_wconf 66' lang='lat' dir='ltr'>Saeculi</span> <span class='ocrx_word' id='word_1_827' title='bbox 3446 5600 3483 5649; x_wconf 90' lang='grc'>1,</span> <span class='ocrx_word' id='word_1_828' title='bbox 3522 5601 3677 5638; x_wconf 88' lang='grc'>110111.</span> 
     </span>
    </p>
   </div>
   <div class='ocr_carea' id='block_1_114' title="bbox 2036 5664 2157 5716">
    <p class='ocr_par' dir='ltr' id='par_1_114' title="bbox 2036 5664 2157 5716">
     <span class='ocr_line' id='line_1_114' title="bbox 2036 5664 2157 5716; baseline -0.008 0"><span class='ocrx_word' id='word_1_829' title='bbox 2036 5664 2157 5716; x_wconf 82' lang='grc'>101.</span> 
     </span>
    </p>
   </div>
   <div class='ocr_carea' id='block_1_115' title="bbox 2105 5726 3675 5803">
    <p class='ocr_par' dir='ltr' id='par_1_115' title="bbox 2105 5726 3675 5803">
     <span class='ocr_line' id='line_1_115' title="bbox 2105 5726 3675 5803; baseline -0.006 -17"><span class='ocrx_word' id='word_1_830' title='bbox 2105 5732 2213 5803; x_wconf 78' lang='lat'>(21)</span> <span class='ocrx_word' id='word_1_831' title='bbox 2238 5731 2507 5786; x_wconf 78' lang='lat' dir='ltr'>.‘Elfricus</span> <span class='ocrx_word' id='word_1_832' title='bbox 2534 5748 2581 5803; x_wconf 81' lang='grc'>;‹‹</span> <span class='ocrx_word' id='word_1_833' title='bbox 2608 5729 2852 5794; x_wconf 90' lang='lat' dir='ltr'>Quidam</span> <span class='ocrx_word' id='word_1_834' title='bbox 2879 5727 3201 5803; x_wconf 80' lang='lat' dir='ltr'>monachus</span> <span class='ocrx_word' id='word_1_835' title='bbox 3225 5727 3333 5803; x_wconf 80' lang='lat' dir='ltr'>sub</span> <span class='ocrx_word' id='word_1_836' title='bbox 3356 5726 3675 5803; x_wconf 67' lang='lat' dir='ltr'>eodegens,</span> 
     </span>
    </p>
   </div>
   <div class='ocr_carea' id='block_1_116' title="bbox 2034 5797 3677 5869">
    <p class='ocr_par' dir='ltr' id='par_1_116' title="bbox 2034 5797 3677 5869">
     <span class='ocr_line' id='line_1_116' title="bbox 2034 5797 3677 5869; baseline -0.004 -12"><span class='ocrx_word' id='word_1_837' title='bbox 2034 5797 2354 5859; x_wconf 73' lang='lat' dir='ltr'>Eadvvinus</span> <span class='ocrx_word' id='word_1_838' title='bbox 2386 5802 2641 5863; x_wconf 85' lang='lat' dir='ltr'>nomine,</span> <span class='ocrx_word' id='word_1_839' title='bbox 2679 5800 3041 5869; x_wconf 83' lang='lat' dir='ltr'>inarsupiuni</span> <span class='ocrx_word' id='word_1_840' title='bbox 3086 5798 3393 5867; x_wconf 84' lang='lat' dir='ltr'>cujusdam</span> <span class='ocrx_word' id='word_1_841' title='bbox 3430 5797 3677 5852; x_wconf 77' lang='lat' dir='ltr'>hominis</span> 
     </span>
    </p>
   </div>
   <div class='ocr_carea' id='block_1_117' title="bbox 2034 5873 3267 5937">
    <p class='ocr_par' dir='ltr' id='par_1_117' title="bbox 2034 5873 3267 5937">
     <span class='ocr_line' id='line_1_117' title="bbox 2034 5873 3267 5937; baseline -0.005 -9"><span class='ocrx_word' id='word_1_842' title='bbox 2034 5874 2315 5931; x_wconf 84' lang='lat' dir='ltr'>instinctu</span> <span class='ocrx_word' id='word_1_843' title='bbox 2349 5873 2669 5929; x_wconf 64' lang='lat' dir='ltr'>daemonica</span> <span class='ocrx_word' id='word_1_844' title='bbox 2701 5874 2927 5927; x_wconf 84' lang='lat' dir='ltr'>furatus</span> <span class='ocrx_word' id='word_1_845' title='bbox 2959 5876 3067 5937; x_wconf 83' lang='lat' dir='ltr'>est,</span> <span class='ocrx_word' id='word_1_846' title='bbox 3098 5892 3123 5919; x_wconf 83' lang='grc'><strong>››</strong></span> <span class='ocrx_word' id='word_1_847' title='bbox 3160 5876 3267 5923; x_wconf 87' lang='lat' dir='ltr'>etc.</span> 
     </span>
    </p>
   </div>
  </div>
