3868 6420
246 467 324 525 99
1301 459 1363 515 s.
1418 438 1937 514 ETHELWOLDI
1981 431 2330 511 WINTON.
2377 447 2622 509 EPISC.

3560 438 3681 502 100

255 618 281 645 ‹‹
316 593 601 650 Putabam
632 608 723 647 mc
753 586 908 645 state
933 590 1105 659 juxta
1152 588 1319 641 littus
1350 587 1548 651 maris,
1605 585 1705 639 ubi
1756 581 1901 636 mihi
1932 581 1986 647 Α
2016 581 2328 653 populares
2359 580 2577 653 quique
2609 582 2886 649 satagunt
2910 593 2944 632 a
2972 574 3127 631 male
3160 574 3549 636 declinare.et
3581 573 3682 629 bo-

254 684 564 738 videbatur
586 682 791 734 adesse
839 677 1102 749 qumdam
1160 675 1414 728 maxima
1471 673 1652 738 navis,
1689 672 1745 724 in
1798 684 1913 741 qua

260 771 577 826 multitudo
599 770 833 839 copiosa
855 766 1125 838 piscium,
1153 769 1209 817 et
1244 763 1496 818 maxime
1518 759 1911 833 anguillarum

254 859 537 915 conclusa
556 858 863 911 tenebatur
875 855 947 908 ab
973 855 1089 906 imo
1113 868 1299 923 usque
1318 852 1391 905 ad
1415 849 1914 905 summnmllum-
1957 853 1967 868 '

254 965 367 1020 que
399 961 633 1001 mecum
664 945 881 999 tacitus
913 942 1248 1013 cogitarem,
1285 941 1424 1011 quid
1458 940 1568 995 sibi
1610 939 1776 993 vellet
1805 937 1911 991 hoc

258 1037 555 1091 somnium
582 1034 735 1106 quod
762 1032 1049 1097 videbam,
1078 1034 1312 1101 repente
1335 1028 1529 1083 audivi
1560 1044 1757 1082 vocem
1786 1042 1913 1081 meo

257 1117 618 1181 nomine'me
654 1126 982 1187 vocantem,
1038 1120 1307 1190 mihique
1333 1118 1621 1173 dicentem
1675 1134 1686 1169 :
1738 1115 1912 1171 Adel-

256 1210 952 1281 wolde,Adelwoide,hoc
971 1210 1074 1263 tibi
1101 1210 1445 1262 mandatum
1465 1206 1720 1260 cmlitum
1744 1222 1776 1259 a
1798 1205 1913 1259 Deo

258 1304 506 1358 missum
541 1307 649 1357 est.
684 1300 885 1355 Excita
937 1298 1044 1351 hos
1090 1299 1285 1369 pisces
1331 1296 1546 1367 quibus
1586 1294 1705 1349 haec
1754 1295 1913 1347 navis

256 1408 435 1462 quam
483 1390 678 1444 cernis
714 1388 955 1459 impleta
984 1392 1090 1449 est,
1126 1391 1183 1441 et
1213 1384 1572 1441 orationibus
1607 1384 1721 1438 tuis
1753 1384 1915 1437 effice

265 1486 331 1535 ut
360 1480 479 1536 sint
507 1480 798 1543 homines,
826 1477 979 1531 sicut
1009 1481 1180 1530 antea
1201 1472 1913 1545 fueruntﬂujusjussioni

258 1588 391 1624 mox
424 1586 531 1641 ego
562 1570 997 1639 obtemperans,
1050 1566 1185 1619 steti
1216 1581 1320 1635 pro
1351 1565 1437 1618 eis
1462 1564 1534 1616 ad
1570 1562 1911 1627 orationem,

258 1658 733 1729 etlacrymarum
772 1655 957 1709 imbre
992 1654 1283 1724 perfusus,
1306 1652 1703 1723 ingemiscens
1746 1650 1863 1704 dixi
1899 1667 1912 1704 :

258 1746 504 1800 Domine
536 1744 795 1809 Jesu,cui
831 1743 978 1796 nihil
1010 1746 1097 1797 est
1130 1740 1511 1813 impossibile,
1551 1739 1771 1811 respice
1792 1755 1918 1810 pro-

259 1836 449 1907 pitius
479 1835 549 1888 ad
582 1834 811 1887 animas
844 1832 1134 1886 diabolica
1166 1832 1369 1885 fraude
1400 1832 1691 1902 deceptas,
1727 1846 1853 1901 qum
1885 1846 1919 1882 a

259 1941 438 1980 sensu
468 1924 741 1978 humana:
772 1922 1017 1977 rationis
1048 1920 1313 1975 alienatae
1348 1924 1512 1986 sunt,
1546 1923 1600 1974 et
1634 1934 1793 1974 more
1826 1919 1918 1973 be-

258 2013 415 2068 stiali
438 2012 498 2066 in
523 2011 751 2066 lubrico
772 2011 952 2081 hujus
980 2009 1174 2065 saeculi
1194 2020 1358 2064 coeno
1386 2007 1797 2064 miserabiliter
1835 2007 1919 2061 iri-

259 2102 587 2157 volvuntur.
622 2100 727 2167 Ne,
760 2100 1135 2170 quaeso,boue
1165 2098 1326 2165 Jesu,
1363 2098 1689 2170 permittas,
1734 2102 1799 2152 ut
1847 2097 1917 2152 de

259 2192 346 2246 eis
376 2188 750 2259 triumphans
776 2187 1057 2257 glorietur
1084 2187 1329 2241 humani
1362 2186 1591 2256 generis
1618 2186 1912 2253 inimicus,

260 2279 361 2335 sed
395 2294 497 2349 per
522 2276 609 2330 tui
640 2276 825 2329 sancti
862 2274 1117 2329 nominis
1149 2275 1635 2346 omnipotentiam
1666 2275 1913 2329 resusci-

261 2372 461 2423 tentur
490 2367 563 2421 ad
593 2366 801 2432 vitam,
825 2369 889 2420 ut
919 2364 1213 2420 somnium
1246 2368 1491 2417 ‘aaterna:
1545 2364 1753 2417 mortis
1793 2374 1918 2418 cva-

264 2457 485 2521 dentes,
521 2459 577 2510 tc
607 2467 807 2509 verum
840 2459 896 2508 et
932 2455 1171 2508 unicum
1206 2452 1409 2508 mundi
1441 2452 1799 2507 Salvatorem
1822 2468 1915 2507 co-

258 2543 918 2619 gnoscant,etdeineeps
948 2544 1267 2615 semperad
1292 2541 1677 2611 tranquillum
1709 2540 1916 2597 salutis

263 2641 375 2689 tum
394 2639 627 2706 portum
652 2634 1154 2704 confligientesmb
1177 2632 1452 2686 omnibus
1476 2631 1677 2684 mundi
1698 2634 1919 2702 pertur-

266 2725 602 2780 bationibus
630 2724 925 2778 immunes
958 2723 1227 2787 existant,
1264 2727 1319 2775 et
1353 2722 1461 2775 sub
1498 2726 1598 2774 tua
1628 2721 1915 2793 guberna-
1988 2714 1991 2721 ’

268 2815 423 2869 tione
454 2830 670 2867 securae
704 2818 1105 2883 permaneant.
1138 2813 1331 2866 ’l‘uum
1365 2815 1453 2864 est
1483 2809 1913 2876 enim,Christc,

266 2906 531 2957 mortuos
559 2900 935 2966 viviﬁcare,et
958 2900 1273 2969 imaginem
1298 2904 1460 2952 tuam
1482 2912 1661 2968 quam
1684 2898 1912 2965 creasti,

266 2992 323 3045 in
347 2991 613 3044 decorem
648 3004 821 3042 suum
856 2989 1171 3058 pristinum
1206 2988 1537 3052 reformare,
1574 2988 1671 3057 qui
1710 2986 1915 3040 venisti

266 3079 323 3133 in
356 3078 513 3132 hunc
547 3078 833 3131 mundum
870 3082 1200 3146 peccatores
1234 3076 1423 3130 salvos
1457 3076 1662 3141 Facere,
1696 3080 1752 3129 et
1790 3075 1916 3130 dira

268 3165 785 3236 mortissupplicia
818 3182 1028 3235 passus
1063 3165 1116 3217 in
1151 3179 1323 3219 cruce
1352 3164 1631 3233 dignatus
1677 3180 1739 3219 es
1790 3166 1917 3219 fun-

264 3257 399 3310 dere
423 3254 769 3325 sanguinem
790 3258 957 3307 tuum
978 3253 1298 3324 pretiosum
1318 3268 1421 3323 pro
1440 3254 1628 3307 salute
1650 3252 1913 3307 omnium

2024 685 2167 725 num
2200 670 2406 736 facere,
2459 668 2517 723 et
2566 666 2870 722 humiliter
2918 664 3057 737 Regi
3112 678 3376 735 regnum,
3420 662 3677 728 Christo,

2024 759 2174 816 colla
2204 758 2453 815 subdere
2487 773 2501 812 :
2537 758 2831 829 quatenus
2858 754 2915 810 et
2945 753 3212 808 monachi
3247 750 3423 807 simul
3474 755 3533 806 et
3566 750 3679 806 lai-

2024 850 2075 903 ci
2108 852 2423 922 sequentes
2452 847 2637 903 sancti
2671 845 2858 901 Patris
2906 841 3232 899 Adelwoldi
3266 840 3531 913 vestigia,
3562 856 3680 895 cre-

2024 939 2187 995 lestis
2237 938 2401 1011 regni
2451 935 2808 1008 sempiterna
2855 936 3191 989 mereantur
3239 930 3483 1001 adipisci
3534 945 3680 1003 gau-

2026 1028 2141 1083 dia.

2097 1113 2427 1173 CAP.XL.—
2456 1118 2623 1173 Anno
2640 1104 2955 1172 Dominicaz
2978 1109 3403 1167 incarnationis
3421 1122 3685 1181 nongen-

2025 1205 2234 1263 tesirno
2248 1207 2622 1279 octogesimo,
2633 1208 2904 1261 renovata
2917 1206 2973 1257 et
2985 1205 3319 1258 constructa
3330 1204 3416 1255 est
3429 1197 3682 1254 ecclesia

2023 1294 2246 1352 Veteris
2264 1296 2533 1364 cccnobii,
2550 1306 2757 1351 novem
2785 1290 3162 1366 pontificibus
3184 1306 3310 1369 eam
3336 1288 3683 1344 solemniter

2024 1402 2157 1440 cum
2191 1400 2407 1457 magna
2437 1383 2624 1457 gloria
2654 1378 3063 1438 dedicantibus
3101 1398 3114 1435 :
3154 1388 3401 1452 quorum
3425 1377 3599 1450 primi
3622 1382 3682 1431 et

2025 1475 2299 1546 p'rzccipui
2318 1490 2510 1530 arcem
2522 1474 2801 1529 tenebant
2822 1463 3164 1527 Dunstanus
3177 1469 3677 1540 archiepiscopus,

2023 1570 2079 1617 ct
2101 1565 2225 1635 ipse
2248 1569 2487 1620 sanctus
2507 1561 2885 1618 Adelwoldus
2918 1562 3247 1632 episcopus,
3274 1559 3382 1613 sub
3433 1557 3526 1612 die
3575 1573 3679 1610 xm

2025 1648 2421 1709 Kalendarum
2454 1648 2955 1719 Novembrium,in
2981 1649 3291 1723 praesentia
3322 1646 3475 1719 regis
3505 1644 3680 1700 Adel-

2027 1743 2172 1811 rcdi,
2207 1748 2263 1798 et
2293 1743 2354 1798 in
2386 1745 2671 1798 conventu
2704 1739 2970 1797 omnium
3020 1752 3164 1810 pene
3224 1737 3463 1802 dueum,
3499 1733 3682 1789 abba-

2024 1836 2173 1899 tum,
2199 1832 2480 1887 Comitum
2512 1831 2952 1905 primm-umque
2996 1828 3348 1899 optimatum
3390 1823 3684 1880 universae

2026 1922 2218 1994 gentis
2249 1922 2591 1993 Anglorum,
2647 1920 2746 1992 qui
2797 1918 3065 1974 eamdem
3114 1916 3291 1971 biduo
3343 1925 3477 1969 cum
3519 1910 3687 1967 omni

2027 2010 2242 2083 gaudio
2274 2010 2713 2066 celebraverunt
2745 2007 3171 2064 dedicationem
3197 2022 3209 2060 :
3244 2005 3313 2060 de
3338 2015 3453 2076 qua
3483 2006 3544 2057 et
3575 2012 3687 2057 nos

2028 2094 2087 2153 in
2122 2098 2368 2155 Domino
2400 2096 2899 2173 congratulantes,
2925 2097 3035 2152 hoc
3058 2102 3293 2151 carmen
3317 2091 3643 2148 cecinimus
3670 2108 3684 2147 :

2032 2270 2246 2334 Precsul
2272 2278 2653 2334 Adelvv‘oldus
2688 2292 2851 2334 sacro
2885 2275 3240 2350 aspirantine
3269 2262 3500 2348 plenus.

2101 2368 2259 2424 Fecit
2289 2382 2467 2423 ovans
2500 2382 2675 2440 opera
2707 2366 2896 2421 multa
2926 2367 3042 2421 Deo
3074 2365 3311 2438 placita.

2032 2458 2205 2513 Istius
2233 2457 2458 2530 antiqui
2492 2457 2782 2528 reparavit
2813 2460 2869 2511 et
2900 2456 3047 2510 atria
3078 2454 3280 2526 templi

2101 2546 2391 2602 Mccnibus
2424 2544 2667 2601 excelsis
2700 2544 3177 2615 culminibusque
3219 2541 3402 2596 novis".

2030 2634 2300 2690 Partibus
2331 2632 2440 2690 hoc
2468 2635 2665 2690 Austri
2699 2635 2943 2689 firmans
2974 2638 3031 2688 et
3066 2631 3331 2704 partibus
3361 2629 3541 2693 Arcti,

2102 2723 2429 2779 Porticibus
2461 2724 2666 2779 solidis
2697 2723 2951 2778 arcubus
2982 2727 3039 2777 et
3069 2722 3263 2776 variis.

2027 2812 2267 2869 Addidit
2297 2818 2353 2868 et
2386 2812 2583 2883 plures
2616 2812 2798 2866 sacris
2829 2810 3114 2866 altaribus
3149 2810 3319 2873 aedes,

2101 2905 2234 2969 Qua:
2269 2901 2522 2956 retinent
2553 2899 2798 2954 dubium
2832 2899 3055 2953 liminis
3088 2899 3417 2953 introitum.

2028 2991 2306 3062 Quisquis
2338 2995 2403 3044 ut
2434 2989 2652 3060 ignotis
2697 2988 2818 3041 huic
2853 2986 3193 3041 deambulat
3241 2986 3390 3039 atria
3438 2984 3690 3056 plantis,

2100 3078 2333 3134 Nesciat
2357 3078 2511 3131 unde
2547 3079 2722 3142 meat,
2756 3092 2941 3146 quove
2973 3076 3179 3146 pedem
3219 3074 3451 3128 referat.

2028 3169 2199 3223 Omni
2232 3170 2396 3238 parte
2425 3164 2577 3219 fores
2610 3164 2749 3235 quia
2778 3162 3224 3234 conspiciuntur
3255 3166 3489 3232 apertae,

2098 3258 2212 3312 Nec
2243 3256 2403 3326 patet
2433 3251 2553 3309 ulla
2585 3254 2693 3308 sibi
2729 3252 2939 3307 semita
2969 3256 3126 3306 certa
3156 3254 3278 3305 νὶίιι.

269 3347 554 3399 nostrum.
590 3343 733 3397 Cum
770 3342 889 3396 lucc
937 3345 993 3395 et.
1022 3341 1114 3395 his
1146 3340 1364 3394 similia
1413 3342 1693 3395 orationis
1740 3343 1915 3421 verba
1946 3324 1988 3393 (ἶ
2029 3342 2151 3401 Huc
2182 3324 2439 3415 illucque
2469 3356 2646 3415 vagos
2680 3346 2844 3396 stans
2876 3342 3267 3396 circumducit
3298 3342 3536 3409 ocellos,

264 3436 615 3503 eompuncto
646 3432 818 3486 corde
843 3437 899 3484 et
921 3430 1128 3501 spiritu
1160 3429 1509 3484 humilitalis
1531 3430 1910 3497 eiiundercm,

264 3540 397 3577 ecce
429 3538 576 3593 quos
608 3524 778 3574 antea
810 3519 997 3591 pisces
1022 3520 1076 3572 in
1102 3518 1223 3573 luto
1249 3519 1401 3573 faecis
1424 3524 1478 3573 et
1514 3519 1567 3572 in
1592 3518 1722 3573 lacu
1748 3519 1918 3574 mise-

264 3610 361 3665 riae
388 3610 646 3665 videram
678 3608 1194 3665 involutossubito
1228 3608 1494 3661 homines
1527 3608 1761 3661 effectos
1799 3612 1855 3662 et
1886 3628 1917 3663 a

268 3705 451 3755 morte
489 3699 867 3753 resuscitat.th
918 3698 1079 3751 video
1130 3715 1140 3749 :
1201 3697 1565 3767 surrexitque
1596 3699 1667 3751 de
1701 3698 1827 3751 navi
1863 3703 1919 3752 et

268 3788 519 3860 perrexit
551 3788 892 3841 festinanter
945 3789 1019 3840 at-l-
1066 3792 1279 3841 terram
1331 3786 1566 3855 copiosa
1611 3787 1919 3842 hominum

270 3877 609 3942 multitudo,
644 3892 893 3946 quorum
929 3874 1146 3929 multos
1179 3874 1510 3945 specialiter
1531 3893 1916 3947 agnoveram:

271 3966 425 4019 inter
445 3978 593 4035 quos
617 3976 771 4018 unus
794 3968 1115 4017 retrorsum
1139 3963 1595 4023 catlensdterum
1622 3966 1676 4019 in
1701 3967 1922 4037 anguil-

271 4053 387 4108 la-m
417 4064 622 4107 versus
641 4056 748 4118 est,
767 4051 863 4105 ille
888 4051 1155 4106 videlicet
1174 4052 1544 4120 Adelstanus,
1562 4054 1659 4124 qui
1692 4072 1920 4109 mecum

270 4142 571 4213 presbyter
602 4141 898 4212 quondam
922 4142 1107 4195 fuerat
1126 4142 1629 4213 ordinatus,quem
1653 4144 1925 4215 deinceps

274 4230 436 4285 nullo
459 4231 637 4285 modo
654 4228 1039 4296 circ-itaremec
1060 4236 1123 4284 ut
1147 4229 1321 4285 homo
1344 4232 1505 4285 ﬁeret
1528 4237 1786 4303 poteram
1811 4233 1928 4287 effi-

274 4337 423 4376 cere.
462 4319 687 4391 Reliqui
710 4332 849 4374 vero
863 4330 1067 4375 omnes
1090 4320 1448 4374 unanimiter
1479 4320 1809 4376 levaverunt
1830 4339 1926 4376 vo-

275 4427 401 4465 cem
417 4410 473 4464 in
489 4408 1004 4475 cmlum,manibus
1022 4409 1447 4479 plaudentes,0t
1460 4410 1679 4482 gratias
1693 4414 1928 4483 omnipo

276 4500 415 4553 tanti
433 4499 551 4554 Deo
564 4498 1043 4569 referentes,quia
1060 4497 1671 4569 perejusinell‘abilem
1686 4501 1933 4556 clemen-

276 4587 419 4642 tiam
458 4593 515 4642 et
554 4600 824 4658 permeat)
854 4587 1153 4655 parvitatis
1194 4588 1504 4641 adventum
1540 4596 1936 4644 meruerunta

2095 3434 2288 3489 Attica
2320 3422 2543 3487 dedalei
2577 3436 2733 3485 tecta
2763 3434 3079 3501 stupetque
3113 3429 3241 3485 soli.

2026 3523 2250 3580 Certior
2275 3520 2545 3577 adveniat
2575 3521 2756 3576 donec
2788 3520 3159 3585 sibi,ductor,
3195 3525 3249 3574 et
3286 3520 3477 3591 ipsum

2098 3612 2286 3669 Ducat
2318 3612 2391 3667 ad
2422 3610 2665 3666 extremi
2700 3610 2907 3664 limina
2938 3609 3233 3664 vestibuli.

2042 3700 2145 3758 Hic
2176 3715 2373 3757 secum
2401 3701 2644 3767 mirans,
2681 3712 2849 3755 erucc
2883 3716 2942 3755 se
2975 3699 3302 3770 consignat,
3337 3706 3387 3753 et
3428 3702 3581 3754 unde.

2116 3792 2293 3847 Exeat
2324 3790 2573 3847 attonito
2604 3792 2832 3860 pectore
2866 3788 3013 3842 scire
3043 3788 3267 3859 nequit.

2037 3882 2130 3937 Sic
2166 3884 2506 3935 constructa
2536 3878 2733 3943 micat,
2760 3878 2842 3931 sic
2864 3880 2921 3931 ct
2951 3876 3171 3931 variata
3202 3883 3472 3932 coruscat.

2113 3968 2403 4035 Machina,
2440 3980 2565 4040 qam
2597 3972 2849 4021 veterem
2880 3967 3133 4021 sustinet
3164 3965 3492 4020 ecclesiam.

2039 4064 2224 4126 Quam
2256 4056 2425 4113 Pater
2455 4054 2552 4111 ille
2585 4057 2717 4127 p‘ius
2752 4072 2987 4110 summa
3018 4055 3232 4126 pietate
3265 4054 3534 4123 refertus,

2107 4146 2373 4203 Nominis
2403 4147 2475 4201 ad
2498 4146 2731 4200 laudem
2763 4144 3169 4200 celsitonantis
3199 4144 3323 4198 heri

2041 4232 2306 4301 Fulcivit,
2342 4235 2503 4302 texit,
2538 4234 2778 4301 dolavit,
2804 4251 3049 4305 eamque
3085 4232 3351 4297 sacravit,

2110 4326 2182 4381 Et
2214 4324 2435 4380 meruit
2470 4323 2672 4394 templi
2708 4320 2929 4378 solvere
2958 4328 3093 4377 vota
3124 4322 3235 4383 sui,

2044 4414 2218 4488 Regis
2248 4412 2517 4469 Edelredi
2550 4414 2694 4469 facie
2727 4418 3011 4486 prscsente
3043 4412 3314 4475 modesti,

2117 4499 2180 4559 In
2209 4503 2373 4576 regni
2405 4502 2551 4559 solio
2587 4504 2685 4576 qui
2720 4507 2989 4573 superest
3019 4501 3212 4556 hodie.

2048 4593 2170 4648 lllic
2202 4594 2509 4663 pontifices
2538 4594 2783 4648 aderant
2813 4590 2963 4646 terni
2992 4595 3082 4645 ter
3110 4595 3366 4655 ovanter,

277 4682 463 4730 morte
493 4677 569 4730 ad
590 4677 767 4730 vitam
799 4676 1046 4729 revocari
1081 4678 1139 4729 et
1169 4675 1440 4729 humanm
1488 4678 1695 4732 rationi
1749 4691 1923 4751 quam
1959 4699 2005 4762 Β
2118 4680 2489 4753 Complcntcs
2521 4686 2793 4736 sanctum
2828 4680 2934 4735 rite
2967 4678 3383 4734 ministerium.

279 4765 619 4831 amiserant,
658 4764 991 4819 restaurari.
1029 4765 1145 4836 Ego
1177 4771 1373 4819 autem
1416 4769 1679 4837 gaudens
1713 4769 1767 4821 in
1821 4771 1929 4825 Do-

282 4854 463 4920 mino,
496 4857 554 4908 et
584 4849 1001 4925 congratularis
1043 4853 1163 4908 illis
1209 4854 1437 4926 evigilo,
1476 4856 1742 4928 hancque
1771 4861 1938 4915 visio-

286 4960 419 4999 nem
450 4943 634 5009 vobis,
662 4960 696 4997 ο
728 4941 890 4997 tilioli
925 4943 1034 4996 mei
1060 4942 1077 4996 l'
1110 4942 1324 4997 idcirco
1358 4946 1561 5011 refero,
1616 4952 1680 5000 ut
1729 4953 1785 5004 et
1836 4968 1935 5006 vos

282 5048 421 5086 cum
452 5031 739 5086 honorum
762 5048 999 5102 operum
1027 5031 1187 5086 cultu
1216 5036 1627 5102 perserveretis
1646 5035 1703 5090 in
1737 5046 1936 5094 sancto

284 5120 598 5191 proposito,
636 5138 748 5191 quo
782 5134 881 5191 per
930 5121 1179 5191 gratiam
1234 5121 1331 5176 Dei
1375 5124 1611 5193 possitis
1645 5126 1699 5180 in
1736 5144 1936 5182 eorum

285 5226 532 5264 numero
562 5210 1016 5280 computari,qui
1042 5209 1186 5263 mihi
1214 5209 1346 5264 licet
1372 5212 1613 5284 indigno
1636 5217 1937 5272 commissi

285 5304 449 5365 sunt,
486 5302 548 5353 ut
570 5300 639 5352 de
673 5296 866 5353 saeculi
902 5299 1086 5369 huius
1108 5300 1435 5354 cmnulenta
1465 5304 1740 5375 voragine
1764 5305 1941 5359 liben-

286 5391 376 5443 ter
394 5391 455 5443 et
488 5388 545 5441 in
579 5393 793 5441 aeterna
816 5388 1175 5443 beatitudine
1200 5389 1323 5443 sine
1349 5390 1459 5443 tino
1484 5392 1938 5449 salventurJlacc

291 5494 419 5548 qua:
451 5476 785 5531 notavimus
808 5476 1036 5530 somnia
1060 5480 1195 5531 tunc
1222 5476 1456 5547 quidem
1482 5481 1604 5534 visa
1635 5487 1773 5537 sunt
1799 5500 1810 5536 :
1839 5484 1939 5539 sed

291 5575 457 5622 exeo
491 5569 749 5638 tempere
783 5582 969 5637 usque
1017 5565 1187 5622 hod-ic
1241 5565 1469 5639 impleri
1520 5588 1631 5625 non
1685 5578 1937 5641 cessant,

295 5650 436 5710 dum
470 5652 682 5727 quippe
716 5653 908 5711 divino
934 5654 1216 5712 temeritas
1250 5667 1445 5712 amere
1470 5659 1748 5715 l'estinant
1779 5677 1943 5715 mun-

295 5745 436 5803 dum
459 5743 1195 5817 relinquere,coanobialem
1223 5747 1399 5802 vitam
1424 5748 1665 5815 ducere;
1697 5753 1753 5803 et
1802 5749 1940 5804 dum

2047 4772 2303 4835 Quorum
2331 4770 2559 4842 primus
2590 4776 2738 4838 erat,
2770 4766 2937 4824 vultu
2971 4774 3241 4823 maturus
3269 4774 3320 4822 et
3355 4772 3483 4821 actu

2117 4860 2339 4914 Canitie
2362 4859 2565 4915 nivens
2598 4860 2865 4915 Dunstan
2898 4862 2955 4913 et
2985 4842 3304 4928 angelicus.

2049 4944 2212 5004 Hunc
2242 4950 2558 5004 comitatus
2592 4964 2769 5003 ovans
2801 4947 3124 5020 Anglorum
3160 4944 3365 5000 lucifer
3394 4944 3609 5008 adstat,

2120 5039 2383 5093 Domnus
2413 5037 2795 5094 Adelwoldus
2826 5037 2998 5091 corde
3032 5033 3460 5107 benignivolus.

2050 5124 2184 5182 Post
2215 5126 2313 5182 alii
2346 5133 2592 5198 septem,
2626 5138 2877 5199 quorum
2906 5125 3002 5179 hic
3039 5127 3177 5177 sunt
3214 5124 3451 5177 nomina
3487 5123 3703 5194 scripta

2121 5216 2389 5271 Carmine
2421 5217 2685 5271 versitico
2718 5232 2853 5270 cum
2882 5214 3027 5286 pede
3059 5211 3363 5285 dactylico.

2050 5304 3027 5377 Elfstan,Edclgarus,rursumque
3059 5302 3377 5357 Elt‘stmnus
3401 5303 3453 5353 et
3486 5300 3703 5373 .‘Eswig

2122 5392 2363 5461 zElfech,
2399 5394 2752 5462 Edelsimus,
2778 5394 2882 5449 hic
2914 5398 2973 5448 et
3000 5391 3278 5447 Athult‘us
3310 5392 3453 5443 erat.

2052 5484 2121 5538 Et
2148 5484 2387 5539 tandem
2422 5485 2685 5542 decimus
2718 5485 2868 5539 Poca
2895 5482 3053 5538 venit
3078 5479 3387 5551 episcopus
3420 5476 3582 5541 illuc,

2125 5571 2298 5629 Nulla
2328 5574 2547 5629 laboris
2578 5591 2778 5647 agens,
2804 5572 3015 5644 pocula
3045 5569 3231 5625 multa
3262 5568 3489 5622 bibens.

2055 5662 2191 5717 Post
2222 5662 2320 5717 alii
2352 5664 2552 5734 plures
2586 5665 2835 5719 aderant
2860 5672 3243 5735 proceresque
3273 5657 3589 5725 ducesque:

2126 5746 2329 5809 Gentis
2362 5758 2419 5810 et
2451 5752 2772 5825 Anglorum
2806 5751 3061 5810 maxima
3094 5756 3227 5820 pars
3261 5744 3564 5800 comitum.
