3868 6500
178 475 281 534 101

3476 485 3587 547 102

173 610 327 674 Quos
360 625 389 663 e
421 608 665 663 concilio
698 607 918 679 pariter
947 606 1257 680 collegaret
1282 606 1405 663 illo.
1851 606 1905 673 Α
1936 623 2217 680 roseoque
2266 611 2474 665 rubore
2523 617 2858 679 venustum,
2914 613 2996 669 ita
3045 620 3107 669 ut
3153 617 3406 687 quodam
3459 634 3588 672 mo-

242 698 405 763 Quod
437 698 627 753 fuerat
656 698 780 752 vico
814 697 965 769 regis
998 696 1057 751 in
1090 696 1426 765 Andereran,
1935 696 2007 749 do
2040 699 2339 768 septennis
2370 701 2531 771 pueri
2554 700 2781 756 vultum
2815 703 3170 773 prietendere
3191 705 3500 773 videretur,
3528 707 3587 761 in

174 776 328 842 idem
362 792 560 858 pastor
590 804 767 842 ovans
799 803 865 841 ac
897 803 1050 857 smpe
1082 787 1382 842 canendus
1411 784 1741 855 Adelwold;
1935 802 2048 856 quo
2074 787 2199 857 jam
2222 789 2488 859 quadam
2514 792 2959 846 resurrectionis
2981 792 3165 864 gloria
3188 811 3291 864 per
3308 798 3590 851 ostensio~

151 876 159 883 '
251 878 415 933 sicut.
446 879 495 932 ei
530 877 759 931 Domini
795 875 987 949 gratia
1023 875 1370 932 contulerat.
1932 880 2069 929 "nem
2104 881 2339 931 mutatas
2373 879 2566 935 carnis
2589 881 2881 952 apparuit.
2907 880 3039 936 Jam
3064 898 3195 937 vero
3219 883 3331 937 dici
3357 900 3470 939 non
3495 900 3590 955 po-

173 974 240 1028 Et
274 970 568 1026 celebrant.
600 965 796 1021 cuncti
831 964 1120 1021 solemnia
1150 964 1405 1021 maxima
1431 961 1656 1038 templi,
1936 966 2071 1031 test,
2109 970 2329 1036 quanta
2351 967 2422 1021 ad
2456 969 2762 1040 exsequias
2789 970 2917 1040 ejus
2940 971 3247 1025 hominum
3272 972 3587 1027 multitudo

244 1060 598 1116 Plaudentes
630 1055 878 1110 Domino
910 1059 1142 1128 pectore
1171 1052 1476 1111 laudiﬂuo.
1940 1057 2291 1113 Convenerit.
2320 1054 2587 1128 Undique
2620 1059 2887 1113 certatim
2937 1076 3004 1114 ex
3036 1060 3241 1116 vicinis
3272 1061 3503 1133 oppidis
3535 1068 3591 1116 et

177 1152 589 1218 Laetanturque
618 1144 787 1199 bonis
821 1160 999 1216 super
1027 1143 1304 1199 omnibus
1335 1143 1431 1199 ille
1460 1141 1770 1216 benignus,
1940 1141 2197 1199 castellis
2219 1143 2397 1199 simul
2422 1146 2479 1199 in
2505 1163 2689 1202 unum
2702 1148 2909 1203 divites
2927 1153 2983 1203 et
3002 1151 3590 1222 pauperes,ultimum

249 1242 381 1305 Quae
417 1236 621 1291 statuit
660 1234 888 1289 cunctis
920 1230 1131 1305 praesul
1165 1231 1362 1306 opima
1391 1232 1539 1301 dari,
1940 1230 2063 1287 vale
2096 1233 2313 1303 pastori
2349 1250 2454 1289 suo
2487 1233 2699 1289 dicturi
2742 1237 3161 1293 confluxerant.
3196 1238 3412 1294 Omnes
3456 1256 3590 1295 cum

182 1327 421 1384 Feronia
452 1330 591 1381 sunt
620 1322 874 1378 admista
904 1322 1115 1395 epulis,
1141 1322 1308 1379 cibus
1329 1321 1523 1378 omnis
1544 1322 1826 1390 abundat,
1943 1320 2138 1375 dolore
2169 1326 2227 1376 et
2257 1339 2454 1378 amaro
2507 1322 2702 1379 animo
2734 1328 3134 1397 sequebantur
3170 1327 3468 1392 feretrum,
3504 1328 3591 1383 in—

252 1416 459 1471 Nullus
491 1415 655 1469 adest
690 1410 893 1479 tristis,
929 1411 1121 1467 omnis
1149 1412 1317 1468 adest
1352 1410 1577 1468 hilaris.
1942 1412 2323 1481 comparabili
2348 1412 2623 1473 thesauro
2646 1415 3396 1486 pretiosum,sacrosanctis
3417 1419 3595 1472 Evan-

177 1505 353 1576 Nulla
385 1505 587 1567 fames,
624 1502 719 1557 ubi
756 1505 895 1557 sunt
927 1501 1154 1557 cunctis
1185 1501 1429 1557 obsonia
1457 1499 1667 1575 plenis,
1943 1500 2111 1572 geliis
2145 1506 2199 1554 et
2235 1500 2508 1557 crucibus
2559 1507 2873 1571 armatum,
2909 1504 3223 1576 palliorum
3250 1503 3593 1561 velamentis

251 1597 321 1651 Et
355 1598 616 1649 remanet
646 1592 802 1646 vario
836 1604 1040 1646 mensa
1070 1592 1283 1646 referta
1313 1588 1463 1646 cibo.
1945 1594 2238 1657 ornatum,
2263 1592 2523 1646 accensis
2552 1592 2947 1649 Iuminaribus
2976 1599 3033 1649 et
3073 1594 3309 1666 hymnis
3348 1594 3593 1651 caelesti-

177 1684 590 1755 Pincermeque
621 1680 749 1753 vagi
783 1678 1016 1734 cellaria
1045 1690 1195 1753 sa3pe
1222 1679 1615 1751 frequentant,
1946 1674 2056 1733 bus
2078 1683 2253 1750 atque
2290 1679 2650 1751 psalmorum
2683 1683 3067 1738 concentibus
3093 1683 3231 1738 hinc
3260 1684 3395 1738 inde
3416 1685 3593 1739 valla.

251 1773 651 1842 convivasque
686 1773 889 1841 rogant
918 1773 983 1823 ut
1014 1768 1210 1824 bibere
1239 1767 1545 1840 incipiant.
1945 1767 2325 1832 tum.Quibus
2348 1771 2613 1839 sequenti
2636 1771 2727 1824 die
2743 1770 3108 1826 Wintoniam
3132 1772 3596 1843 ingredientibus

171 1864 446 1917 Crateras
479 1862 769 1924 statuunt,
800 1862 856 1912 et
887 1856 1082 1912 dulcia
1111 1857 1247 1913 vina
1278 1859 1580 1926 coronant,
1946 1856 2174 1911 obviam
2198 1858 2422 1928 corpori
2456 1863 2577 1912 tota
2600 1858 2779 1913 simul
2799 1860 3003 1915 civitas
3024 1860 3384 1916 unanimiter
3402 1866 3597 1916 oecur—

252 1951 565 2005 Miscentes
596 1952 771 2020 potus
803 1946 1040 2018 potibus
1070 1945 1419 2002 innumeris.
1863 1980 1912 2045 Β
1946 1946 2039 2000 rit.
2056 1945 2200 2001 Hinc
2217 1945 2506 2016 ejulantes
2526 1948 2735 2002 turbas
2751 1948 3117 2019 conspiceres
3140 1949 3594 2020 monachorum;

164 2034 397 2111 Sicque
427 2038 553 2092 dies
585 2036 847 2107 alterque
880 2035 1003 2092 dies
1035 2035 1319 2108 processit
1350 2037 1411 2091 in
1442 2032 1699 2108 hymnis,
1863 2032 1911 2045 ”
1943 2034 2079 2091 inde
2110 2035 2329 2108 pallida
2357 2034 2595 2110 agmina
2624 2036 2945 2109 virginum;
2975 2037 3115 2093 hinc
3142 2039 3377 2094 audires
3408 2039 3469 2096 in
3500 2052 3595 2096 ex-

249 2129 322 2182 Et
350 2126 773 2182 benedixerunt
804 2124 1002 2180 omnia
1025 2127 1201 2180 corda
1229 2125 1437 2180 Deum.
1944 2124 2098 2181 celso
2129 2140 2297 2181 voces
2326 2122 2705 2198 psallentium
2736 2125 3110 2195 clericorum;
3142 2126 3280 2183 inde
3310 2128 3596 2200 gemitum

164 2216 467 2273 Omnibus
498 2214 742 2286 expletis
779 2215 1013 2270 tandem
1044 2214 1385 2270 solemniter
1416 2214 1672 2286 hymnis,
1945 2212 2214 2271 flentium
2246 2226 2593 2288 panperum,
2620 2217 2676 2272 et
2696 2215 2988 2272 ululatum
3007 2216 3449 2273 vociferantium
3474 2220 3599 2291 ege-

249 2310 406 2373 Quos
441 2306 497 2359 in
530 2304 751 2359 honore
784 2304 881 2358 Dei
910 2318 1020 2358 vox
1051 2303 1249 2358 sonuit
1285 2302 1509 2376 populi.
1945 2320 2177 2372 norum,
2214 2305 2315 2376 qui
2347 2306 2603 2377 pastoris
2644 2305 2736 2360 sui
2767 2306 3078 2377 praesentia
3125 2321 3193 2362 se
3234 2307 3449 2379 privari
3481 2310 3595 2364 non

173 2396 598 2466 Unusquisque
628 2410 766 2448 suas
797 2392 987 2447 alacer
1015 2393 1293 2447 remeavit
1323 2394 1395 2447 ad
1428 2408 1580 2461 oras,
1947 2395 2328 2461 sustinentes,
2353 2395 2573 2449 dabant
2604 2395 2866 2450 infinitos
2899 2395 3291 2468 lacrymarum
3314 2393 3598 2453 clamores

252 2487 319 2540 In
351 2484 597 2539 Domino
631 2483 893 2553 gaudens
925 2487 1154 2553 pectore
1185 2488 1241 2537 et
1273 2500 1370 2537 ore
1401 2497 1640 2537 canens.
1948 2482 2017 2537 ad
2052 2482 2284 2541 coelum.
2314 2482 2633 2538 Perductus
2657 2489 2745 2539 est
2776 2501 2911 2557 ergo
2934 2485 3021 2539 vir
3050 2482 3152 2540 Dei
3183 2503 3317 2541 cum
3350 2485 3597 2542 coelesti-

174 2576 501 2646 Nunquam
537 2576 700 2628 tanta
732 2571 842 2625 fuit
876 2570 1125 2642 talisque
1154 2571 1365 2627 dicatio
1398 2570 1624 2644 templi,
1947 2572 2058 2627 bus
2091 2572 2384 2644 exsequiis
2413 2572 2472 2627 in
2506 2573 2811 2628 ecclesiam
2861 2574 3169 2630 beatorum
3201 2576 3597 2647 apostolorum

251 2666 317 2719 In
350 2667 473 2718 tota
500 2661 821 2733 Anglorum
854 2658 1024 2733 gente
1056 2664 1305 2732 patrata,
1345 2676 1491 2729 reor,
1948 2660 2099 2716 Petri
2122 2666 2178 2716 et
2201 2659 2361 2716 Pauli
2390 2663 2461 2717 ad
2483 2664 2677 2718 sedem
2705 2680 2875 2717 suam
2906 2663 3316 2736 episcopalem,
3342 2668 3397 2720 et
3417 2665 3601 2738 exple-

170 2753 383 2819 Qualis
415 2756 539 2807 erat
568 2750 785 2805 Wenta
814 2750 1104 2805 celebrata
1133 2755 1403 2822 potenter
1432 2751 1493 2806 in
1524 2748 1669 2805 urbe
1951 2750 2024 2804 tis
2053 2751 2386 2823 vigiliarum
2409 2752 2844 2823 missarumque
2867 2752 3187 2817 solemniis,
3215 2753 3482 2824 sepultus
3513 2760 3601 2809 est

254 2844 322 2897 In
354 2841 539 2897 sancti
572 2839 723 2894 Petri
754 2839 1015 2897 coenobio
1046 2837 1261 2895 Veteri.
1946 2839 2004 2893 in
2037 2846 2239 2912 crypta
2270 2841 2343 2895 ad
2390 2841 2708 2896 australem
2760 2841 2990 2914 plagam
3026 2843 3211 2897 sancti
3246 2842 3465 2908 altaris,
3503 2844 3599 2898 ubi

162 2932 342 2998 Quod
375 2932 529 2985 Deus
555 2929 927 3000 omnipotens
949 2929 1033 2983 sic
1063 2934 1331 3002 protegat
1359 2929 1830 2995 immaculatum,
1946 2945 2082 2983 eum
2134 2931 2497 3001 requiescere
2547 2931 2775 2998 debere,
2810 2931 2962 2986 sicut
2991 2932 3115 3003 ipse
3167 2932 3330 2988 vobis
3378 2932 3598 3000 retulit,

244 3020 367 3075 Hoc
400 3023 465 3073 ut
498 3035 563 3075 eo
597 3019 845 3089 dignum
869 3019 1014 3091 juge
1045 3019 1121 3073 sit
1152 3018 1496 3091 hospitium.
1947 3018 2085 3075 olim
2120 3018 2229 3074 sibi
2264 3018 2497 3074 coalitus
2524 3023 2826 3075 ostensum
2860 3025 2970 3075 est.

158 3112 238 3166 Et
274 3108 619 3181 quicunque
648 3106 903 3162 humiles
934 3107 1043 3162 hoc
1084 3108 1503 3181 ingrediuntur
1528 3108 1759 3182 asylum
2015 3108 2150 3163 CAP.
2184 3105 2350 3163 XLII.
2376 3110 2637 3163 —Anno
2679 3107 3025 3164 duodecimo
3058 3114 3190 3182 post
3221 3112 3445 3166 obitum
3479 3112 3598 3185 glo-

241 3197 556 3253 Exsultent
589 3197 769 3269 plenae
802 3196 1120 3268 participes
1151 3198 1353 3253 veniae.
1944 3198 2078 3254 riosi
2106 3197 2399 3270 pontiﬁcis
2422 3196 2996 3269 Adelvvoldi,placuit
3018 3216 3281 3271 supernre
3306 3200 3605 3272 dlSanStI-

1944 3288 2093 3353 tioni
2126 3287 2293 3342 illum
2328 3304 2430 3359 per
2449 3286 2708 3343 coelestia
2728 3288 2897 3360 signa
2919 3289 3180 3356 revelari,
3206 3292 3451 3362 ejusque
3473 3308 3607 3347 ossa

242 3381 381 3435 Haec
410 3378 481 3432 de
512 3377 881 3431 renovatione
914 3378 971 3431 et
1000 3376 1364 3433 dedicatione
1392 3377 1623 3435 Veteris
1647 3378 1826 3434 eccle-
1860 3348 1903 3419 θ
1948 3381 2019 3434 de
2041 3376 2291 3450 sepulcri
2318 3376 2643 3431 munimine
2666 3375 2935 3444 levari,ut
2956 3376 3193 3433 lucerna
3218 3396 3343 3449 qum
3367 3380 3439 3433 ad
3463 3385 3606 3435 tem-

161 3470 273 3531 size
300 3466 587 3533 edita,hic
610 3467 862 3521 inserere
883 3470 1279 3537 opportunum
1301 3467 1836 3524 duximus.Exinde
1948 3485 2059 3542 pus
2093 3468 2201 3524 sub
2235 3464 2428 3520 modio
2457 3462 2690 3531 latebat,
2718 3482 2897 3537 super
2913 3467 3329 3522 candelabrum
3362 3485 3603 3539 ponere-

160 3574 438 3630 superna
469 3555 653 3626 pietas
678 3557 878 3609 sancto
905 3554 1165 3624 pontiﬁci
1188 3556 1412 3610 tantam
1435 3556 1684 3611 contulit
1714 3572 1840 3629 gra-
1950 3564 2065 3622 tur,
2089 3561 2378 3627 quatenus
2401 3553 2618 3608 luceret
2641 3553 2915 3609 omnibus
2938 3555 3037 3627 qui
3061 3555 3119 3609 in
3142 3557 3314 3610 domo
3339 3556 3607 3613 sunt.Est

159 3648 349 3711 tiam,
377 3650 441 3698 ut
463 3642 745 3698 sublimes
780 3642 861 3697 illi
893 3643 1262 3699 saecularium
1294 3648 1655 3716 potestatum
1685 3645 1841 3717 prin-
1951 3646 2107 3701 enim
2142 3643 2343 3699 civitas
2378 3642 2644 3715 qumdam
2692 3643 2941 3707 modica,
2977 3644 3344 3699 commerciis
3376 3645 3608 3700 abunde

162 3738 361 3807 cipes,
406 3734 603 3798 duces,
642 3732 890 3803 tyranni,
928 3736 1100 3803 atque
1142 3732 1393 3803 judices,
1427 3738 1486 3788 et
1516 3733 1709 3790 omnis
1738 3734 1836 3805 qui
1954 3735 2180 3799 referta,
2208 3748 2332 3804 qua:
2366 3730 2539 3786 solito
2578 3731 2999 3802 Wenllingafard
3030 3732 3373 3804 appellatur,
3398 3732 3457 3787 in
3491 3750 3609 3805 qua

164 3825 219 3880 ei
258 3825 554 3878 hactenus
576 3821 851 3876 contrarii
875 3826 931 3876 et
963 3821 1018 3875 in
1044 3821 1137 3876 via
1156 3822 1255 3876 Dei
1280 3822 1549 3878 resistere
1568 3823 1840 3878 videban-
1954 3824 2039 3878 vir
2078 3828 2352 3878 strenuus
2400 3819 2639 3891 quidam
2692 3822 3049 3887 morabatur,
3080 3821 3172 3876 cui
3226 3839 3436 3877 nomen
3487 3829 3609 3878 erat

168 3921 299 3978 tur,
338 3912 535 3968 subito
566 3910 724 3965 velut
753 3926 886 3965 oves
915 3928 985 3966 ex
1012 3909 1170 3982 lupis
1198 3911 1588 3981 efficerentur,
1619 3915 1676 3966 et
1705 3927 1841 3967 eum
1953 3909 2288 3969 Elehelmus
2312 3909 2408 3981 qui
2433 3926 2575 3964 casu
2596 3908 2791 3963 lumen
2813 3910 3089 3965 amittens
3112 3911 3435 3978 oculorum,
3454 3911 3610 3966 caeci-

168 4004 335 4057 miro
378 4001 585 4055 affectu
620 4003 1070 4068 venerarentur;
1107 4000 1351 4072 ejusque
1398 4001 1653 4073 genibus
1697 3999 1846 4055 colla
1959 4004 2133 4055 tatem
2172 3997 2374 4053 multis
2408 4014 2720 4069 perpessus
2752 4003 2841 4053 est
2887 3999 3078 4055 annis.
3114 3998 3259 4055 Huic
3291 3999 3349 4054 in
3386 3999 3609 4055 somnis

167 4090 627 4155 submittentes,
653 4089 725 4142 ari
758 4089 1056 4144 dexteram
1091 4087 1248 4145 illius
1276 4088 1584 4146 humiliter
1612 4106 1849 4145 exoscu-
1956 4096 2218 4161 tempore
2241 4086 2520 4159 gallicinii
2545 4092 2783 4142 sanctus
2807 4087 3187 4145 Adelwoldus
3209 4089 3453 4145 antistes
3479 4089 3613 4144 asti-

168 4183 400 4245 lantes,
427 4178 791 4234 orationibus
815 4196 875 4234 se
906 4177 1009 4233 viri
1044 4178 1145 4234 Dei
1164 4177 1225 4234 in
1247 4179 1523 4235 omnibus
1555 4194 1844 4237 commen-
1960 4181 2046 4243 tit,
2073 4195 2326 4249 eumque
2360 4182 2423 4231 ut
2455 4177 2745 4231 maturius
2766 4175 3127 4232 Wintoniam
3152 4182 3433 4250 pergeret,
3461 4184 3519 4233 et
3540 4180 3611 4233 ad

167 4273 417 4328 darent.
1960 4270 2088 4339 ejus
2122 4268 2387 4322 tumbam
2420 4264 2607 4337 gratia
2644 4265 2959 4337 recipiendi
2988 4267 3150 4321 visus
3183 4266 3479 4321 accederet
3511 4267 3612 4321 ad-

252 4360 400 4415 CAP.
435 4358 574 4414 XLI.
598 4390 662 4398 -—
694 4359 909 4413 Eodem
950 4375 1083 4413 vero
1135 4361 1394 4431 tempore
1445 4375 1559 4432 quo
1608 4363 1847 4417 sanctus
1963 4356 2212 4423 monuit,
2251 4355 2450 4410 dicens
2484 4371 2496 4409 :
2526 4377 2554 4403 ιι
2582 4354 2802 4409 Idcirco
2833 4358 2887 4410 te
2920 4355 2978 4408 in
3011 4359 3165 4409 statu
3200 4358 3298 4409 tuo
3330 4355 3611 4410 recuban-

170 4450 440 4506 antistes
471 4446 847 4503 Adelwoldus
879 4447 950 4503 de
979 4446 1088 4503 hac
1120 4447 1353 4504 mortali
1371 4449 1491 4505 vita
1516 4452 1641 4507 erat
1670 4450 1852 4506 exitu-
1964 4452 2081 4502 tem
2112 4445 2301 4507 visite,
2337 4449 2394 4499 et
2428 4460 2553 4515 qua:
2588 4442 2691 4497 tibi
2722 4448 2967 4498 ventura
2997 4447 3135 4497 sunt
3167 4443 3515 4515 pmnuntio,
3552 4448 3616 4496 ut

174 4556 315 4603 rus,
345 4544 400 4593 et
422 4536 691 4592 laborum
717 4552 960 4591 suorum
984 4536 1225 4609 prccmia
1246 4555 1279 4592 a
1298 4536 1414 4593 Deo
1441 4544 1845 4612 percepturus,
1964 4552 2066 4609 per
2095 4539 2205 4589 tuae
2230 4532 2437 4587 salutis
2461 4533 2697 4603 signum
2725 4531 3154 4595 manifestetur,
3179 4532 3317 4603 quia
3339 4547 3431 4586 me
3454 4548 3617 4603 opor-

171 4628 351 4685 venit
386 4627 455 4682 ad
488 4626 687 4681 villam
723 4642 848 4697 quae
882 4630 1158 4681 consueto
1192 4626 1428 4682 nomine
1471 4628 1851 4700 Beaddingtun
1970 4628 2052 4680 tot
2082 4623 2255 4678 levari
2312 4621 2379 4675 de
2428 4619 2658 4675 tumulo
2699 4621 2758 4675 in
2790 4637 2904 4692 quo
2928 4621 3115 4692 311660-
3141 4644 3168 4669 ³)
3205 4620 3313 4686 Olli
3342 4620 3463 4675 11100
3498 4620 3616 4675 ἶὶυ·

173 4737 256 4791 ap
268 4716 546 4789 pellatur,
574 4715 877 4787 sexaginta
899 4712 1163 4770 millibus
1193 4717 1264 4771 ab
1287 4716 1431 4773 urbe
1449 4712 1753 4773 Wintonia
1773 4716 1855 4773 di—
1885 4724 1932 4792 Ι)
1965 4715 2156 4779 diens,
2181 4716 2238 4765 et
2267 4727 2469 4765 vocem.
2490 4726 2689 4765 secum
2721 4710 3014 4781 loquentis
3046 4726 3389 4783 agnoscens,
3417 4713 3617 4765 sancto

174 4813 384 4864 stans.
422 4805 505 4859 Ibi
565 4820 700 4876 ergo
759 4820 892 4858 cum
954 4804 1295 4876 aliquandiu
1355 4802 1699 4876 moraretur,
1735 4807 1854 4864 acri
1969 4802 2121 4860 Patri
2154 4801 2375 4874 gratias
2396 4799 2534 4871 egit,
2561 4800 2713 4870 quod
2747 4816 2883 4854 eum
2903 4799 3139 4853 visitare
3160 4799 3527 4871 dignaretur:
3562 4804 3621 4854 ct

172 4894 373 4968 coepit
392 4892 740 4950 inﬁrmitate
761 4892 1018 4965 gravari;
1042 4897 1098 4947 et
1120 4895 1331 4949 sacrati
1355 4893 1465 4950 olei
1487 4895 1714 4969 liquore
1734 4910 1858 4970 per-
1971 4892 2109 4965 quia
2142 4891 2237 4945 ubi
2274 4888 2539 4959 sepultus
2561 4892 2734 4954 esset,
2760 4888 2994 4959 penitus
3040 4886 3344 4960 ignoravit,
3372 4886 3621 4959 qualiter

175 4988 437 5050 unctus,
462 4980 751 5037 Dominici
774 4983 1033 5055 corporis
1066 4984 1123 5037 et
1153 4984 1460 5057 sanguinis
1489 4986 1858 5059 perceptione
1970 4978 2304 5053 sepulcrum
2330 4977 2461 5048 ejus
2479 4977 2627 5030 scire
2649 4979 2705 5030 et
2725 4976 2885 5031 adire
2909 4977 3197 5047 potuisset
3210 4975 3520 5047 diligenter
3540 4976 3624 5029 in-

172 5076 421 5131 exitum
454 5087 631 5126 suum
663 5071 931 5126 munivit.
966 5071 1177 5144 Sicque
1217 5073 1586 5144 valefaciens,
1621 5079 1679 5131 et
1709 5077 1857 5132 dans
1970 5067 2210 5143 q‘uisivit
2234 5084 2245 5120 :
2271 5065 2363 5121 cui
2398 5064 2667 5137 protinus
2692 5064 2781 5119 vir
2810 5064 2910 5120 Dei
2944 5080 3156 5120 nomen
3180 5065 3400 5121 alumni
3426 5070 3482 5120 et
3508 5080 3625 5119 mo-

173 5180 405 5239 pacem
456 5160 593 5215 filiis
645 5160 788 5227 suis,
824 5161 978 5217 inter
1021 5162 1201 5217 verba
1247 5163 1529 5220 orationis
1580 5165 1855 5237 spiritum
1972 5157 2143 5215 nachi
2194 5155 2283 5211 sui
2334 5153 2609 5220 innotuit,
2646 5154 2816 5223 cujus
2852 5153 3134 5209 hactenus
3165 5154 3340 5208 homo
3387 5151 3484 5208 ille
3518 5168 3623 5207 nc-

173 5238 344 5309 cmlo
378 5247 630 5305 reddidit
662 5249 721 5303 in
756 5247 1028 5305 Kalendis
1054 5250 1323 5323 Augusti,
1358 5268 1510 5307 anno
1541 5253 1857 5309 Dominicae
1974 5249 2135 5303 scius
2181 5242 2396 5309 existit,
2431 5240 2597 5313 eique
2646 5241 2791 5296 dixit
2825 5258 2837 5295 :
2868 5263 2893 5292 ar
2915 5238 3061 5296 Cum
3112 5242 3360 5298 festinus
3391 5241 3623 5296 Winte-

173 5338 626 5399 incarnationis
649 5338 1091 5410 nongentesimo
1113 5340 1470 5413 octogesimo
1493 5346 1723 5414 quarto,
1744 5342 1860 5414 epi-
1975 5336 2136 5392 niam
2169 5329 2517 5404 perveneris,
2554 5338 2611 5386 et
2639 5328 2862 5385 Veteris
2902 5332 3155 5385 C(BIIOb'l‘l’
3199 5331 3505 5388 ecclesiam
3534 5329 3625 5385 irr-

172 5433 481 5502 scopatus
512 5432 708 5482 autem
760 5428 851 5483 sui
882 5428 1156 5485 vicesimo
1207 5432 1484 5501 secundo,
1516 5431 1684 5503 regni
1736 5446 1859 5486 mo-
1973 5424 2236 5485 traveris,
2272 5418 2541 5476 accersiri
2576 5420 2663 5475 fac
2695 5420 2773 5474 ad'
2817 5425 2873 5475 te
2923 5420 3277 5476 monachum
3312 5418 3626 5494 quemdam

172 5518 509 5577 deramina
568 5517 933 5589 gubernante
980 5518 1283 5576 {Edclredo
1335 5536 1467 5593 rege
1514 5520 1858 5594 Anglorum.
1974 5513 2366 5575 Wlesl'anum,
2421 5512 2809 5583 cognomento
2850 5510 3183 5565 Cantorem.
3220 5508 3329 5566 Hic
3368 5524 3509 5595 cum

171 5608 425 5669 Testati
484 5623 618 5661 vero
677 5607 845 5663 nobis
902 5610 1044 5663 sunt
1386 5614 1705 5682 prmsentes
1762 5612 1863 5667 ad-
1978 5620 2076 5658 ore
2104 5607 2206 5657 tuo
2230 5600 2404 5655 verba
2425 5615 2575 5653 meo?
2599 5597 2906 5671 legationis
2938 5597 3207 5663 audierit,
3235 5604 3289 5654 te
3312 5612 3445 5653 mox

169 5701 391 5763 ei‘ant,
426 5695 693 5752 exanime
725 5710 936 5768 corpus
981 5680 1171 5755 sancti
1206 5698 1313 5756 viri
1355 5680 1553 5757 subita
1582 5699 1865 5756 immuta-
1980 5694 2237 5750 bitanter
2270 5689 2348 5743 ad
2374 5704 2571 5743 meum
2606 5689 2883 5760 perducet
2910 5687 3229 5777 tumulum,
3255 5680 3631 5777 ubique“??-

167 5794 358 5847 tione
378 5762 578 5839 fuisse
618 5762 977 5855 renovatum,
1012 5787 1198 5846 lacteo
1241 5791 1494 5851 candore
1532 5789 1860 5864 perfusam,
1979 5783 2105 5855 pie-8
2138 5780 2335 5836 lumen
2364 5776 2668 5833 οσῠῙῡΓιιπὶ
2691 5781 2985 5833 tuorum.”
3010 5772 3165 5841 011Ῠᾶ
3179 5762 3626 5830 ωνίῒάῗσῒείθπ·
