3868 6500
367 548 481 607 103

1416 536 1479 593 S.
1530 529 1995 593 ETHEWOLDI
2040 527 2385 591 WINTON.
2432 530 2679 591 EPISC.

3664 532 3781 591 104

370 681 457 735 lus
480 680 566 732 vir
588 677 682 731 ille
706 676 894 730 verbis
918 677 973 726 et
1000 669 1487 741 promissionibus
1510 667 1657 720 sacri
1691 662 2003 735 pontilicis,
2027 660 2086 729 Α
2116 662 2216 725 mi,
2250 662 2511 719 sustineo
2561 680 2784 734 pmnas,
2812 667 2867 717 et
2896 664 3063 734 justo
3106 664 3333 734 judicio
3384 664 3642 735 episcopi
3693 667 3776 719 sic

363 768 719 823 Wintouiam
747 763 921 817 citius
942 759 1123 824 addit,
1149 756 1452 812 ecclesiam
1487 754 1743 816 intravit,
1768 754 2003 805 fratrem

354 859 694 930 praedictum
729 849 1047 913 accersivit,
1082 846 1548 914 accersitumque
1581 840 1911 913 postulavit,
1940 845 2004 893 ut

352 946 652 1001 missatica
682 940 829 996 beati
866 938 1050 992 Patris
1090 935 1377 1005 impleret,
1413 950 1657 986 narrans
1689 931 1737 985 ei
1772 935 1821 985 et
1860 947 2002 983 cun-

349 1038 458 1089 etis
481 1032 812 1089 astantibus
834 1027 1096 1081 ordinem
1121 1024 1379 1078 visionis.
1404 1023 1539 1076 Erat
1559 1021 1712 1075 enim
1738 1036 1998 1090 vespera,

350 1127 405 1178 in
441 1140 555 1195 qua
587 1120 857 1175 nativitas
888 1114 1297 1169 sacratissima'
1332 1112 1428 1165 Dei
1455 1109 1751 1182 genitricis
1784 1114 1839 1161 et
1873 1125 1999 1178 per-

350 1218 533 1283 petuae
566 1207 807 1281 virginis
842 1205 1054 1267 Marize,
1080 1219 1182 1272 per
1204 1204 1392 1255 totum
1416 1199 1703 1252 mundum
1730 1195 2000 1250 solemni-

347 1308 434 1356 ter
465 1306 520 1355 et
551 1295 895 1369 dignissime
935 1292 1281 1346 celebratur.
1309 1288 1409 1343 Ille
1438 1305 1568 1342 vero
1603 1287 1780 1340 frater
1810 1285 1994 1340 admi-

350 1407 505 1451 rans,
542 1389 690 1441 inter
722 1401 884 1455 spem
918 1388 969 1436 et
1009 1382 1274 1435 timorem
1308 1395 1365 1432 sc
1400 1376 1657 1431 medium
1692 1376 1907 1446 posuit,
1941 1380 1997 1428 et

274 1538 275 1541 η
346 1479 533 1533 vicino
552 1474 891 1530 obedientiae
922 1467 1462 1542 pedejussissancti
1492 1466 1785 1537 pontiﬁcis
1808 1464 1998 1518 humi-

346 1567 477 1622 liter
506 1567 935 1633 obtemperans,
970 1560 1040 1613 ad
1074 1562 1306 1611 antrum
1355 1553 1693 1625 sarcophagi
1730 1553 1997 1623 perduxit

342 1672 580 1719 caecum,
612 1654 707 1724 qui
736 1666 949 1721 pernox
972 1648 1185 1702 ibidem
1214 1647 1265 1699 in
1292 1645 1549 1699 oratione
1576 1642 1915 1713 permansit,
1939 1647 1997 1697 et

343 1761 514 1800 mane
546 1744 694 1797 facto
725 1742 849 1811 jam
884 1736 1139 1807 amplius
1179 1736 1418 1789 ductore
1450 1750 1561 1786 non
1596 1732 1885 1803 indigens,
1920 1731 1993 1785 ad

341 1833 576 1906 propria
602 1847 736 1885 cum
788 1827 1002 1900 gaudio
1036 1842 1299 1879 reversus
1342 1828 1429 1878 est
1477 1822 1700 1887 videns,
1736 1820 1905 1874 corde
1938 1824 1993 1873 et

338 1924 535 1979 animo
566 1919 879 1975 Dominum
910 1914 1281 1970 benedicens.

408 2012 543 2066 CAP.
579 2008 855 2064 XLIIl.——
879 2005 1006 2060 Ηωο
1038 2002 1307 2097 revelatio
1338 2001 1507 2097 longe
1529 1999 1771 2097 lateque
1802 1998 1987 2053 divul-
2020 2032 2069 2097 B

338 2105 477 2173 gata
496 2102 603 2165 est,
631 2114 755 2169 qua:
785 2101 903 2149 tam
934 2092 1183 2147 evidenti
1218 2088 1499 2145 miraculo
1524 2090 1712 2144 fuerat
1734 2105 1993 2159 compro-

336 2190 494 2244 bata.
517 2187 736 2243 Exinde
758 2183 1017 2239 famulus
1037 2180 1253 2236 Christi
1275 2179 1548 2251 przedicto
1572 2179 1735 2233 fratri
1755 2178 1992 2232 Witsta—

335 2294 431 2345 ne,
468 2282 525 2332 et
556 2275 848 2348 plerisque
880 2271 1011 2327 aliis
1044 2287 1144 2341 per
1174 2272 1518 2323 nocturnam
1541 2268 1823 2322 visionem
1864 2284 1987 2321 ma-

334 2368 586 2422 nifestus
626 2363 917 2436 apparuit,
952 2359 1187 2431 illisque
1227 2375 1329 2430 per
1365 2358 1485 2411 hzec
1527 2362 1582 2410 et
1612 2356 1730 2411 lnec
1774 2357 1989 2411 indicia

333 2455 583 2526 aperuit,
601 2454 737 2525 quia
760 2468 1024 2522 supernae
1049 2444 1729 2518 complaeeretvoluntati
1755 2463 1887 2500 eum
1917 2447 1986 2500 de

334 2542 561 2598 tumulo
593 2540 918 2605 transferri,
945 2544 1002 2593 et
1024 2538 1196 2609 digne
1231 2537 1284 2589 in
1322 2534 1565 2589 ecclesia
1588 2534 1989 2589 collocari.\'e-

330 2633 626 2689 nerandus
648 2648 783 2703 ergo
807 2628 1065 2701 pontifex
1094 2626 1365 2697 Elfeagus
1397 2642 1698 2677 successor
1719 2625 1847 2695 ejus
1869 2624 1987 2678 ani-

330 2738 426 2777 mo
458 2722 649 2794 sagaci
677 2720 817 2774 talia
842 2734 1038 2773 secum
1073 2720 1455 2787 pertractans,
1482 2713 1848 2768 humillimas
1873 2714 1987 2768 ala-

329 2811 410 2866 cri
452 2812 623 2866 corde
664 2806 1048 2879 omnipotenti
1083 2805 1313 2860 Christo
1347 2804 1567 2873 gratias
1607 2803 1882 2868 reddidit,
1917 2821 1982 2855 eo

328 2901 481 2971 quod
505 2917 612 2956 suo
638 2904 896 2969 tempore
928 2894 1267 2967 dignarefur
1287 2893 1624 2948 omlestibus
1648 2893 1831 2963 signis
1856 2912 1983 2946 san-

327 2993 487 3043 ctum
524 3005 698 3042 suum
752 2986 1083 3040 miriﬁcare.
1119 2983 1233 3037 Nec
1279 3000 1468 3043 mora;
1523 2984 1765 3036 fratrum
1817 2981 1976 3045 eleri,

325 3078 629 3147 plebisque
664 3074 1039 3129 multitudine
1070 3076 1437 3143 congregata,
1473 3070 1749 3141 reliquias
1791 3071 1975 3124 sancti

327 3164 591 3234 praesulis
623 3162 947 3217 Adelwoldi
983 3161 1092 3215 sub
1126 3160 1217 3214 die
1239 3165 1446 3231 quarta
1477 3159 1685 3213 Iduum
1721 3160 1979 3229 Septem-

328 3254 518 3308 brium
552 3253 866 3307 honoritice
900 3248 1221 3313 transtulit,
1260 3266 1473 3319 easque
1510 3248 1563 3301 in
1597 3248 1772 3303 choro
1793 3248 1973 3303 eccle-

325 3342 422 3395 sia!
456 3341 791 3396 collocavit:
818 3340 915 3395 ubi
958 3340 1011 3392 in
1056 3356 1265 3409 magna
1291 3338 1653 3391 veneratimic
1688 3337 1975 3392 habentur

324 3448 509 3501 usque
542 3431 596 3484 in
632 3433 975 3500 prmsentem
1005 3428 1182 3489 diem,
1207 3428 1304 3481 ubi
1338 3427 1511 3481 etiam
1546 3427 1716 3481 nobis
1750 3428 1975 3481 intuen-
2004 3401 2048 3468 α

322 3519 481 3574 tibus
511 3518 765 3574 ecelestia
815 3523 953 3572 sunt
986 3521 1315 3589 perpetrata
1366 3516 1667 3581 miracula,
1700 3534 1729 3570 e
1761 3518 1972 3589 quibus

321 3609 436 3662 dua
467 3609 715 3662 breviter
747 3609 816 3662 ad
854 3606 1149 3661 lirmitatis
1182 3604 1462 3660 indicium
1497 3606 1965 3676 perstrinximus.

388 3698 521 3752 CAP.
574 3696 763 3751 XLIV.
808 3730 873 3736 νο-
925 3697 1054 3750 Erat
1120 3712 1186 3749 eo
1246 3699 1505 3767 tempore.
1565 3696 1615 3748 in
1678 3696 1968 3749 \Ventana

316 3786 456 3841 urbe
488 3786 679 3858 puella
709 3787 975 3858 qumdam
1012 3784 1268 3856 parvula,
1293 3786 1601 3857 cujusdam
1631 3785 1963 3839 Artelwardi

313 3875 613 3929 domestici
670 3874 806 3941 lilia,
843 3893 969 3945 qua:
1002 3874 1177 3928 nimis
1228 3874 1655 3939 inﬁrmabatur,
1692 3878 1746 3927 et
1779 3891 1964 3945 usque

312 3965 384 4017 ad
417 3969 660 4019 martem
687 3982 830 4035 pene
856 3965 1255 4035 torquebatur.
1292 3964 1419 4017 Hme
1442 3981 1475 4017 a
1498 3968 1682 4017 matre
1715 3964 1961 4018 deducta

312 4052 385 4104 ad
413 4052 514 4104 viri
548 4052 645 4105 Dei
686 4051 1000 4115 tumulum,
1036 4052 1385 4106 obdormivit
1424 4051 1752 4122 paululum.
1779 4052 1958 4105 Proti-

312 4157 420 4193 nus
451 4139 731 4210 evigilans
764 4158 908 4193 sana
954 4141 1225 4207 surrexit,
1251 4146 1306 4194 et
1338 4141 1600 4211 gaudens
1632 4157 1765 4194 cum
1797 4142 1957 4211 geni-

309 4226 446 4282 trice
479 4228 717 4282 domum
752 4229 943 4282 rediit.

376 4316 512 4371 CAP.
536 4316 934 4371 XLV—Puer
953 4317 1128 4371 etiam
1154 4317 1391 4387 quidam
1418 4316 1715 4387 parvulus,
1740 4318 1955 4373 .Elfﬁni

305 4406 615 4476 cujusdam
668 4406 958 4460 mansueti
994 4410 1049 4460 et
1082 4407 1327 4461 modesti
1365 4406 1469 4459 viri
1518 4404 1694 4473 ﬁlius,
1738 4407 1795 4461 in
1830 4409 1955 4479 ipsa

306 4493 551 4549 infantia
584 4495 804 4550 lumine
835 4500 925 4548 est
966 4495 1245 4564 privatus,
1280 4499 1335 4547 et
1384 4498 1661 4550 maternis
1694 4496 1849 4551 ulnis
1882 4500 1950 4552 ad

302 4584 612 4638 venerandi
652 4584 833 4637 Patris
873 4582 1196 4637 Adelwwldi
1240 4583 1573 4654 sepulcrum
1617 4586 1949 4655 perductus.

303 4671 515 4725 Mirum
549 4671 728 4738 dictu,
757 4689 889 4725 mox
916 4671 1102 4743 caligo
1124 4671 1394 4725 i'au-itatis
1418 4674 1722 4741 abscessit,
1748 4679 1799 4729 et
1824 4693 1954 4731 ocu-

2115 756 2408 822 torqueor,
2463 751 2601 823 quia
2650 754 2982 823 frequenter
3035 752 3091 805 in
3146 752 3318 806 furtis
3369 752 3775 823 deprehensus

2114 856 2268 909 sum,
2299 845 2358 895 et
2389 841 2461 895 ab
2511 842 2595 895 eis
2644 857 2757 896 non
2806 842 3056 903 cessavi;
3110 843 3209 895 sed
3272 841 3428 896 mala
3479 859 3605 914 quae
3667 845 3771 898 feci

2116 928 2325 985 iterum
2357 934 2532 1001 atque
2554 930 2764 984 iterum
2790 930 3048 1000 repetivi.
3075 955 3100 980 υ
3129 931 3277 985 Tum
3302 936 3545 986 sanctus
3569 948 3619 985 ;‹‹
3644 932 3777 987 Ces-

2111 1035 2196 1083 sa,
2222 1018 2433 1090 inquit,
2456 1018 2541 1073 vel
2575 1020 2749 1074 modo
2781 1019 2962 1074 miser
2984 1037 3017 1073 a
3047 1018 3235 1083 furtis,
3259 1036 3445 1081 cessa,
3472 1024 3527 1074 et
3560 1022 3644 1073 sis
3676 1039 3767 1075 so-

2109 1104 2272 1161 lutus
2296 1125 2329 1161 a
2351 1123 2499 1162 nexu
2522 1107 2822 1180 compedis
2849 1106 3085 1178 hujus.»
3112 1108 3373 1163 Surrexit
3400 1107 3556 1162 illico
3591 1111 3773 1163 miser

2110 1193 2207 1249 ille
2239 1196 2566 1263 absolutus,
2591 1202 2648 1251 et
2679 1197 2876 1251 exiens
2904 1196 3037 1251 inde
3069 1197 3242 1259 venit,
3268 1201 3325 1251 et
3346 1198 3599 1268 procidit
3632 1205 3767 1253 ante

2110 1283 2285 1353 pedes
2315 1285 2552 1357 .Elfeagi
2586 1285 2862 1357 episcopi,
2892 1286 3261 1357 narravitque
3292 1286 3341 1340 ei
3378 1303 3498 1340 rem
3535 1292 3763 1359 gestam

2107 1370 2262 1427 circa
2283 1390 2344 1428 se
2376 1391 2477 1445 per
2496 1375 2783 1439 ordinem,
2807 1378 2864 1430 et
2882 1371 2979 1428 ille
3007 1391 3109 1445 pro
3140 1374 3357 1427 honore
3391 1376 3538 1428 tanti
3579 1375 3765 1429 Patris

2109 1461 2243 1516 sivit
2272 1479 2406 1517 eum
2438 1463 2598 1518 abire
2637 1463 2996 1519 indemnem.
3030 1463 3269 1518 Constat
3300 1481 3436 1535 ergo
3490 1470 3761 1518 sanctum

2107 1550 2262 1605 hunc
2295 1556 2518 1607 aeternae
2548 1551 2678 1606 vitze
2728 1552 3109 1623 coniunctum
3149 1552 3361 1606 virtute
3412 1553 3758 1608 meritorum

2106 1656 2368 1706 suorum,
2385 1655 2555 1711 posse
2576 1658 2683 1695 nos
2705 1659 2739 1695 a
2760 1646 3131 1713 peccatorum
3157 1647 3488 1696 nostrorum
3510 1642 3759 1697 vinculis

2104 1726 2345 1796 solvere,
2374 1734 2431 1785 et
2460 1731 2532 1785 ad
2564 1729 2822 1787 caelestia
2862 1747 3038 1802 regna
3078 1732 3411 1803 perducere,
3439 1732 3533 1784 cui
3568 1732 3758 1787 adhuc

2106 1816 2163 1871 in
2194 1835 2367 1874 carne
2401 1819 2633 1889 degenti
2678 1818 2907 1875 ccnlitus
2937 1837 3213 1875 concessa
3257 1825 3345 1875 est
3396 1825 3658 1891 potestas
3691 1820 3756 1874 li-

2103 1907 2279 1976 gandi
2311 1912 2483 1980 atque
2510 1908 2790 1973 solvendi,
2825 1912 3136 1980 prmstante
3169 1909 3414 1963 Domino
3437 1914 3641 1963 nostro
3669 1910 3759 1964 Je-

2102 2012 2170 2049 su
2193 1996 2557 2069 Christo,qui
2593 2015 2725 2053 cum
2758 1999 2874 2054 Deo
2905 2005 3188 2053 cowterno
3224 1999 3407 2063 Patre,
3432 2003 3489 2053 et
3533 2000 3753 2069 Spiritu

2102 2090 2303 2140 sancto
2350 2086 2489 2141 vivit
2538 2093 2595 2142 et
2646 2092 2850 2160 regnat
2897 2087 3071 2155 Deus,
3106 2105 3207 2159 per
3258 2087 3489 2143 inﬁnita
3543 2088 3753 2143 smcula

2101 2174 2469 2230 sreculorum.
2506 2178 2711 2233 Amen.

2102 2358 2330 2443 Incipit?
2365 2359 2615 2443 hymnus
2653 2361 2714 2420 in
2757 2361 2975 2422 honore
3020 2361 3090 2421 S.
3122 2358 3463 2443 Αίίειίῑυοίιζί
3481 2362 3754 2443 praesulis

2177 2459 2207 2499 ρ

2232 2442 2432 2520 'egz'aco
2462 2452 2522 2501 et
2542 2443 2891 2522 parauerit-0
2920 2443 3184 2502 carmine
3218 2462 3333 2521 per
3369 2442 3752 2521 alp/zabetum

2175 2522 2545 2599 compositus,

2094 2636 2265 2691 Alma
2288 2636 2525 2693 lucerna
2557 2637 2753 2705 micat,
2788 2637 2985 2693 lumen
3022 2637 3347 2709 pepuloque
3382 2638 3681 2694 ministrat

2167 2725 2381 2781 Prmsul
2413 2726 2813 2793 Adelwoldus,
2845 2727 2999 2782 alma
3032 2727 3269 2783 lucerna
3296 2727 3496 2782 micat.

2094 2814 2346 2887 Belliger
2376 2815 2487 2871 iste
2517 2816 2619 2871 Dei
2649 2817 2908 2871 victricia
2936 2816 3089 2872 bella
3122 2817 3360 2887 peregit,

2164 2906 2310 2960 Acer
2338 2905 2397 2959 in
2430 2923 2595 2960 arma
2625 2906 2741 2960 ruit
2770 2906 3015 2976 belliger
3044 2906 3150 2960 iste
3181 2906 3306 2959 Dei.

2090 2993 2272 3063 Cujus
2304 2996 2375 3049 ab
2407 3012 2505 3049 ore
2537 3012 2701 3049 sacro
2734 2995 3029 3049 fluxerunt
3059 2996 3335 3065 dogmata
3360 2996 3509 3057 vitae,

2160 3083 2481 3138 Hausimus
2512 3100 2683 3138 omne
2715 3084 2935 3138 bonum
2966 3083 3137 3153 cujus
3168 3084 3238 3138 ab
3272 3100 3370 3138 ore
3398 3101 3588 3138 sacro.

2087 3170 2293 3226 Dulcia
2322 3174 2494 3227 corde
2525 3175 2619 3246 pio
2650 3189 2991 3228 resonemus
3022 3172 3245 3226 cantica
3280 3172 3453 3237 Patri,

2158 3261 2431 3317 Carmina
2460 3267 2765 3317 cantemus
2796 3261 2991 3317 dulcia
3021 3262 3191 3317 corde
3230 3262 3342 3331 pio.

2084 3350 2228 3407 Ecce
2258 3356 2526 3406 coruscat
2554 3369 2699 3423 apex
2729 3351 2835 3407 tibi
2861 3350 3212 3423 pontiﬁcalis
3244 3351 3477 3405 abunde

2156 3438 2300 3494 Hinc
2332 3439 2612 3511 illiocque
2643 3445 2782 3495 tuus
2821 3457 2952 3495 ecce
2984 3446 3251 3495 coruscat
3283 3457 3449 3510 apex.

2084 3529 2235 3584 Fons
2266 3532 2323 3585 et
2352 3530 2512 3602 origo
2544 3530 2679 3584 boni
2713 3535 2769 3584 te
2796 3531 2971 3585 verba
3002 3532 3227 3585 serente
3258 3530 3540 3595 cucurrit,

2154 3618 2215 3672 In
2250 3622 2305 3674 te
2337 3620 2595 3673 manavit
2624 3619 2754 3674 fons
2786 3623 2843 3673 et
2870 3619 3030 3691 origo
3062 3620 3219 3673 boni.

2081 3706 2279 3763 Gloria
2308 3724 2518 3780 perpes
2551 3707 2661 3763 erit
2690 3706 2795 3763 tibi
2828 3726 2985 3762 nunc
3016 3708 3259 3778 ideoque
3295 3725 3397 3778 per
3438 3726 3629 3762 ervum

2150 3798 2333 3862 Quam
2365 3798 2573 3853 merito
2606 3797 2841 3863 retines,
2876 3796 3061 3867 gloria
3091 3797 3429 3867 perpeserit.

2074 3885 2267 3956 Hujus
2296 3903 2493 3942 amore
2524 3885 2718 3959 gregis
2749 3884 3015 3957 sprevisti
3049 3884 3278 3956 spicula
3307 3886 3540 3948 mortis,

2146 3973 2370 4031 Pellens
2400 3975 2540 4030 hinc
2572 3975 2748 4030 fortes
2778 3974 2958 4046 hujus
2980 3991 3175 4029 amore
3206 3975 3421 4046 gregis.

2072 4061 2334 4134 Inclytus
2365 4068 2543 4135 atque
2575 4067 2782 4135 potens
2812 4067 2869 4117 te
2899 4080 2995 4119 rex
3024 4063 3319 4117 adamavit.
3351 4063 3601 4133 Eadgar,

2143 4151 2223 4206 Te
2254 4153 2542 4208 monitore
2574 4153 2771 4223 vigens
2803 4152 3058 4223 inclytus
3090 4157 3264 4223 atque
3295 4156 3526 4223 potens.

2070 4239 2282 4295 Kastra
2310 4241 2411 4296 Dei
2444 4241 2685 4297 reboant
2716 4246 2772 4295 te
2802 4242 3195 4296 constituente
3224 4240 3507 4305 celeuma,

2140 4328 2603 4402 Davidicumque
2636 4330 2819 4386 melos
2850 4337 3045 4385 castra
3074 4330 3171 4385 Dei
3207 4330 3468 4384 reboant.

2067 4417 2369 4474 Laudibus
2399 4418 2727 4474 innumeris
2758 4419 2863 4479 tibi
2906 4419 3077 4473 turba
3118 4419 3443 4473 monastica
3474 4419 3565 4491 pla
3580 4423 3726 4479 udit.

2137 4505 2589 4579 Conjubilatque
2622 4508 2724 4563 tibi
2756 4508 3031 4563 laudibus
3064 4508 3410 4563 innumeris.

2068 4593 2281 4650 Mamia
2311 4594 2467 4652 celsa
2497 4597 2709 4652 domus
2740 4600 2841 4652 tua
2871 4614 3013 4652 cura
3042 4596 3328 4651 levaverat
3358 4595 3563 4668 hujus,

2136 4682 2385 4756 Haecque
2414 4685 2631 4740 dicavit
2663 4703 2842 4741 ovans
2874 4686 3090 4740 moenia
3120 4685 3273 4741 celsa
3302 4686 3537 4741 domus.

266 4758 273 4769 ’
301 4757 387 4811 lOS
424 4760 585 4831 pueri
619 4761 856 4814 veniens
888 4760 1164 4830 splendor
1206 4760 1351 4815 ltlL'iS
1383 4761 1627 4832 aperuit,
1660 4765 1815 4818 omni
1851 4783 1948 4835 ΡΟ-
1978 4773 2036 4838 D
2062 4771 2242 4828 Nocte
2272 4772 2482 4843 dieque
2515 4792 2749 4829 sacrum
2781 4774 3085 4829 celebrasti
3124 4776 3372 4845 pectoris
3406 4775 3724 4847 hymnum.

301 4846 436 4916 pulo
488 4849 910 4919 congaudente,
947 4854 1001 4903 et
1057 4855 1175 4902 tota.
1226 4851 1523 4904 devotione
1560 4851 1818 4921 Christo,
1854 4857 1948 4925 qui

298 4940 511 4989 cuncta
543 4940 751 5006 potest,
792 4937 1038 4991 fideliter
1066 4939 1286 5008 gratias
1318 4945 1543 5011 agente.

367 5024 957 5079 CAP.XL\'I.—-.\'ee
1018 5028 1250 5081 silentio
1310 5032 1777 5099 pra-tereundum
1837 5040 1942 5099 est,

296 5113 451 5183 quod
484 5113 795 5184 praedictus
846 5117 1028 5169 sancti
1071 5117 1175 5170 viri
1228 5134 1529 5174 successor
1576 5120 1813 5192 Elfagus
1844 5142 1943 5177 au-

298 5202 814 5273 tistes,quemdam
841 5204 1025 5258 furem
1050 5222 1154 5276 pro
1177 5206 1485 5277 multiplici
1513 5214 1674 5263 reatu
1700 5210 1945 5281 ﬂagellis

294 5307 531 5356 czesum,
558 5291 706 5344 mitti
734 5292 917 5361 jussit
949 5293 1005 5347 in
1035 5295 1268 5365 cippum
1294 5297 1618 5353 acrioribus
1640 5298 1945 5371 suppliciis

292 5378 697 5432 cruciandum.
732 5381 995 5451 Cumque
1046 5384 1143 5437 diu
1196 5384 1277 5437 sie
1328 5385 1383 5437 in
1435 5388 1620 5455 poenis
1660 5389 1945 5457 jaeuisset

291 5467 629 5533 damnatus,
657 5470 909 5539 quadam
961 5476 1129 5525 nocte
1160 5473 1318 5526 venit
1357 5474 1427 5528 ad
1469 5493 1599 5529 eum
1635 5476 1690 5529 in
1723 5478 1943 5534 visione

288 5559 531 5611 sanctus
555 5554 653 5610 Dei
679 5558 937 5627 pontifex
957 5559 1429 5629 Adelwoldus,et
1459 5564 1539 5616 ait
1561 5563 1641 5621 iUi
1670 5582 1719 5618 ;‹‹
1745 5565 1939 5635 Miser,

284 5661 390 5700 cur
421 5647 583 5698 tanto
618 5648 877 5716 tempore
908 5648 991 5701 sic
1032 5648 1091 5701 in
1128 5654 1334 5705 trunco
1367 5653 1530 5721 jaees
1571 5658 1937 5711 extensus?»

277 5732 470 5789 Atille
496 5750 922 5801 recognoscens
956 5741 1224 5791 sanctum
1248 5738 1647 5813 virum,quem
1674 5761 1823 5813 saepe
1855 5746 1904 5797 vi
1930 5778 1942 5787 -

283 5823 450 5879 derat
480 5822 541 5878 in
573 5823 692 5879 vita
723 5823 979 5893 mortali,
1009 5826 1309 5897 respondit
1343 5845 1355 5885 :
1383 5851 1411 5877 ‹‹
1442 5829 1680 5900 Dignos,
1708 5831 1941 5887 domine

2136 4859 2377 4917 Solvens
2407 4863 2664 4918 ofﬁcium
2703 4868 2870 4918 nocte
2902 4864 3111 4935 dieque
3145 4881 3398 4919 sacrum.

2062 4949 2351 5005 Omnibus
2381 4950 2559 5021 inque
2594 4951 2738 5007 locis
2770 4953 3036 5024 sparsisti
3072 4954 3297 5008 semina
3326 4952 3497 5013 lucis.

2131 5037 2449 5110 Expuleras
2481 5041 2752 5096 tenebras
2783 5042 3057 5097 omnibus
3090 5042 3266 5113 inque
3298 5042 3461 5098 locis.

2060 5125 2307 5198 Pervigil
2340 5134 2464 5183 esto
2498 5129 2635 5196 tuis,
2671 5131 2947 5201 petimus,
2983 5131 3254 5185 defensor
3287 5129 3575 5199 alumnis,

2132 5215 2431 5272 Protector
2460 5217 2697 5273 famulis
2729 5218 2969 5291 pervigil
3003 5224 3128 5274 esto
3158 5220 3296 5273 tuis.

2059 5305 2311 5376 Quaeque
2360 5310 2593 5374 nocent,
2636 5322 2852 5375 reseca,
2906 5324 3031 5379 quas-
3086 5312 3225 5362 sunt
3273 5314 3329 5361 et
3379 5313 3715 5373 commoda,

3369 5397 3646 5470 [prmstaz

2127 5484 2261 5548 Quae
2293 5483 2448 5540 bona
2487 5490 2647 5553 sunt,
2684 5502 2906 5555 revoca,
2942 5504 3185 5559 quaeque
3224 5492 3454 5548 nocent.
3493 5506 3710 5545 reseca.

2055 5571 2266 5627 Rector
2297 5573 2629 5644 apostolica:
2658 5559 2793 5630 felix
2824 5581 2881 5631 et
2904 5576 3129 5647 janitor
3160 5575 3303 5630 aula:

2126 5660 2315 5732 Hujus
2346 5668 2403 5717 et
2434 5662 2702 5718 Ecclesia:
2735 5670 2925 5720 rector
2960 5664 3311 5737 apostolicae,

2053 5749 2217 5805 Solve
2252 5755 2385 5805 tuos
2418 5751 2669 5807 famulos
2696 5753 2844 5808 Petri
2874 5755 3015 5819 vice,
3051 5752 3203 5809 solve
3235 5753 3470 5827 ligatos,

2124 5837 2240 5893 Nos
2274 5856 2303 5891 a
2336 5841 2593 5911 peccatis
2627 5842 2782 5897 solve
2815 5848 2948 5898 tuos
2982 5841 3252 5898 famulos.
