3868 6476
547 131 939 142 --ντ-
1004 132 1031 134 ν

200 526 313 583 105

194 658 277 715 Te
308 658 476 728 duce,
510 659 775 716 stalliferi
807 661 1163 718 scandamus
1197 665 1260 717 ut
1291 662 1438 717 atria
1469 660 1618 728 0021i,

266 747 585 822 Participes
618 750 802 823 regni,
835 753 892 805 te
921 751 1088 819 duce,
1123 748 1404 807 stellifcri.

191 834 473 894 Versibus
503 837 860 911 hymnidicis
892 837 1014 894 haec
1045 838 1308 894 carmina
1338 836 1674 910 pangimus,
1708 842 1765 893 et
1792 841 1850 894 te

263 923 579 982 Patronum
612 927 861 984 colimus
892 928 1157 984 versibus
1185 926 1560 1001 hymnidicis.

187 1013 567 1072 Christicolas
595 1017 825 1073 animas
857 1018 996 1090 quia
1027 1015 1418 1089 multiplicare
1449 1015 1699 1083 solebas,

258 1105 341 1159 Ad
376 1105 543 1161 caelos
577 1123 853 1163 revocans
884 1106 1257 1162 Christicolas
1290 1105 1539 1160 animas.

184 1192 342 1249 Ydra
373 1211 587 1251 nocens
620 1196 823 1268 fugiat,
858 1212 932 1252 ne
962 1213 1068 1252 nos
1098 1212 1201 1269 per
1228 1194 1393 1250 devia
1418 1193 1582 1249 ludat
1615 1209 1627 1247 :

257 1282 374 1338 Nos
406 1288 506 1339 tua
533 1285 735 1340 dextra
766 1289 940 1359 tegat,
970 1284 1155 1358 hydra
1187 1300 1403 1339 nocens
1434 1283 1640 1355 fugiat.

181 1371 325 1428 Elus
353 1374 558 1430 obesse
590 1374 814 1447 nequit,
845 1374 1074 1430 Christo
1107 1375 1419 1447 superante
1468 1372 1790 1445 malignum
1826 1388 1838 1425 :

258 1460 527 1518 Christus
558 1464 722 1519 adest
752 1462 951 1532 victor,
986 1461 1146 1519 zelus
1177 1462 1382 1518 obesse
1414 1460 1637 1533 nequit.

179 1551 411 1623 Aspice,
447 1556 647 1609 sancte
680 1552 864 1621 Pater,
898 1569 1026 1625 quae
1052 1569 1158 1608 nos
1188 1552 1434 1608 adversa
1462 1549 1711 1627 fatigant
1742 1566 1755 1603 :

257 1640 392 1706 Quae
422 1639 580 1697 mala
605 1659 711 1699 nos
740 1641 1019 1712 lacerant,
1054 1639 1269 1714 aspice,
1303 1643 1502 1696 sancte
1534 1638 1719 1694 Pater.

181 1726 345 1787 Mitis
374 1730 575 1786 adesto
608 1730 723 1787 tuis
752 1730 855 1787 tibi
889 1730 988 1802 qui
1022 1729 1386 1785 famulantur
1414 1727 1691 1784 alumnis.

256 1819 365 1885 Qui
394 1823 450 1875 te
481 1818 837 1888 collaudant,
870 1819 1031 1874 mitis
1060 1819 1261 1873 adesto
1291 1816 1429 1873 tuis.

174 1906 373 1981 Eripe,
409 1914 626 1982 pastor,
659 1925 814 1976 oves,
848 1907 1045 1964 animo
1072 1924 1219 1980 quas
1249 1923 1483 1977 semper
1511 1904 1742 1973 amasti,

252 1997 324 2052 Et
348 2015 498 2070 quas
529 1996 819 2053 nutrieras
849 1997 1027 2069 eripe,
1058 1999 1275 2068 pastor,
1310 2011 1463 2051 oves.

169 2085 433 2142 Nomina
462 2090 664 2142 nostra
692 2089 853 2142 notet
879 2101 995 2158 quo
1027 2084 1295 2141 Christus
1314 2083 1373 2139 in
1405 2098 1537 2139 arce
1565 2080 1847 2154 polorum,

251 2174 398 2231 Cum
433 2177 770 2248 sanctisque
796 2175 921 2232 suis
944 2173 1184 2231 nomina
1202 2178 1404 2229 nostra
1423 2176 1601 2231 notet.
1624 2172 1830 2227 Amen.

168 2361 459 2445 Hymnus
515 2360 926 2441 vespertihalis
1000 2359 1262 2441 Saplu'co
1320 2368 1509 2421 metro
1583 2359 1831 2423 endem-

257 2452 488 2534 syllabo
541 2449 751 2525 editus,
799 2449 1095 2511 Adom'um
1151 2457 1367 2530 quarto
1424 2452 1723 2512 continens
1770 2453 1832 2513 in

261 2540 407 2602 loco.

251 2703 506 2776 Inclytus
537 2706 738 2775 pastor
767 2680 1083 2774 populique
1113 2705 1320 2768 rector,

246 2784 431 2854 Cujus
462 2782 753 2856 insignem
785 2781 1041 2839 colimus
1063 2780 1452 2853 triumphum.

247 2865 415 2920 Nunc
444 2862 820 2919 Adelwoldus
851 2862 979 2917 sine
1007 2861 1123 2915 fine
1148 2861 1313 2917 laetus

462 2953 689 3026 Regnat
719 2951 780 3021 in
809 2949 1007 3006 astris.

244 3034 356 3101 Qui
388 3033 557 3089 Pater
585 3035 784 3087 noster
814 3030 926 3085 fuit
955 3032 1013 3086 et
1044 3030 1344 3103 magister,

241 3122 538 3179 Exhibens
569 3137 747 3178 sacrm
778 3120 1131 3176 documenta
1159 3119 1308 3187 vita},

240 3214 314 3269 Et
344 3213 460 3268 Deo
490 3227 722 3284 semper
751 3213 1025 3282 satagens
1056 3207 1284 3280 placere

457 3301 641 3359 Corde
669 3298 945 3372 benigno.

239 3390 288 3447 Ο
315 3389 472 3446 diem
501 3392 793 3456 sanctum,
827 3387 1135 3455 celebrem,
1167 3403 1499 3455 coruscum,

239 3481 429 3547 Quem
460 3478 561 3534 Dei
588 3477 758 3534 nobis
789 3477 974 3550 pictas
1005 3476 1274 3543 sacravit,

240 3568 319 3626 Ut
350 3569 503 3625 Patri
534 3571 696 3624 tanto
726 3582 1089 3623 mereremur
1118 3564 1341 3620 almum

463 3658 733 3713 Promere
761 3655 1034 3713 cantuml

242 3745 416 3803 Nunc
444 3761 580 3800 eum
607 3745 743 3801 nisu
774 3743 1096 3816 rogitemus
1126 3741 1307 3809 omni,

241 3843 461 3900 Abluat
490 3847 758 3899 nostrum
789 3840 923 3914 pius
955 3844 1021 3896 ut
1049 3843 1301 3904 reatum,

242 3934 317 3990 Et
344 3949 456 3990 sua
483 3936 688 3989 sancta
716 3947 886 4005 prece
915 3946 1023 3986 nos
1054 3930 1127 3985 ad
1159 3928 1344 3985 altum

459 4021 647 4078 Ducat
674 4019 996 4095 olympum.

241 4112 335 4170 Sit
362 4111 479 4168 Deo
508 4108 619 4168 soli
649 4111 831 4167 decus
858 4113 918 4166 et
939 4111 1217 4182 potestas,

241 4202 401 4259 Laus
422 4200 491 4257 in
519 4198 784 4268 excelsis,
817 4197 1006 4255 honor
1034 4212 1101 4253 ac
1130 4195 1424 4270 perennis,

240 4290 353 4360 Qui
383 4289 509 4347 suis
538 4293 728 4346 totum
759 4287 1070 4345 moderans
1101 4286 1391 4360 gubernat

460 4378 712 4453 Legibus
738 4377 962 4435 orbem.
994 4377 1201 4433 Amen.

163 4468 313 4528 Caeli
345 4471 581 4525 senator
605 4466 839 4540 inclyte,
867 4469 1070 4522 sancte
1101 4464 1269 4520 Pater
1293 4461 1562 4519 Ecclesia:

161 4556 531 4626 Adelwolde,
565 4555 862 4629 supplices
891 4559 1027 4612 tuos
1055 4552 1265 4611 exaudi
1296 4551 1576 4609 servulos.

164 4650 303 4707 Jam
337 4647 507 4717 sidus
533 4646 688 4703 inter
714 4644 928 4713 sidera,
962 4641 1300 4715 resplendes
1331 4658 1509 4714 super
1538 4641 1771 4710 aathera,

164 4736 352 4794 Nobis
381 4734 674 4810 benignus
702 4733 953 4806 impetra
981 4729 1262 4788 Paracleti
1292 4729 1669 4788 charismata.

167 4826 378 4884 Pronis
410 4840 689 4900 rogamus
714 4822 1012 4879 mentibus
1043 4820 1138 4877 hic
1169 4836 1365 4877 coram
1396 4818 1514 4883 tuis
1560 4816 1827 4889 artubus,

165 4914 399 4974 Nostris
431 4914 633 4972 adesto
664 4912 937 4987 precibus
966 4926 1209 4967 serenus
1240 4926 1308 4966 ac
1338 4907 1646 4981 propitius.

167 5006 244 5063 Ut
271 5004 394 5061 tuis
426 4999 772 5059 necessariis
803 4998 1048 5075 protecti
1079 4998 1417 5071 patrocinia,

163 5096 254 5152 Ad
286 5092 571 5149 ccelorum
602 5096 888 5165 perpetua
917 5087 1326 5163 perveniamus
1356 5085 1591 5159 gaudia,

131 5250 142 5257 _
170 5184 413 5240 Praestet
443 5180 614 5238 nobis
644 5180 945 5254 Ingenitus
976 5178 1085 5235 hoc
1115 5181 1290 5248 atque
1321 5173 1686 5248 Unigenitus,

169 5275 428 5331 Sanctus
444 5272 751 5327 amborum
773 5268 1047 5342 Spiritus,
1065 5267 1256 5323 trinus
1273 5268 1329 5321 et
1347 5282 1501 5320 unus
1524 5262 1828 5319 Dominus.

459 5363 666 5416 Amen.

872 5494 1136 5552 Oremus.

244 5614 424 5683 Deus,
459 5610 561 5685 qui
593 5607 855 5684 praeclari
885 5606 1095 5666 sideris
1125 5604 1311 5662 sancti
1344 5600 1635 5676 pontiﬁcis
1663 5597 1833 5655 Adel-

169 5703 358 5763 woldi
410 5699 1069 5769 illustratione,-ncvam
1110 5692 1343 5768 populis
1376 5690 1700 5764 Anglorum
1730 5687 1834 5743 tri-

173 5791 359 5851 buisti
378 5790 574 5848 lucem
587 5787 875 5846 hodierna
886 5787 986 5844 die
1000 5785 1354 5843 clarescere:
1364 5777 1717 5854 suppliciter
1731 5774 1838 5832 im-

173 5883 486 5959 ploramus
504 5877 899 5948 clementiam,
915 5879 982 5933 ut
1008 5874 1181 5948 cujus
1202 5868 1539 5945 magisterio
1556 5866 1737 5925 totius
1756 5881 1839 5923 re-

501 5982 771 6045 PATROL.
808 5975 1149 6040 CXXXVII.

1798 525 2005 590 VITA.

1881 663 1938 728 Α
1969 659 2204 733 ligionis
2234 662 2587 717 documenta
2631 660 3031 733 cognovimus,
3067 678 3221 717 unus
3251 666 3306 717 et
3336 662 3617 736 exemplis

1862 2026 1912 2107 B

1861 3411 1911 3475 D

3501 533 3617 592 106

1960 748 2369 817 informemur,
2401 752 2458 804 et
2490 749 2829 822 patrociniis
2860 750 3225 820 adjuvemur.
3260 750 3383 807 Per.

2603 855 2689 911 Ad
2716 857 2970 911 missam.

2029 962 2204 1029 Deus,
2239 962 2338 1034 qui
2373 962 2714 1018 hodiernam
2746 962 2899 1019 diem
2932 963 3083 1018 beati
3123 964 3475 1019 confessoris
3524 966 3609 1020 tui

1954 1050 2280 1106 Adelwoldi
2312 1051 2569 1124 episcopi
2600 1052 2850 1106 transitu
2883 1052 3052 1107 nobis
3082 1051 3485 1109 honorabilem
3518 1055 3612 1109 de-

1956 1138 2164 1195 dicasti
2197 1157 2210 1196 :
2248 1141 2499 1196 concede
2530 1140 2839 1212 propitius,
2876 1146 2942 1196 ut
2967 1142 3137 1213 cujus
3168 1141 3492 1199 eruditione
3513 1162 3606 1200 vc-

1955 1227 2142 1284 ritatis
2186 1231 2300 1283 tuae
2350 1229 2478 1284 luce
2528 1230 2957 1301 perl’undimur,
3009 1230 3140 1302 ejus
3190 1230 3608 1289 intercessione

1952 1315 2204 1373 caelestis
2224 1317 2352 1372 vita:
2381 1317 2598 1389 gaudia
2629 1333 3080 1389 consequamur.
3113 1319 3236 1375 Per.

2649 1426 2905 1482 Secrela.

2021 1528 2229 1585 Oblata
2271 1530 2568 1587 servitutis
2615 1538 2827 1587 nostrae
2876 1547 3123 1587 munera
3176 1532 3301 1600 tibi,
3336 1534 3598 1601 Domine,

1948 1631 2293 1689 quaesumus
2331 1636 2529 1675 annua
2574 1619 2765 1676 sancti
2814 1619 3001 1676 Patris
3045 1619 3231 1677 nostri
3276 1621 3603 1680 Adelwoldi

1947 1706 2205 1780 episcopi
2232 1707 2574 1765 solemnitas
2593 1709 2963 1765 commendet
2982 1713 3217 1782 accepta
3235 1727 3248 1766 :
3272 1714 3336 1766 ut
3356 1712 3484 1783 ejus
3506 1711 3603 1785 pia

1945 1795 2372 1867 supplicatione
2404 1797 2636 1865 muniti,
2675 1802 3018 1854 cunctorum
3042 1801 3376 1854 nostrorum
3399 1799 3602 1857 remis-

1946 1882 2169 1939 sionem
2188 1885 2593 1957 peccaminum
2614 1890 2671 1943 et
2692 1886 3075 1943 beatitudinis
3095 1887 3461 1961 sempiterna:
3486 1905 3600 1944 mc-

1945 1988 2181 2030 reamur
2209 1975 2470 2032 obtinere
2500 1974 2881 2033 consortium.
2916 1976 3041 2032 Per.

2620 2082 2919 2154 Pra/‘alio.

2013 2178 2081 2233 V.
2118 2179 2184 2235 D.
2210 2184 2420 2237 aeterne
2448 2181 2623 2249 Deus,
2651 2180 2931 2253 quoniam
2953 2181 3119 2236 adest
3139 2180 3308 2236 nobis
3328 2181 3597 2252 jucunda

1941 2271 1998 2323 et
2040 2268 2231 2325 votiva
2278 2268 2581 2340 praesentis
2628 2268 2742 2324 diei
2789 2268 3009 2339 latitia,
3049 2284 3229 2341 quam
3278 2270 3596 2341 Apostolici

1941 2356 2220 2414 culminis
2278 2358 2498 2414 honore
2564 2358 2917 2425 sublimem,
2978 2373 3260 2429 roseoque
3331 2359 3595 2432 martyrii

1940 2461 2147 2503 cruore
2176 2446 2518 2516 solemnem,
2547 2446 2785 2520 gloriosi
2811 2445 3063 2519 potiﬁcis
3079 2444 3447 2503 Andelwoldi
3478 2465 3596 2505 mo-

1940 2535 2124 2591 derna
2151 2534 2485 2592 celebritate
2514 2535 2891 2603 consecrasti,
2924 2539 2982 2591 et
3019 2551 3187 2607 spem
3218 2535 3387 2592 nobis
3420 2540 3593 2593 tanta:

1940 2624 2167 2680 fiduciae
2190 2624 2512 2693 contulisti,
2539 2628 2603 2681 ut
2632 2641 2738 2682 nos
2766 2624 3024 2696 paternis
3045 2625 3175 2695 ejus
3199 2624 3516 2697 suffragiis,
3537 2629 3597 2680 et

1940 2729 1974 2768 a
2004 2718 2374 2786 peccatorum
2407 2717 2742 2770 nostrorum
2774 2712 3018 2768 nexibus
3062 2711 3253 2769 solvas
3280 2717 3336 2768 et
3366 2715 3437 2769 ad
3479 2731 3590 2769 ccc-

1939 2800 2107 2859 lestia
2138 2821 2317 2877 regna
2345 2804 2650 2876 perducas.
2687 2803 2794 2857 Per
2821 2801 3142 2858 Christum.

2521 2909 3004 2967 Postcommunio.

2012 3013 2295 3079 Refectos,
2328 3008 2591 3077 Domine,
2623 3007 2817 3063 vitalis
2848 3008 3138 3064 alimoniae
3181 3008 3587 3078 sacramentis,

1937 3101 2123 3159 sancti
2155 3097 2508 3156 confessoris
2537 3096 2621 3151 tui
2651 3094 2979 3152 Adclwoldi
3024 3096 3438 3154 intercessione
3467 3098 3589 3171 glo-

1938 3191 2093 3247 riosa
2119 3206 2226 3244 nos
2257 3191 2511 3260 protege,
2544 3187 2601 3241 et
2630 3186 2700 3240 ad
2742 3188 3025 3240 aeternum
3073 3185 3324 3242 cmlestis
3374 3203 3589 3242 mensa:

1935 3276 2267 3338 convivium
2299 3275 2596 3350 pervenire
2624 3274 2893 3331 concede.
2930 3274 3052 3330 Per.

2687 3372 2840 3428 Alia.

2008 3492 2254 3563 Grcgem
2294 3493 2485 3556 tuum,
2540 3486 2743 3542 Pastor
2789 3488 3020 3553 aeterne,
3052 3483 3133 3556 pii
3187 3484 3590 3556 sutl'ragatoris

1936 3578 2259 3637 Adelwoldi
2293 3575 2479 3633 Patris
2515 3574 2697 3630 nostri
2746 3572 3082 3629 defensione
3113 3573 3394 3647 guberna,
3427 3590 3590 3644 quaa-

1936 3685 2167 3735 sumns,
2216 3665 2480 3732 Domine,
2516 3667 2580 3719 ut
2625 3663 2798 3734 cujus
2846 3660 3248 3717 benevolentia
3294 3660 3587 3732 provocati

1936 3755 2176 3830 superni
2219 3753 2439 3811 amoris
2487 3750 2792 3807 dulcedine
2822 3748 3139 3822 pascimur,
3172 3748 3300 3819 ejus
3339 3748 3587 3804 interve-

1938 3847 2133 3902 niente
2162 3840 2506 3917 patrocinio,
2541 3843 2601 3896 et
2646 3856 2681 3895 a
2726 3837 3068 3911 temporalis
3097 3836 3228 3892 vita:
3282 3837 3586 3909 perturba-

1935 3934 2196 3992 tionibus
2224 3947 2522 3999 eruamur,
2555 3932 2612 3985 et
2641 3925 2940 3984 mansuris
2962 3942 3352 3999 supernorum
3374 3924 3587 3981 civium

1936 4023 2168 4099 gaudiis
2194 4022 2547 4077 inseramur.
2580 4018 2707 4075 Per.

2178 4136 2235 4176 IV
2260 4134 2394 4176 IDUS
2425 4130 2798 4184 SEPTEMBRIS,
2830 4131 2892 4171 IN
2919 4129 3345 4171 TRANSLATIONE

2474 4221 2670 4261 SANCTI
2701 4220 3061 4261 ADELWOLDI.

2009 4308 2183 4377 Deus,
2213 4306 2314 4380 qui
2342 4304 2511 4362 nobis
2543 4307 2813 4359 sanctum
2857 4301 3194 4374 pontiﬁcem
3222 4305 3389 4358 tuum
3419 4298 3591 4359 Adel-

1936 4397 2203 4455 woldum
2226 4393 2432 4452 salutis
2454 4396 2680 4449 aeterna:
2702 4391 2998 4447 doctorem
3022 4387 3278 4446 tribuisti
3306 4404 3319 4443 :
3340 4388 3591 4445 concede

1938 4485 2246 4560 propitius,
2262 4487 2327 4540 ut
2356 4483 2526 4555 cujus
2539 4497 2747 4537 annuae
2770 4476 3171 4535 translationis
3193 4459 3478 4533 solemnia
3503 4492 3593 4532 co-

1936 4575 2138 4645 limus,
2171 4575 2299 4646 ejus
2330 4588 2563 4645 semper
2592 4567 2816 4626 meritis
2848 4568 3192 4640 adjuvemur
3211 4569 3268 4623 et
3296 4562 3589 4637 precibus.

1938 4662 2062 4721 Per.

2507 4761 2694 4828 Super
2726 4757 2999 4812 oblatam.

2012 4858 2377 4917 Sacrificium
2411 4861 2682 4911 nostrum
2729 4853 2855 4923 tibi,
2909 4850 3173 4918 Domine,
3227 4863 3590 4923 quaesumus,

1941 4948 2128 5008 sancti
2162 4947 2349 5004 Patris
2381 4945 2564 5001 nostri
2593 4941 2917 5001 Adelwuldi
2941 4940 3198 5013 episcopi
3224 4938 3597 4995 commendet

1940 5039 2123 5097 oratio
2159 5055 2172 5094 :
2206 5041 2273 5093 ut
2303 5034 2472 5091 nobis
2503 5050 2568 5089 co
2600 5031 2957 5104 suffragante
2989 5030 3091 5085 fiat
3135 5032 3349 5085 sancta:
3380 5028 3593 5099 majes-

1939 5129 2078 5185 tatis
2134 5131 2245 5181 tua;
2303 5120 2656 5196 prepitiatio,
2707 5124 2774 5175 et
2826 5122 3198 5192 peccatorum
3259 5121 3594 5173 nostrorum

1940 5219 2207 5288 exoptata
2237 5211 2526 5268 remissio.
2564 5210 2687 5265 Per.

2612 5316 2913 5387 Prw/alio.

2013 5418 2277 5476 Votivam
2300 5416 2453 5474 beati
2485 5413 2779 5489 pontiﬁcis
2803 5411 3129 5469 Adelwoldi
3152 5410 3596 5468 translationem

1943 5509 2040 5582 pia
2068 5506 2436 5565 veneratione
2467 5504 2846 5572 celebrantes,
2869 5506 3043 5574 teque
3062 5518 3278 5558 cernua
3296 5500 3598 5557 devotione

1944 5600 2271 5666 exorantes,
2306 5599 2371 5650 ut
2417 5594 2613 5667 ipsum
2651 5609 2762 5649 nos
2806 5592 2962 5665 apud
3013 5592 3383 5648 clementiam
3430 5592 3594 5644 tuam

1945 5688 2273 5744 sentiamus
2302 5683 2518 5740 habere
2548 5686 2884 5754 patronum,
2918 5696 3093 5752 quem
3124 5684 3231 5736 tua
3269 5676 3455 5752 gratia
3481 5674 3596 5729 lar-

1944 5774 2137 5849 giente
2168 5773 2378 5831 salutis
2406 5776 2634 5828 aeterna:
2674 5768 3003 5827 meruimus
3044 5767 3343 5840 suscipere
3380 5757 3594 5832 magis~

1944 5868 2123 5924 trum.
2159 5863 2266 5922 Per
2295 5859 2615 5921 Christum.

3235 5953 3274 6012 4
