3868 6480
1117 127 1258 149 ν’
1348 127 1409 135 ν
1458 127 1531 138 -ν
1612 127 2385 145 ἠνίνίῠνή

284 490 395 548 107

878 621 1353 679 Postcommunio.

358 740 429 796 Ut
458 739 579 795 huic
611 738 947 794 communio
980 755 1108 804 nos,
1138 737 1403 803 Domine,
1438 737 1544 792 tibi
1578 737 1787 807 dignos
1813 736 1937 791 effi-

285 828 418 895 ciat,
444 828 650 883 beatus
672 828 1047 882 Paternoster
1066 825 1446 881 Adelwoldus
1467 825 1766 897 sulfragio,
1792 842 1941 896 quaa-

284 932 514 984 sumus,
548 914 657 987 pias
689 914 1126 971 intercessionis
1157 913 1438 969 obtineat.
1475 914 1598 969 Per.

758 1044 841 1096 De
872 1040 1029 1097 horis
1058 1039 1474 1109 peculiaribus.

359 1157 639 1211 Prmtcrea
656 1155 863 1211 beatus
883 1156 1049 1210 Pater
1062 1154 1440 1210 Adelwoldus
1458 1152 1633 1209 horas
1649 1154 1946 1227 regulares

285 1250 343 1302 et
371 1244 694 1317 peculiares
736 1244 850 1300 sibi
885 1245 956 1299 ad
990 1242 1288 1315 singulare
1314 1243 1615 1299 servitium
1664 1242 1940 1311 instituit,

286 1350 435 1406 quas
465 1333 525 1390 in
556 1332 747 1389 tribus
776 1331 1049 1389 cursibus
1081 1332 1368 1387 ordinavit
1401 1349 1414 1386 ε
1450 1330 1784 1387 humillima
1814 1330 1944 1385 dili-

285 1422 484 1495 gentia
512 1438 779 1495 quosque
811 1422 1106 1492 subjectos
1128 1421 1473 1488 admonens,
1502 1424 1566 1474 ut
1594 1419 1704 1475 hoc
1725 1424 1945 1475 secreto

286 1509 577 1569 famulatu
598 1509 799 1583 ignitis
821 1511 1046 1566 Satanae
1076 1508 1452 1565 tentamentis
1478 1507 1781 1581 vigilanter
1812 1507 1947 1563 resi-

287 1604 527 1669 sterent,
557 1604 612 1656 et
632 1616 700 1656 ea
719 1617 822 1672 per
842 1599 942 1656 Dei
965 1599 1211 1671 gratiam
1238 1598 1557 1653 resistendo
1581 1602 1943 1670 superarent,

288 1694 345 1746 et
375 1693 441 1745 ut
471 1690 614 1746 fides
644 1706 773 1761 qua:
805 1706 910 1761 per
944 1688 1125 1745 nostri
1162 1687 1447 1742 Creatoris
1477 1693 1532 1741 et
1562 1685 1813 1757 piissimi
1838 1686 1945 1741 Re-

289 1777 613 1851 demptoris
645 1776 1111 1833 incarnationem
1153 1775 1283 1831 luce
1329 1775 1545 1831 clarius
1594 1774 1824 1842 enituit,
1858 1775 1946 1829 in-

289 1870 478 1923 stante
498 1866 704 1922 futures
730 1863 1156 1939 persecutionis
1173 1870 1433 1937 tempore
1456 1880 1581 1935 qua:
1594 1864 1719 1935 jam
1743 1862 1948 1920 vicinis

1336 491 1395 547 S.
1449 489 1967 549 ETHELWOLDI
2015 488 2359 547 WINTON.
2411 487 2655 547 EPISC.
2728 497 2763 509 '

3592 487 3707 545 108

1968 621 2023 689 Α
2051 618 2352 675 Atichristi
2400 618 2763 691 temporibus
2812 618 3054 691 ingruit,
3106 617 3268 676 nullo
3318 620 3511 688 modo,
3547 620 3705 692 quod

2050 708 2221 776 absit,
2254 706 2562 763 titubando
2602 707 2849 776 vacillet,
2885 708 2985 763 sed
3032 707 3126 765 his
3175 708 3385 765 divinis
3436 708 3709 765 roborata

2051 796 2357 869 praeconiis
2375 797 2601 869 integra
2607 798 2831 870 jugitcr
2851 800 2906 852 et
2931 796 3205 853 inviolata
3226 800 3582 869 permaneat.
3608 797 3711 853 Est

2050 885 2208 942 enim
2240 886 2442 958 prima:
2475 885 2813 958 psalmodiae
2838 886 3128 942 cantilena
3158 886 3229 941 ad
3260 886 3496 942 laudem
3528 887 3708 942 beata

2052 975 2154 1032 Dei
2185 974 2485 1048 genitricis
2511 992 2858 1048 semperque
2878 974 3120 1049 virginis
3144 975 3337 1032 Marias
3366 978 3706 1048 procurata;

2054 1065 2313 1121 secunda
2343 1068 2538 1119 autem
2564 1065 2635 1119 ad
2670 1063 2951 1120 honorem
2971 1065 3276 1120 beatorum
3309 1064 3708 1136 apostolorum

2058 1154 2207 1209 Petri
2226 1158 2280 1208 et
2302 1152 2464 1208 Pauli
2485 1153 2871 1224 omniumque
2894 1154 3076 1209 nostri
3103 1152 3419 1209 Salvatoris
3440 1153 3709 1209 humani-

2054 1242 2157 1297 tati
2188 1241 2631 1313 prmsentialiter
2662 1241 3105 1311 famulantium;
3138 1241 3310 1299 tertia
3335 1260 3467 1299 vero
3490 1244 3560 1299 ad
3596 1242 3713 1299 suf-

2055 1330 2240 1402 fragia
2258 1329 2524 1386 omnium
2543 1337 2885 1387 sanctorum
2914 1330 3284 1403 postulanda,
3305 1335 3370 1387 ut
3388 1347 3592 1387 eorum
3616 1330 3713 1404 pia

2056 1419 2472 1475 intercessione
2490 1420 2730 1492 protecti
2741 1463 2754 1484 ,
2775 1419 3196 1476 multiformem
3213 1420 3535 1494 versipellis
3553 1420 3715 1477 Anti-

2056 1507 2260 1562 christi
2294 1512 2351 1563 et
2382 1508 2784 1564 membrorum
2811 1511 2940 1581 ejus
2962 1507 3255 1565 fallaciam
3277 1526 3631 1582 expugnare,
3656 1513 3717 1566 et

2057 1595 2287 1652 Christo
2301 1600 2711 1652 remunerante
2725 1597 3048 1654 cmlestium
3068 1597 3438 1670 przemiorum
3451 1597 3714 1670 palmam

2058 1702 2390 1741 mereamur
2411 1684 2693 1758 accipere.
2718 1688 2851 1752 Quae
2875 1685 3142 1742 videlicet
3164 1686 3318 1743 horae
3335 1685 3634 1760 plerisque
3652 1687 3716 1745 in

2058 1774 2201 1829 locis
2218 1774 2512 1830 habentur
2527 1775 2813 1847 ascripta,
2837 1780 2891 1831 et
2916 1776 3043 1832 ideo
3066 1775 3123 1833 in
3147 1775 3256 1833 hoc
3273 1775 3550 1834 codicello
3573 1781 3719 1835 sunt

2058 1862 2482 1936 praetermissae.

1906 1991 2103 2061 Tropi.

720 2115 910 2172 Patris
942 2117 1109 2172 adest
1139 2116 1329 2172 votiva
1358 2116 1503 2183 dies,
1537 2119 1844 2170 cantemus
1873 2118 2129 2171 ovantes.
2165 2115 2367 2171 Statuit
2395 2119 2464 2170 ei.

722 2204 1063 2260 Pontiﬁeem
1094 2203 1311 2277 templo
1343 2204 1454 2260 sibi
1486 2219 1661 2275 quem
1694 2202 1945 2259 sacravit
1972 2202 2033 2259 in
2064 2204 2197 2259 isto.
2232 2204 2296 2259 Et
2318 2206 2643 2276 principem.

718 2293 877 2350 Inter
902 2292 1257 2366 apostolicos
1290 2292 1436 2348 stola
1468 2291 1811 2364 splendente
1842 2292 2201 2348 hierarchos.
2240 2294 2303 2349 Ut
2327 2295 2400 2347 sit
2428 2295 2534 2348 illi.

717 2382 1079 2451 Adelwolde,
1113 2381 1210 2454 pia
1239 2398 1409 2454 prece
1441 2397 1549 2436 nos
1579 2381 1822 2436 defende
1852 2381 2133 2438 misellos.
2167 2382 2233 2437 In
2262 2390 2546 2437 wternum.

720 2470 937 2527 Przesul
968 2470 1347 2527 Adelwoldus
1378 2469 1517 2542 quia
1547 2468 1713 2525 fulsit
1742 2468 1803 2525 in
1834 2468 2039 2526 ordine
2072 2485 2343 2543 magnus.
2377 2470 2580 2526 Statuit
2605 2474 2674 2526 ci.

719 2559 1093 2616 Constituens
1122 2559 1289 2615 illum
1321 2558 1493 2614 hodie
1524 2574 1703 2630 super
1732 2558 1914 2613 aithra
1939 2557 2228 2630 polorum.
2265 2560 2328 2613 Et
2351 2561 2675 2632 principem.

717 2648 933 2718 Gloria,
969 2648 1263 2722 splendor.
1297 2648 1501 2713 honor,
1540 2647 1719 2703 decus
1750 2650 1805 2703 et
1832 2646 2128 2704 veneratio
2161 2664 2388 2721 perpes.
2422 2648 2483 2703 In
2512 2657 2794 2705 aeternum.

714 3002 723 3009 ·
807 2973 1354 3061 EPISTOLA
1416 2971 2023 3059 WOLSTANI
2080 2971 2608 3062 MONACHI
2666 2975 3189 3061 WENTANI

1314 3149 1410 3205 AD
1450 3147 1793 3205 ELFEGUM
1831 3145 2259 3206 WENTANUM
2300 3148 2703 3206 EPISCOPUM
2884 3134 2893 3141 ’

770 3300 953 3363 Libro
986 3300 1055 3361 de
1103 3302 1233 3363 Vita
1276 3302 1349 3362 S.
1381 3298 1691 3362 Swz'thum'
1712 3299 1995 3381 praeﬁxa,
2029 3300 2089 3360 in
2119 3318 2239 3381 qua
2268 3299 2457 3361 multa
2487 3299 2555 3361 de
2581 3310 2780 3361 sancto
2809 3302 3248 3363 ETBELWOLDO.

733 3559 962 3639 Incipit
993 3559 1074 3622 ad
1104 3560 1430 3622 dominum
1459 3558 1747 3639 specialis
1778 3558 2046 3639 epistola
2073 3560 2343 3633 Patrem,

734 3658 1049 3737 Elfegum,
1082 3660 1311 3720 Wenta
1342 3659 1573 3720 residet
1603 3658 1713 3737 qui
1745 3656 1982 3737 praesul
2009 3656 2075 3717 in
2108 3657 2285 3730 urbe,

734 3759 821 3818 De
850 3757 1050 3818 sancti
1080 3758 1284 3818 Patris
1314 3757 1626 3819 Swithuni
1656 3754 2032 3834 insignibus,
2063 3760 2126 3815 et
2156 3755 2232 3815 de

735 3854 1003 3916 Basilica
1033 3854 1225 3925 Petri,
1262 3861 1497 3916 reserat
1526 3854 1636 3933 qui
1662 3853 1855 3914 limen
1889 3851 2167 3931 Olympi,

296 4004 541 4061 Domino
574 4003 857 4077 pontiﬁci,
891 4002 1243 4060 Wentanam
1276 4005 1539 4077 principe
1570 4003 1799 4060 Christo

365 4092 473 4158 Qui
502 4092 651 4164 regit
679 4090 1023 4161 Ecclesiam,
1059 4108 1337 4164 prospera
1369 4097 1580 4148 cuncta
1614 4109 1820 4148 canam

296 4179 567 4236 Conferat
595 4178 858 4253 IElfhego
891 4180 1053 4251 regni
1084 4180 1339 4237 cmlestis
1371 4164 1705 4251 honorem,’

363 4268 471 4335 Qui
505 4266 666 4324 dedit
694 4267 852 4324 hunc
881 4268 1039 4324 omni
1072 4269 1412 4326 Pontificem
1443 4271 1681 4344 populo.

296 4355 426 4427 Ipse
456 4355 561 4412 tibi
596 4373 798 4430 pacem
828 4357 1052 4413 tribuat
1079 4357 1205 4414 sine
1237 4360 1351 4416 ﬁne
1383 4377 1719 4432 perennem,

366 4445 467 4502 Est
501 4445 603 4517 qui
633 4450 973 4502 sanctorum
1003 4446 1190 4520 gloria
1220 4465 1332 4519 pax
1360 4455 1417 4504 et
1445 4448 1652 4504 honor.

293 4533 412 4591 Hoc
444 4535 609 4608 cupit
639 4552 736 4592 ore
770 4535 887 4607 pio,
917 4535 1078 4608 cupit
1103 4535 1212 4592 hoc
1246 4537 1560 4609 animoque
1586 4536 1860 4611 benigno.

363 4621 617 4682 Ultimus
663 4623 984 4698 Anglorum
1035 4624 1301 4682 servulus
1351 4625 1758 4699 hymnicinum
1798 4627 1861 4699 (ἱ.
1904 4642 1951 4683 e.

1549 4716 1952 4786 (sanctorum).

295 4798 385 4854 Sit
415 4797 551 4855 licet
578 4817 731 4873 mgra
762 4801 907 4857 mihi
935 4802 1062 4858 sine
1093 4803 1383 4875 dogmatis
1415 4804 1548 4875 igne
1578 4803 1828 4876 loquela,

367 4886 483 4944 Nec
514 4888 740 4944 valeam
776 4892 939 4946 tanto
972 4891 1225 4947 scribere
1253 4892 1431 4963 digna
1458 4892 1578 4948 viro
1611 4909 1623 4947 :

294 4975 415 5032 Hoc
446 4980 645 5033 tamen
672 4977 950 5051 exiguum
982 4982 1138 5052 quod
1174 4981 1367 5036 defero
1400 4998 1619 5038 munus
1652 4982 1889 5050 amoris,

369 5063 793 5122 Commendare
826 5067 950 5136 tibi,
988 5085 1198 5140 magne
1233 5070 1417 5138 Pater,
1452 5070 1655 5125 studui
1689 5087 1702 5125 :

295 5152 360 5208 In
388 5169 503 5225 quo
534 5156 846 5226 perstrinxi
879 5175 1008 5229 qua:
1041 5158 1174 5214 fecit
1206 5159 1413 5214 Rector
1443 5158 1672 5231 Olympi

369 5241 668 5299 Swithuni
699 5245 922 5301 meritis
955 5246 1155 5303 cmlica
1185 5248 1355 5319 signa
1389 5247 1575 5304 Patris
1609 5265 1621 5304 :

298 5329 407 5386 Per
436 5347 611 5403 quem
644 5349 857 5405 magna
886 5335 1010 5391 suis
1039 5335 1321 5392 miracula
1346 5336 1591 5409 prmbuit
1618 5337 1841 5410 Anglis,

370 5417 552 5475 Millia
581 5419 969 5493 languentum
1001 5442 1245 5497 corpora
1273 5425 1612 5482 sacrificans

296 5505 428 5563 Hinc
458 5508 674 5565 etenim
712 5511 895 5568 cecini
926 5512 1224 5586 magnalia
1253 5530 1509 5585 paupere
1539 5519 1734 5581 cantu,

369 5595 782 5656 Praesumendo
814 5601 951 5657 boni
983 5602 1054 5657 de
1081 5601 1337 5658 bonitate
1368 5602 1489 5669 Dei,

297 5681 556 5742 Grandia
586 5687 658 5744 de
684 5689 947 5747 minimis
979 5695 1069 5747 est
1098 5690 1199 5761 qui
1232 5706 1477 5762 pensare
1505 5696 1727 5761 suetus,

369 5774 706 5849 Suscipiens
737 5778 920 5837 vidua:
954 5779 1092 5839 bina
1121 5779 1350 5839 minuta
1379 5778 1588 5840 libens.

1990 4003 2038 4069 B
2068 4004 2192 4068 Qua
2224 4020 2337 4059 non
2371 4010 2705 4076 paupertas,
2741 4007 2841 4063 sed
2874 4013 2997 4062 erat
3030 4012 3273 4079 pensata
3300 4006 3594 4073 voluntas,

2139 4101 2274 4167 Qua:
2307 4102 2524 4159 victum
2557 4105 2775 4176 sprevit
2804 4109 2861 4161 et
2889 4122 2999 4161 sua
3028 4109 3242 4161 cuncta
3271 4104 3451 4161 dedit.

2069 4200 2198 4256 Ilaec
2228 4200 2407 4274 igitur
2436 4204 2784 4259 commendo
2816 4203 2921 4259 tibi
2954 4203 3309 4260 munuscula
3339 4203 3515 4270 Patri,

2139 4290 2272 4353 Qua:
2304 4290 2430 4345 vovi
2462 4291 2710 4347 Domino
2744 4292 2983 4347 reddere
3014 4293 3187 4349 corde
3218 4292 3315 4364 pio
3347 4308 3360 4348 :

2068 4385 2139 4442 Ut
2167 4390 2269 4442 tua
2299 4387 2573 4459 dignetur
2602 4389 2725 4444 haec
2756 4389 3132 4446 corroborare
3164 4393 3443 4462 potestas,

2137 4479 2269 4531 Hazc
2299 4480 2356 4532 et
2386 4477 2457 4532 ab
2487 4476 2717 4533 infestis
2748 4481 3050 4550 protegere
3082 4478 3314 4535 insidiis
3346 4494 3361 4534 :

2066 4573 2290 4645 Dignus
2323 4574 2641 4646 apostolica
2670 4574 2893 4632 resides
2923 4576 3024 4647 qui
3057 4575 3271 4649 praesul
3301 4576 3360 4631 in
3390 4576 3549 4643 aula,

2137 4662 2387 4719 Instruis
2417 4667 2475 4719 et
2503 4662 2787 4736 populum
2819 4664 3091 4737 dogmate
3121 4663 3496 4721 catholicum.

2067 4759 2301 4831 Ilocque
2332 4760 2761 4815 monasterium
2790 4759 2970 4816 variis
3002 4762 3306 4817 ornatibus
3331 4778 3529 4829 ornas,

2139 4849 2303 4905 Intus
2336 4853 2393 4903 et
2421 4849 2675 4904 exterius
2706 4848 2853 4904 illud
2888 4850 3106 4921 ubique
3134 4849 3353 4906 levans.

2067 4945 2229 5012 Quod
2261 4945 2558 5015 quondam
2590 4946 2885 5002 renovavit
2914 4964 3094 5003 ovans
3117 4948 3361 5005 antistes
3390 4947 3722 5019 Adelwold,

2137 5033 2478 5089 Sollicitudo
2511 5033 2605 5090 cui
2635 5038 2803 5091 nocte
2835 5035 3047 5107 dieque
3077 5035 3188 5092 fuit

2066 5131 2442 5188 Christicolas
2474 5148 2684 5205 augere
2709 5149 2934 5207 greges,
2970 5137 3144 5205 atque
3173 5150 3270 5191 ore
3301 5137 3542 5206 paterno

2137 5221 2253 5277 Hos
2284 5238 2420 5278 cum
2445 5221 2595 5277 lacte
2626 5222 2733 5278 soli
2766 5221 2911 5278 lacte
2943 5222 3164 5277 nutrire
3194 5221 3331 5294 poli.

2064 5318 2174 5387 Qui
2205 5318 2418 5375 struxit
2446 5319 2633 5374 ﬁrmis
2664 5318 2786 5375 haec
2817 5322 3027 5376 cuncta
3051 5318 3388 5376 habitacula
3418 5321 3627 5388 muris,

1982 5365 2027 5435 Ω
2070 5365 2105 5387 η
2137 5407 2236 5463 Ille
2267 5407 2439 5463 etiam
2468 5407 2638 5466 tectis
2666 5365 2895 5465 texit'et
2923 5365 3052 5481 ipsa
3083 5365 3267 5465 novis.

2064 5506 2132 5561 Et
2162 5505 2391 5562 eunetis
2421 5504 2713 5563 decoravit
2740 5523 2920 5563 ovans
2948 5507 3005 5562 id
3037 5505 3381 5575 honoribus,
3417 5505 3653 5579 hucque

2136 5594 2341 5652 Dulcia
2370 5593 2612 5667 piscosa;
2645 5595 2892 5652 flumina
2922 5593 3098 5653 traxit
3127 5611 3292 5667 aqua;
3327 5611 3341 5652 :

2065 5693 2458 5766 Secessusque
2487 5692 2600 5751 laci
2630 5697 2938 5766 penetrant
2966 5696 3192 5751 secreta
3217 5694 3553 5763 domorum,

2134 5782 2486 5842 Mundantes
2512 5781 2699 5843 totum
2733 5798 3037 5843 murmure
3068 5782 3417 5844 coenobium.
