3868 6476
193 500 304 556 109

3498 510 3613 566 HO

186 629 360 688 Istius
390 630 614 702 antiqui
649 633 936 702 reparavit
964 635 1020 686 et
1053 633 1201 686 atria
1229 633 1450 702 templi,
1864 636 1918 700 Α
2019 634 2086 688 Et
2121 636 2542 691 benedixerunt
2570 637 2768 691 omnia
2799 637 2975 692 corda
3007 637 3212 693 Deum.

255 718 547 775 Manibus
576 720 819 775 excelsis
840 719 1317 792 culminibusque
1349 721 1510 775 novis
1547 737 1558 772 :
1950 722 2236 778 Omnibus
2267 725 2508 795 expletis
2538 727 2778 780 tandem
2807 725 3148 781 solemniter
3177 727 3413 798 hymnis

183 806 454 862 Partibus
487 807 595 863 hoc
619 805 818 862 Austri
850 808 1092 862 ﬁrmans
1119 813 1173 863 et
1205 809 1472 879 partibus
1505 807 1684 862 Arcti.
2020 814 2174 876 Quos
2207 812 2265 867 in
2299 813 2518 869 honore
2551 813 2650 868 Dei
2681 831 2788 870 vox
2821 815 3018 870 sonuit
3049 815 3270 887 populi,

253 895 578 952 Porticibus
614 896 839 964 solidis,
875 897 1132 953 arcubus
1163 901 1219 951 et
1249 896 1445 961 variis,
1948 899 2365 972 Unusquisque
2397 919 2534 957 suas
2567 903 2758 958 alacer
2787 903 3081 975 repedavit
3111 904 3182 958 ad
3217 920 3368 972 oras,

181 985 417 1040 Addidit
447 991 505 1042 et
535 987 732 1058 plures
764 987 947 1042 sacris
980 985 1262 1041 altaribus
1292 987 1465 1052 33(188,
2021 989 2084 1043 In
2117 989 2362 1048 Domino
2394 991 2659 1061 gaudens
2688 998 2918 1062 pectore
2945 997 3002 1047 et
3033 1009 3131 1046 ore
3163 1009 3398 1048 canens.

251 1077 385 1138 Quaa
416 1076 666 1130 retinent
697 1075 945 1130 dubium
977 1075 1200 1129 liminis
1230 1075 1557 1128 introitum.
1938 1077 2262 1148 Nunquam
2294 1082 2458 1132 tanta
2487 1078 2599 1133 fuit
2629 1079 2880 1151 talisque
2909 1079 3123 1134 dicatio
3155 1081 3357 1151 templi

180 1163 457 1235 Quisquis
491 1167 556 1219 ut
588 1163 803 1236 ignotis
836 1163 1174 1218 deambulat
1205 1162 1354 1218 atria
1386 1162 1624 1234 plantis,
2016 1165 2076 1220 In
2111 1168 2232 1220 tota
2261 1167 2578 1236 Anglorum
2613 1172 2785 1238 gente
2815 1172 3046 1238 patrata
3080 1186 3209 1224 reor
3245 1185 3256 1222 :

250 1250 480 1307 Nesciet
512 1255 667 1308 unde
699 1257 875 1318 meat,
910 1269 1094 1323 quove
1128 1253 1333 1323 pedem
1366 1253 1595 1306 referat.
1777 1303 1782 1306 _
1945 1252 2143 1317 Qualis
2181 1260 2306 1308 erat
2335 1255 2547 1308 Wenta
2577 1256 2867 1310 celebrata
2899 1261 3166 1326 potenter
3197 1257 3256 1312 in
3288 1260 3449 1327 urbe,

178 1339 348 1395 Omni
380 1344 542 1412 parte
574 1343 725 1396 fores
753 1341 891 1412 quia
921 1340 1367 1412 conspiciuntur
1399 1345 1630 1411 apertm,
2017 1342 2079 1396 In
2112 1343 2296 1397 sancti
2332 1343 2483 1397 Petri
2512 1345 2773 1408 cumobio
2803 1345 3015 1400 Veteri.

248 1430 362 1485 Nec
393 1433 556 1502 patet
586 1429 707 1486 ulla
741 1429 852 1485 sibi
886 1429 1097 1485 semita
1127 1432 1282 1484 certa
1311 1428 1436 1483 visa.
1943 1431 2104 1496 Quod
2137 1431 2291 1486 Deus
2322 1432 2693 1503 omnipotens
2733 1432 2814 1488 sic
2857 1436 3124 1506 protegat
3153 1434 3598 1493 immaculatum

175 1517 300 1574 Huc
327 1518 587 1590 illucque
616 1535 793 1591 vagos
825 1523 990 1574 stans
1021 1517 1410 1573 circumducit
1438 1517 1670 1583 ocellos,
2013 1519 2085 1575 Ut
2106 1521 2248 1592 juge
2280 1520 2553 1592 dignetur
2583 1519 2706 1592 ipse
2738 1522 3002 1578 habitare
3033 1522 3092 1578 in
3127 1539 3191 1578 eo
3222 1538 3234 1578 :

245 1607 435 1663 Attica
465 1607 714 1663 Daedalei
746 1612 895 1663 tecta
925 1611 1236 1678 stupetque
1270 1606 1378 1662 soli
1413 1621 1425 1660 :
1941 1608 2008 1663 Et
2039 1608 2368 1680 cuicunque
2399 1608 2652 1664 humiles
2686 1609 2795 1666 hoc
2827 1610 3240 1683 ingrediuntur
3272 1611 3520 1686 asylum,

172 1695 397 1752 Certior
426 1697 692 1752 adveniat
725 1698 906 1751 donec
941 1695 1052 1750 sibi
1085 1696 1311 1760 ductor,
1345 1699 1401 1748 et
1430 1695 1622 1764 ipsum
2009 1697 2313 1751 Exsultent
2344 1697 2524 1768 plenae
2558 1697 2871 1770 participes
2902 1699 3101 1754 veniae.

242 1785 431 1841 Ducat
463 1785 534 1840 ad
566 1785 806 1840 extremi
836 1784 1042 1840 limina
1067 1783 1362 1839 vestibuli.
1940 1784 2040 1841 His
2073 1801 2246 1856 super
2275 1785 2532 1842 Antistes
2561 1803 2726 1841 sacro
2757 1786 3077 1858 spiramine
3107 1786 3316 1860 plenus

164 1873 272 1930 Hic
304 1891 506 1930 secum
540 1874 764 1928 mirans
794 1889 966 1927 cruce
998 1889 1059 1927 se
1088 1872 1423 1943 consignat;
1460 1877 1514 1926 et
1546 1871 1699 1926 unde
2007 1874 2290 1928 Adhibuit
2321 1874 2567 1930 Domino
2603 1875 2857 1947 plurima
2886 1881 3020 1932 vota
3050 1893 3180 1933 suo.

235 1963 437 2029 Exeat,
472 1962 717 2017 attonito
750 1966 982 2034 pectore
1014 1959 1162 2015 scire
1195 1959 1420 2030 nequit.
1855 2002 1903 2069 Β
1937 1961 2082 2018 Nam
2116 1963 2430 2018 fundamen
2465 1981 2644 2019 ovans
2676 1981 2709 2020 a
2739 1965 2978 2020 cardine
3001 1965 3144 2036 jecit
3174 1981 3375 2022 eorum

161 2052 263 2107 Sic
297 2055 633 2106 constructa
665 2050 862 2116 micat,
895 2049 976 2104 sic
1009 2052 1066 2104 et
1095 2049 1315 2104 variata
1346 2053 1614 2103 coruscat
1856 2049 1903 2069 υ
2007 2051 2268 2107 Porticus
2299 2056 2363 2106 ut
2396 2057 2576 2108 staret
2609 2053 2896 2108 aedificata
2927 2053 3065 2110 Deo.

238 2139 533 2206 Machina,
564 2155 690 2211 qua;
721 2139 873 2194 hanc
906 2143 1151 2193 matrem
1186 2137 1435 2192 sustinet
1465 2136 1794 2206 ecclesiam,
1935 2139 2244 2211 Erexitque
2291 2157 2504 2195 novum
2539 2143 2834 2213 (21:)jacto
2877 2143 3223 2197 fundamine
3252 2143 3537 2215 templum
3573 2162 3586 2201 :

161 2230 356 2294 Quam
389 2229 556 2284 Pater
585 2227 682 2282 ille
712 2227 866 2299 pius,
901 2243 1137 2282 summa
1166 2226 1378 2297 pietate
1408 2227 1678 2293 refertus,
2005 2228 2087 2283 Ne
2116 2232 2311 2282 tamen
2345 2229 2599 2299 expleret
2630 2234 2832 2300 raptus
2864 2230 2936 2284 ab
2969 2231 3108 2285 orbe
3139 2231 3271 2299 fuit,

236 2316 508 2372 Nominis
533 2316 606 2370 ad
641 2315 875 2370 laudem
908 2315 1312 2370 celsitonantis
1343 2314 1475 2369 Heri
1935 2317 2040 2371 Pro
2069 2317 2294 2371 meritis
2325 2335 2598 2388 superam
2633 2318 2808 2389 digne
2846 2318 3174 2373 translatus
3203 2320 3263 2374 in
3297 2319 3516 2390 aulam,

163 2404 474 2473 Fundavit,
507 2405 739 2471 struxit,
774 2404 1010 2470 dotavit,
1041 2408 1099 2459 et
1129 2404 1263 2458 inde
1303 2403 1569 2467 sacravit,
2003 2407 2260 2470 Quorum
2295 2405 2651 2477 multiplices
2683 2423 2788 2461 nec
2821 2413 3214 2462 numerantur
3243 2425 3383 2480 opes
3417 2426 3430 2464 :

236 2496 308 2550 Et
337 2494 555 2550 meruit
582 2493 787 2566 templi
817 2493 1038 2548 solvere
1067 2496 1199 2548 vota
1231 2493 1344 2560 sui,
1930 2492 2324 2547 Altithronum
2359 2494 2548 2564 primo
2579 2494 2794 2566 quibus
2825 2495 3170 2551 exhilaravit
3200 2497 3271 2554 ab
3303 2514 3441 2565 mvo,

160 2583 342 2656 Regis
370 2581 658 2638 Edelredi
687 2581 795 2637 visi
827 2586 1099 2636 cernente
1131 2581 1399 2648 modesti,
2004 2581 2195 2636 Donec
2225 2582 2452 2636 Christo
2484 2583 2742 2637 animam
2777 2585 3046 2638 redderet
3075 2584 3200 2655 ipse
3231 2602 3424 2640 suam.

233 2672 302 2728 In
334 2672 496 2745 regni
529 2671 676 2727 solio
708 2670 809 2743 qui
840 2674 1109 2742 superest
1139 2669 1336 2724 hodie.
1929 2671 2136 2725 Vestra
2167 2672 2258 2724 cui
2290 2671 2487 2726 statim
2522 2671 2806 2727 successit
2833 2673 2891 2725 in
2925 2689 3057 2727 arce
3087 2677 3369 2744 potestas,

157 2760 336 2816 Illum
369 2760 679 2815 Pontiﬁces
710 2761 1108 2832 sequebantur
1136 2758 1196 2814 in
1229 2759 1432 2814 ordine
1465 2759 1681 2830 plures,
2001 2760 2070 2814 Et
2094 2762 2347 2830 cceptum
2379 2759 2538 2832 vigili
2571 2765 2802 2831 pectore
2835 2761 3048 2814 struxit
3076 2776 3224 2831 Opus
3259 2777 3272 2814 :

231 2850 610 2921 Complentes
642 2853 914 2904 sanctum
946 2849 1054 2903 rite
1085 2848 1503 2903 ministerium.
1930 2849 2174 2918 Insuper
2203 2847 2460 2902 occultas
2493 2848 2807 2903 studuistis
2836 2852 2894 2902 et
2925 2849 3137 2902 addere
3168 2852 3422 2920 cryptae,

157 2940 427 3005 Quorum
459 2955 734 2994 summus
765 2944 888 2993 erat
916 2937 1078 2993 vultu
1112 2941 1380 2991 maturus
1411 2941 1467 2991 et
1496 2941 1651 3004 actu,
2000 2939 2156 3002 Quas
2186 2936 2269 2991 sic
2299 2937 2630 2991 Daedaleum
2663 2941 2954 2991 struxerat
2982 2936 3284 3009 ingenium
3317 2953 3331 2991 :

231 3027 461 3083 Canitie
492 3027 696 3083 niveus
726 3028 992 3083 Dunstan
1024 3031 1079 3081 et
1111 3025 1428 3098 angelicus.
1929 3025 2206 3096 Quisquis
2237 3030 2303 3080 ut
2333 3025 2568 3097 ignotus
2595 3026 2835 3084 veniens
2864 3025 3167 3081 intraverit
3196 3024 3349 3093 illas,

157 3116 333 3174 Hunc
363 3118 719 3188 sequebatur
748 3133 926 3171 ovans
955 3115 1276 3187 Anglorum
1308 3115 1515 3170 lucifer
1542 3115 1695 3170 idem
1998 3115 2231 3170 Nesciat
2265 3115 2419 3168 unde
2451 3118 2625 3181 meat,
2659 3131 2844 3186 quove
2870 3115 3078 3184 pedem
3112 3115 3343 3169 referat.

230 3205 456 3262 Przesul
485 3205 883 3273 Adelwoldus,
918 3205 1089 3260 corde
1119 3204 1546 3277 benignivolus.
1927 3203 2078 3257 Sunt
2107 3202 2322 3274 quibus
2344 3202 2580 3257 occulta:
2603 3201 2838 3257 latitant
2859 3219 2984 3274 quae
3007 3203 3144 3258 hinc
3165 3203 3302 3258 inde
3322 3202 3582 3272 latebrae,

155 3295 302 3353 Post
323 3295 420 3351 alli
442 3299 686 3366 septem,
709 3312 855 3365 quos
877 3311 1034 3348 nunc
1057 3292 1324 3348 addicere
1345 3298 1680 3364 promptum
1703 3296 1812 3348 est.
1998 3295 2259 3356 Quarum
2295 3296 2444 3346 tecta
2473 3296 2694 3361 patent,
2730 3291 2892 3346 intus
2920 3296 2979 3346 et
3011 3296 3179 3346 antra
3207 3290 3412 3360 latent,

227 3385 506 3440 Carmine
535 3383 797 3439 versiﬁco
828 3400 964 3438 cum
997 3383 1140 3454 pede
1171 3381 1474 3453 dactylico,
1588 3382 1787 3453 [cwig,
1854 3368 1896 3434 ί]
1927 3379 2204 3435 Introitus
2237 3396 2488 3451 quarum
2523 3384 2640 3434 stat
2669 3384 2926 3451 apertus,
2961 3385 3018 3434 et
3046 3381 3236 3434 exitus
3264 3379 3478 3436 harum
3515 3397 3527 3436 :

151 3473 407 3531 Elfstan
438 3472 829 3545 (Ethelgarus,
865 3488 1220 3543 rursumque
1256 3471 1577 3525 JElfstanus
1606 3475 1662 3526 et
1690 3471 1814 3525 [Es-
1996 3472 2151 3534 Quas
2184 3468 2360 3522 homo
2393 3468 2491 3539 qui
2525 3467 2755 3540 ignorat
2785 3468 2913 3522 luce
2942 3484 3138 3523 carere
3171 3471 3358 3538 putat.

225 3562 519 3630 Elfhean,
552 3559 920 3628 Ethilsinus,
954 3559 1048 3614 hic
1077 3563 1134 3614 et
1161 3558 1411 3614 Adulfus
1439 3563 1626 3613 erant.
1925 3559 2102 3612 Nocte
2133 3558 2243 3612 sub
2276 3557 2525 3612 obscura
2556 3574 2680 3627 qua:
2722 3561 2876 3611 stare
2908 3555 3178 3610 videntur
3216 3559 3271 3610 et
3310 3557 3532 3612 umbra:
3568 3573 3580 3611 :

155 3651 297 3708 Post
327 3650 424 3706 alii
457 3650 657 3723 plures
688 3650 930 3705 aderant
960 3664 1365 3720 proceresque,
1396 3648 1712 3718 ducesque,
1997 3647 2108 3701 Sed
2141 3650 2335 3700 tamen
2370 3644 2578 3699 occulti
2613 3643 2840 3699 lumina
2865 3643 3006 3699 solis
3037 3644 3276 3698 habent.

227 3740 437 3797 Gentis
468 3744 524 3796 et
553 3738 872 3812 Anglorum
907 3737 1165 3792 maxima
1194 3753 1330 3806 pars
1361 3735 1642 3789 comitum
1680 3753 1690 3788 :
1927 3735 2107 3806 Cujus
2133 3735 2193 3789 in
2226 3739 2427 3789 exortu
2461 3750 2594 3788 cum
2627 3733 2856 3804 spicula
2885 3732 3076 3805 prima
3106 3730 3417 3797 resultant,

155 3831 320 3898 Quos
353 3846 383 3884 e
411 3827 655 3884 concilio
682 3826 900 3899 pariter
927 3825 1239 3898 collegerat
1268 3823 1388 3891 illo,
2000 3823 2230 3879 Lucifer
2261 3821 2600 3894 ingrediens
2632 3821 2857 3893 spargit
2888 3819 3107 3892 ubique
3131 3821 3311 3892 jubar
3343 3837 3357 3874 :

229 3919 399 3984 Quod
432 3917 620 3973 fuerat
650 3916 756 3970 vici
789 3915 942 3988 regis
973 3913 1032 3968 in
1063 3914 1411 3978 Andeferan,
1928 3914 1998 3968 Et
2028 3914 2294 3984 penetrat
2321 3913 2563 3966 cunctas
2592 3909 2741 3964 lucis
2775 3908 3082 3980 splendore
3113 3925 3411 3977 cavernas,

158 4007 324 4064 Idem
357 4002 558 4079 pastor
586 4023 766 4062 ovans
797 4009 854 4060 et
879 4020 1032 4075 saepe
1061 4003 1357 4058 notandus
1390 4000 1710 4068 Adelwold,
2000 4001 2191 4056 Donec
2218 4000 2276 4054 in
2310 3999 2654 4071 Hesperium
2687 3997 2770 4054 sol
2807 4003 2938 4053 ruat
2966 3997 3283 4054 Oceanum.

230 4096 401 4154 Sicut
430 4100 490 4150 et
518 4094 749 4151 Domini
779 4093 968 4166 gratia
999 4091 1342 4147 contulerat.
1931 4089 2201 4146 Machina
2229 4093 2345 4145 stat
2377 4105 2649 4160 quarum,
2683 4104 2912 4143 sacram
2953 4091 3278 4160 supportat,
3312 4089 3371 4142 et
3397 4104 3582 4157 aram,

160 4184 230 4241 Et
261 4184 562 4240 celebrant
591 4182 785 4239 cuncti
816 4181 1102 4237 solemnia
1132 4179 1388 4235 maxima
1417 4177 1638 4249 templi,
2001 4178 2469 4248 Sanctorumque
2500 4176 2627 4248 pias
2658 4177 2860 4232 ordine
2891 4175 3188 4247 reliquias,

236 4274 589 4331 Plaudentes
621 4271 867 4328 Domino
898 4275 1129 4342 pectore
1153 4267 1455 4324 laudiﬂuo.
1932 4265 2333 4338 Multplicique
2363 4267 2537 4321 modo
2570 4268 2767 4320 manet
2798 4264 2940 4321 utile
2971 4264 3203 4320 culmen
3236 4281 3460 4332 earum,

162 4363 579 4434 Lzetanturque
611 4360 782 4416 bonis
805 4377 982 4431 super
1011 4357 1287 4414 omnibus
1318 4356 1414 4413 ille
1446 4355 1736 4430 benignus
2001 4354 2296 4410 Exteriore
2326 4371 2554 4427 gerens,
2590 4353 2865 4410 interiora
2896 4357 3119 4425 tegens.

236 4455 376 4519 Quae
408 4452 616 4507 statuit
646 4449 874 4506 cunctis
906 4447 1120 4504 Praesul
1153 4447 1348 4518 opima
1378 4446 1524 4502 dari.
1931 4442 2095 4500 Talia
2125 4448 2180 4498 et
2212 4443 2459 4499 auxistis
2490 4443 2586 4498 hic
2616 4459 2856 4515 organa,
2893 4441 3089 4513 qualia
3120 4457 3415 4512 nusquam

159 4541 414 4600 Eercula
443 4544 583 4596 sunt
613 4539 867 4595 admista
885 4537 1094 4609 epulis,
1119 4536 1285 4592 cibus
1315 4534 1508 4590 omnis
1539 4534 1818 4590 abundat.
2002 4531 2354 4600 Cernuntur,
2389 4529 2622 4603 gemino
2654 4530 3030 4586 constabilita
3059 4529 3204 4585 solo.

236 4630 451 4688 Nullus
483 4631 649 4686 adest
681 4627 886 4696 tristis,
921 4626 1114 4683 omnis
1147 4625 1312 4681 adest
1343 4623 1568 4679 hilaris.
1933 4619 2157 4675 Bisseni
2191 4636 2371 4691 supra
2401 4620 2701 4675 sociantur
2728 4619 2789 4673 in
2820 4618 3024 4674 ordine
3057 4617 3242 4685 folles,

138 4721 343 4777 .Nulla
373 4720 578 4786 fames,
617 4718 717 4774 ubi
749 4720 890 4773 sunt
917 4717 1146 4771 cunctis
1177 4713 1420 4770 obsonia
1451 4713 1660 4783 plenis,
1856 4735 1902 4799 Ι)
2007 4709 2372 4799 Inferiusque
2398 4709 2597 4799 jaceat
2628 4711 2880 4799 quatuor
2909 4711 3086 4799 atque
3112 4707 3333 4799 decem.

237 4810 310 4864 Et
340 4813 601 4863 remanet
626 4807 784 4862 vario
819 4822 1021 4860 mensa
1051 4804 1258 4859 referta
1289 4802 1448 4869 cibo;
1856 4795 1891 4799 ⁷
1939 4799 2198 4854 Flatibus
2229 4795 2470 4852 alternis
2503 4795 2797 4866 spiracula
2828 4795 3085 4852 maxima
3115 4796 3387 4862 reddunt,

165 4898 586 4968 Pincernmque
615 4895 745 4968 vagi
779 4894 1012 4951 cellaria
1043 4910 1193 4963 saepe
1225 4892 1614 4963 frequentant,
2008 4891 2162 4954 Quos
2195 4888 2418 4956 agitant
2447 4884 2624 4940 validi
2657 4885 3030 4956 septuaginta
3057 4883 3185 4941 viri.

239 4986 644 5058 Convivasque
676 4989 900 5058 rogant,
937 4987 1001 5039 ut
1032 4983 1228 5037 bibere
1261 4980 1563 5050 incipiant.
1937 4976 2182 5033 Brachia
2211 4979 2510 5028 versantes
2543 4974 2728 5027 multo
2761 4979 2817 5028 et
2848 4974 3062 5029 sudore
3093 4974 3416 5039 madentes,

164 5074 439 5131 Crateras
472 5057 716 5146 magnos
749 5057 1036 5140 Statuunt,
1071 5075 1126 5125 et
1154 5070 1286 5125 vina
1319 5073 1616 5132 coronant,
2008 5063 2400 5133 Certatimque
2434 5078 2572 5117 suos
2606 5061 2824 5132 quique
2851 5069 3092 5117 monent
3122 5057 3313 5118 socios
3349 5079 3361 5115 :

243 5164 554 5218 Miscentes
585 5167 755 5234 potus
783 5161 1018 5233 potibus
1048 5158 1396 5214 innumeris.
1937 5154 2173 5208 Viribus
2202 5158 2268 5206 ut
2298 5151 2436 5205 totis
2471 5149 2778 5221 impellant
2807 5151 3047 5207 ﬂamina
3076 5168 3336 5217 sursum,

166 5253 430 5310 Facundi
470 5251 700 5320 calices,
737 5251 836 5307 ubi
872 5249 1125 5305 rusticus
1160 5247 1405 5318 impiger
1439 5245 1634 5300 hausit
2010 5243 2076 5296 Et
2108 5239 2299 5310 rugiat
2330 5238 2497 5307 pleno
2531 5255 2706 5308 capsa
2736 5239 2946 5294 referta
2976 5239 3110 5296 sinu
3148 5256 3158 5294 :

242 5341 632 5413 Spumantem
662 5344 921 5411 pateram
955 5337 1184 5410 gurgite
1217 5335 1560 5389 melliﬂuam
1596 5350 1607 5386 :
1938 5331 2072 5388 Sola
2101 5327 2562 5400 quadringentas
2595 5344 2719 5397 quso
2755 5327 3008 5384 sustinet
3036 5328 3239 5386 ordine
3267 5346 3488 5397 musas,

163 5428 233 5486 El
267 5430 507 5485 tandem
540 5428 710 5500 pleno
743 5444 804 5484 se
835 5431 1026 5486 totum
1060 5423 1295 5497 produit
1320 5439 1481 5492 auro,
2010 5423 2165 5486 Quas
2197 5433 2408 5472 manus
2441 5415 2699 5488 organici
2731 5421 3018 5488 temperat
3051 5417 3289 5491 ingenii.

241 5518 576 5591 Setigerum
608 5522 874 5574 mentum
906 5514 1292 5573 concutiendo
1321 5527 1519 5568 suum.
1939 5509 2054 5567 Has
2089 5507 2274 5579 aperit
2303 5505 2556 5574 clausas,
2584 5503 2914 5576 iterumque
2943 5505 3051 5562 has
3083 5506 3305 5566 claudit
3337 5510 3586 5579 apertas,

162 5605 384 5678 Sicque
414 5605 540 5662 dies
572 5605 836 5677 alterque
865 5605 990 5661 dies
1021 5602 1305 5676 processit
1337 5601 1395 5655 in
1429 5597 1683 5671 hymnis,
2009 5596 2199 5669 Exigit
2230 5599 2294 5649 ut
2321 5593 2464 5649 varii
2496 5597 2656 5649 certa
2685 5609 2949 5650 camama
2978 5595 3128 5653 soni.

237 5723 354 5794 (24)
377 5721 507 5794 Haec
537 5725 658 5794 tam
682 5721 835 5794 clare
861 5726 1040 5794 atque
1072 5716 1470 5794 indubitanter
1492 5732 1525 5770 a
1545 5713 1850 5771 Wolstano
1882 5716 2214 5772 referuntur
2245 5711 2314 5767 de
2344 5709 2675 5766 conditione
2707 5710 2840 5768 novi
2870 5711 3116 5770 emnobii
3140 5705 3584 5780 Wintoniensis,

160 5788 614 5856 ut'ea'IEltredo
647 5792 768 5864 regi
803 5788 980 5850 tribui
1013 5807 1128 5850 non
1159 5788 1363 5861 possit.
