3868 6482
283 555 388 614 lii

281 685 724 758 Considuntque
756 686 872 742 duo
905 687 1173 742 concordi
1210 691 1439 759 pectore
1471 688 1699 754 fratres,

354 774 424 829 Et
452 773 600 846 regit
628 774 1009 845 alphabetum
1044 779 1232 830 rector
1262 779 1507 848 uterque
1539 791 1734 831 suum.

283 863 546 933 Suntque
578 867 785 935 quater
819 864 985 919 denis
1018 864 1245 920 occulta
1278 866 1567 920 foramina
1597 863 1836 936 linguis,

354 950 534 1023 Inque
565 968 672 1007 suo
704 952 915 1008 retinet
945 954 1148 1009 ordine
1182 970 1426 1026 qumque
1458 954 1681 1008 decem.

281 1040 405 1095 Huc
435 1039 557 1095 alia:
590 1044 855 1108 currunt,
890 1041 1030 1096 illuc
1062 1041 1305 1114 aliaeque
1337 1044 1672 1107 recurrunt;

353 1129 659 1186 Servantes
693 1129 952 1186 modulis
984 1131 1220 1202 singula
1250 1136 1468 1203 puncta
1498 1132 1645 1187 suis.

281 1219 350 1274 Et
380 1218 597 1273 feriunt
618 1217 876 1290 jubilum
913 1224 1135 1291 septem
1170 1220 1513 1277 discrimina
1544 1238 1773 1286 vocum,

354 1305 637 1362 Permiste
670 1304 833 1379 lyrici
868 1309 1125 1364 carmine
1158 1310 1430 1365 semitoni
1467 1328 1478 1364 :

282 1395 464 1468 Inque
496 1397 736 1451 modum
768 1396 1022 1452 tonitrus
1053 1414 1161 1453 vox
1193 1400 1377 1454 ferrea
1407 1400 1669 1454 verberat
1697 1417 1885 1465 aures,

353 1484 564 1540 Praeter
595 1485 661 1540 ut
687 1485 848 1542 hunc
879 1486 1069 1542 solum
1102 1487 1183 1541 nil
1217 1488 1407 1559 capiat
1439 1488 1717 1543 sonitum.

283 1573 605 1647 Cencrcpat
624 1575 683 1629 in
703 1578 932 1630 tantum
956 1591 1138 1631 sonus
1158 1575 1599 1650 hinc,illineque
1619 1576 1930 1644 resultans,

356 1662 613 1735 Quisque
644 1680 823 1718 manu
857 1663 1089 1735 patulas
1123 1664 1358 1720 claudat
1387 1670 1453 1720 ut
1483 1666 1797 1733 auriculas,

283 1752 448 1807 Haud
481 1768 781 1823 quaquam
813 1751 1055 1808 sufferre
1078 1752 1276 1808 valens
1304 1753 1625 1826 propiando
1649 1756 1909 1828 rugitum

354 1843 537 1906 Quem
571 1840 825 1896 reddunt
853 1840 996 1896 varii
1030 1842 1479 1914 concrepitando
1513 1845 1641 1899 soni
1676 1861 1689 1899 :

284 1930 704 2001 Musarumque
734 1928 919 1985 melos
952 1928 1189 1985 auditur
1223 1930 1438 2003 ubique
1466 1949 1567 2004 per
1599 1934 1823 2003 urbem,

353 2020 421 2073 Et
451 2023 720 2091 peragrat
748 2021 930 2074 totam
963 2018 1121 2074 fama
1149 2019 1352 2076 volans
1382 2021 1653 2094 patriam.

282 2108 400 2164 Hoc
433 2108 611 2164 decus
640 2106 897 2163 ecclesiae
927 2107 1082 2163 vovit
1111 2111 1213 2163 tua
1245 2125 1385 2164 cura
1415 2110 1689 2180 Tonanti,

354 2196 635 2269 Clavigeri
668 2196 845 2268 inque
876 2196 1027 2253 sacri
1058 2196 1270 2252 struxit
1296 2198 1515 2255 honore
1547 2200 1716 2256 Petri.

284 2288 533 2358 Insuper
562 2283 855 2341 excelsum
888 2283 1107 2341 fecistis
1139 2289 1195 2340 et
1225 2286 1435 2342 addere
1468 2288 1753 2362 templum

356 2377 478 2441 Quo
511 2372 635 2430 sine
665 2377 835 2430 nocte
866 2380 1066 2429 manet
1095 2375 1435 2431 continuata
1465 2377 1610 2433 dies.

286 2462 493 2519 Turris
525 2462 595 2518 ab
628 2478 735 2548 axe
765 2462 960 2531 micat,
995 2479 1108 2535 quo
1150 2463 1235 2519 sol
1267 2464 1503 2520 oriende
1536 2472 1824 2537 coruscat,

357 2554 427 2608 Et
454 2551 677 2624 spargit
706 2549 855 2607 lucis
887 2551 1113 2624 spicula
1143 2552 1333 2626 prima
1361 2571 1501 2611 sum.

287 2642 553 2713 Quinque
583 2643 743 2695 tenet
782 2641 997 2712 patulis
1028 2647 1331 2715 segmenta
1368 2644 1600 2700 oculata
1640 2645 1933 2718 fenestris,

359 2732 463 2786 Per
492 2730 865 2802 quadrasque
898 2728 1101 2802 plagas
1134 2730 1338 2802 pandit
1367 2732 1586 2805 ubique
1614 2734 1759 2791 vias.

285 2822 454 2875 Stant
484 2819 711 2874 excelsa
739 2816 916 2873 tholis
941 2822 1193 2875 rostrata
1225 2822 1533 2877 cacumina
1561 2824 1764 2895 turris,

359 2908 701 2965 Fornicibus
730 2907 907 2964 variis
938 2912 994 2963 et
1026 2907 1259 2964 sinuata
1290 2909 1529 2967 micant.

284 3003 417 3066 Quae
451 2998 535 3053 sic
567 2997 870 3070 ingenium
902 2995 1101 3053 decuit
1129 3015 1368 3055 curvare
1398 3001 1650 3072 peritum
1687 3020 1700 3058 :

354 3088 516 3154 Quod
552 3085 699 3142 solet
730 3086 786 3140 in
820 3084 1084 3157 pulchris
1117 3087 1327 3143 addere
1367 3089 1614 3162 pulchra
1642 3092 1808 3150 locis.

283 3179 410 3233 Stat
441 3188 618 3249 super
648 3173 869 3231 auratis
899 3174 1071 3248 virgze
1104 3176 1406 3255 fabricatio
1437 3179 1635 3237 bullis.

352 3268 577 3321 Aureus
611 3268 667 3319 et
697 3269 885 3319 totum
920 3264 1196 3336 splendor
1225 3267 1473 3324 adornat
1501 3286 1670 3342 opus,

282 3358 449 3412 Luna
479 3357 752 3411 coronato
786 3353 1013 3426 quoties
1046 3354 1355 3411 radiaverit
1383 3360 1537 3428 ortu,

351 3443 613 3500 Alterum
645 3443 717 3498 ab
748 3442 867 3496 aede
898 3459 1064 3499 sacra
1091 3443 1281 3517 surgit
1308 3446 1379 3500 ad
1414 3451 1573 3503 astra
1593 3447 1774 3520 jubar
1809 3466 1821 3504 :

282 3535 341 3591 Si
375 3537 543 3590 nocte
575 3530 850 3603 inspiciat
881 3530 1039 3588 hunc
1072 3526 1473 3604 praetereundo
1508 3535 1714 3607 viator,

353 3623 422 3678 Et
450 3627 668 3678 terram
702 3618 901 3676 stellas
932 3621 1116 3677 credit
1144 3621 1358 3681 habere
1389 3620 1547 3682 suas.
1660 3694 1661 3697 η

279 3712 531 3768 Additur
560 3711 630 3766 ad
667 3709 961 3782 specimen
996 3712 1112 3767 stat
1139 3709 1192 3766 ei
1222 3712 1379 3785 quod
1410 3712 1622 3772 vertice
1649 3713 1840 3788 gallus

350 3803 576 3856 Aureus
609 3801 817 3855 ornatu
848 3799 1090 3873 grandis
1121 3802 1178 3855 et
1206 3798 1445 3859 intuitu.
1780 3792 1781 3795 “

282 3889 537 3961 Despicit
566 3903 741 3944 omne
770 3886 982 3956 solum,
1017 3886 1243 3945 cunctis
1283 3891 1679 3967 supereminet
1700 3882 1857 3949 arVis

353 3976 624 4052 Signiferi
656 3980 713 4032 et
742 3978 931 4033 Boreae
963 3975 1157 4057 sidera
1184 3978 1433 4051 pulchra
1464 3980 1690 4037 videns.

281 4066 529 4141 Imperii
547 4066 853 4138 Seeptrum
886 4062 1153 4143 pedibus"
1166 4070 1337 4141 tenet
1356 4066 1452 4124 ille
1482 4062 1773 4143 superbis,

351 4155 479 4212 Stat
506 4170 682 4225 super
712 4158 769 4209 et
796 4158 1076 4233 cunctum
1096 4150 1421 4233 _Wintonize
1454 4154 1757 4230 populum.

280 4246 533 4318 Imperat
562 4247 619 4299 et
647 4240 877 4300 cunctis
903 4230 1134 4305 evectus
1255 4232 1390 4321 aera
1418 4236 1610 4317 gallis.

349 4316 419 4390 Et
447 4333 594 4406 regit
623 4316 1543 4409 ecciduumgnebilis'imperium.
1602 4398 1603 4401 η

280 4400 539 4495 Impiger
560 4410 895 4503 imbriferos
914 4404 1019 4503 qui
1046 4400 1590 4503 ‘susci‘pitfundique
1618 4426 1841 4491 ventos,

349 4512 538 4584 Seque
571 4496 815 4589 τοιαηᾷλᾷ
1293 4505 1380 4577 eis
1409 4506 1643 4565 faciem.

349 4523 538 4584 Seque
571 4523 814 4566 retanda
847 4523 1267 4652 suauégrtenet
1293 4523 1380 4577 eis
1409 4523 1639 4565 lactem.

276 4598 553 4656 Turbi'nis
583 4584 985 4673 horrié‘ofuesgs
1002 4586 1013 4667 ί
1301 4592 1542 4653 viriliter
1571 4597 1744 4655 ictus.

346 4670 682 4760 Intrepidus
1278 4683 1440 4741 nives
1468 4684 1743 4758 tolerans,

273 4756 1239 4851 Oceano—selemereluivi'dit‘tipise
1270 4779 1538 4841 ruentem
1576 4794 1587 4831 :

264 4900 268 4902 ~
342 4866 577 4921 Aurorae
1104 4844 1173 4933 et
1202 4860 1298 4917 hic
1330 4864 1581 4921 radium.

270 4957 316 5009 A
347 4954 519 5026 longe
547 4926 1062 5031 advpiiieiis'eculo
1092 4930 1319 5007 vicinus
1349 4952 1623 5021 adhzeret,

343 5020 501 5114 Figit
949 5034 1305 5095 disseciante
1336 5040 1482 5096 loco.

271 5131 394 5195 Quo
424 5120 876 5200 fes'silisjffipitur
901 5125 1313 5185 visumirante
1343 5131 1548 5200 viator,

340 5217 411 5273 Et
436 5192 944 5287 Ρθᾶῦίῖίίἓὶἶὶηοῐϋε
974 5214 1197 5272 lumine
1220 5219 1466 5291 junctus
1498 5192 1681 5277 adest.

270 5298 615 5379 Plurg.’
644 5294 739 5375 hi9
771 5300 1024 5361 addam?
1056 5310 1177 5363 tota
1206 5309 1418 5365 virtute
1450 5309 1680 5367 laboras

339 5370 900 5449 Utadecerestotum
934 5395 1197 5469 undique
1229 5397 1582 5454 coenobium.

268 5479 453 5555 emus
482 5480 671 5546 nuper
698 5483 826 5534 erat
855 5484 1128 5549 encae'nia
1140 5485 1246 5542 rite
1276 5491 1528 5558 peracta,

300 5590 301 5593 η
336 5562 729 5645 Etcelebrata
760 5570 908 5627 satis
939 5571 1140 5628 ordine
1174 5573 1422 5630 miriﬁce
1458 5591 1468 5629 :

266 5656 409 5733 Octo
440 5652 593 5725 quod
627 5656 847 5729 egregii
880 5659 1128 5718 Domino
1161 5679 1404 5720 sanxere
1434 5663 1751 5734 Hierarehi,

288 5774 297 5795 <
330 5744 495 5808 01108
516 5738 713 5795 Simul
732 5740 831 5802 hic
861 5747 1051 5820 pietas
1079 5751 1219 5806 fecit
1249 5752 1452 5808 adesse
1483 5752 1603 5807 Dei.

261 5831 495 5893 Primus
527 5831 653 5885 erat
683 5843 941 5901 quorum
974 5838 1267 5911 Sigericus
1300 5846 1569 5897 onomate
1598 5842 1864 5917 pulchre,

1208 557 1272 615 S.
1322 554 1840 616 ETHELWOLDI
1884 551 2225 617 WINTON.
2276 554 2514 613 EPISC.
2562 553 2767 613 Vl'l‘A.

3585 555 3697 614 112

1963 683 2018 751 Α
2120 683 2318 740 Victor
2346 685 2565 764 honore
2595 690 2821 758 potens,
2856 686 3037 742 victor
3069 688 3128 741 in
3163 703 3293 745 arce
3322 688 3518 743 nitens
3552 704 3567 743 :

2046 774 2192 827 Ante
2223 778 2492 845 retroque
2522 773 2768 839 micans,
2792 773 2997 829 habitu
3020 776 3391 831 venerandus
3422 778 3479 833 ct
3504 780 3664 832 actu.

2119 861 2300 934 Cujus
2332 864 2405 918 ab
2436 862 2664 934 eloquio
2698 862 2891 917 dulcia
2922 863 3095 919 mella
3128 865 3337 920 fluunt.

2047 951 2228 1014 Quem
2262 951 2415 1007 Deus
2446 968 2476 1006 e
2506 951 2668 1007 oculis
2701 956 2934 1006 tueatur
2964 952 3184 1025 ubique
3216 954 3489 1027 supernis
3524 972 3535 1009 :

2115 1039 2433 1111 Anglorum
2468 1040 2698 1112 populis
2730 1036 2918 1096 servet
2944 1046 3001 1096 et
3033 1034 3409 1098 incelumbm.

2047 1128 2210 1183 Hunc
2244 1129 2567 1184 .Elt'stanus
2598 1147 2796 1195 ovans,
2832 1129 2977 1184 alter
3020 1130 3333 1186 comitatur
3362 1137 3419 1187 et
3448 1131 3693 1188 Elfstan.

2116 1217 2424 1274 Pontifices
2457 1218 2648 1285 ambo,
2684 1218 2890 1289 plenus
2924 1224 3168 1291 uterque
3198 1220 3334 1275 Deo.

2044 1305 2303 1361 .Elflieah
2326 1305 2867 1373 adest,0rdbirhtus
2888 1306 3391 1375 adest,Wilfsinus
3407 1293 3693 1379 et/Elfrie,

2118 1394 2503 1466 Splendentes
2537 1398 2731 1451 cuncti
2759 1398 2891 1466 jure
2926 1397 3256 1453 sacerdotii.

2045 1484 2453 1556 Incipiuntque
2485 1501 2688 1539 omnes
2720 1483 3023 1540 modulata
3050 1498 3185 1541 voce
3217 1492 3490 1544 canentes
3527 1505 3538 1543 :

2115 1573 2229 1628 Pax
2260 1573 2338 1627 sit
2367 1573 2503 1628 huic
2535 1572 2758 1639 domui,
2792 1591 2904 1645 pax
2943 1574 3020 1629 sit
3051 1578 3106 1629 et
3136 1574 3229 1630 hic
3259 1575 3394 1631 fidei
3428 1593 3440 1629 :

2046 1662 2160 1717 Pax
2191 1664 2291 1717 fiat
2322 1660 2589 1729 intranti,
2627 1679 2739 1733 pax
2769 1667 2825 1718 et
2856 1663 2956 1717 ﬁat
2988 1664 3308 1735 egredienti
3343 1679 3358 1719 :

2117 1751 2359 1823 Semper
2388 1751 2449 1806 in
2481 1751 2708 1823 hocque
2747 1750 2892 1818 loco,
2926 1751 3056 1807 laus
3084 1753 3160 1807 sit
3188 1753 3492 1826 honorque
3526 1753 3664 1811 Dee.

2046 1840 2139 1895 Sic
2171 1839 2229 1894 in
2262 1839 2433 1895 laude
2463 1838 2563 1895 Oei
2595 1846 2873 1895 resonant
2904 1858 3050 1897 nova
3080 1842 3295 1898 mmnia
3324 1842 3550 1915 templi,

2116 1927 2319 1983 Omnis
2351 1933 2407 1984 et
2436 1928 2494 1983 in
2527 1928 2775 1983 Domino
2808 1928 3008 2001 lingua
3039 1929 3284 1985 resultat
3313 1947 3513 1987 ovans.

1967 2053 2013 2120 Β
2046 2018 2191 2073 Hinc
2221 2018 2458 2073 adstant
2485 2034 2773 2089 proceres,
2808 2020 2970 2091 pueri
3003 2018 3158 2086 hinc,
3185 2019 3570 2093 juvenesque,
3606 2037 3697 2077 se-

2116 2107 2185 2162 Et
2216 2106 2513 2162 celebrant
2542 2107 2728 2162 sancti
2760 2108 2975 2180 gaudia
3005 2108 3271 2164 ccenebii.
3430 2107 3697 2183 [nesque,

2045 2196 2139 2253 Sic
2171 2200 2368 2267 Optata
2400 2194 2497 2251 diu
2531 2197 2669 2251 data
2701 2213 2855 2251 nunc
2888 2197 3269 2253 memoranda
3297 2214 3399 2269 per
3428 2216 3639 2267 aevum,

2113 2284 2276 2340 Votis
2308 2284 2480 2356 plena
2511 2283 2625 2357 piis
2658 2285 2820 2339 fulsit
2851 2286 2909 2340 in
2944 2286 3086 2340 urbe
3117 2285 3272 2354 dies;

2046 2375 2106 2430 In
2138 2391 2258 2445 qua
2288 2372 2612 2447 promeruit
2643 2391 2750 2430 sua
2781 2374 2995 2448 gaudia
3024 2391 3258 2431 cernere
3290 2375 3513 2444 Pastor,

2115 2464 2436 2536 Ofﬁcioque
2466 2480 2632 2519 sacro
2667 2463 2906 2519 reddere
2937 2468 3070 2520 vota
3101 2464 3238 2520 Deo.

2045 2553 2190 2608 Hinc
2220 2558 2276 2608 te
2307 2551 2617 2608 Pontiﬁces
2650 2553 3038 2621 circumdant,
3073 2553 3211 2609 inde
3244 2553 3522 2610 ministri.

2116 2643 2197 2697 Te
2226 2647 2415 2697 totum
2448 2641 2647 2710 cinxit,
2684 2642 2818 2697 hinc
2848 2641 3054 2711 honor,
3089 2642 3226 2698 inde
3256 2643 3434 2698 favor.

2045 2732 2115 2790 Et
2142 2730 2321 2788 simul
2348 2730 2705 2805 hymnisona
2735 2732 2982 2786 fratrum
3013 2737 3259 2787 coeunte
3291 2748 3504 2787 corona
3536 2750 3547 2788 :

2116 2820 2374 2893 Quisque
2404 2825 2575 2877 tuum
2606 2824 2828 2886 votum,
2864 2836 2982 2892 qua
3010 2819 3165 2877 valet
3197 2824 3338 2888 arte,
3371 2819 3551 2876 canit.

2043 2911 2374 2968 Cimbalicze
2405 2927 2572 2966 voces
2605 2908 2848 2965 calamis
2879 2908 3204 2965 miscentur
3233 2909 3441 2965 acutis.

2115 2999 2576 3072 Disparibusque
2608 2998 2788 3069 tropis
2821 2996 2988 3053 dulce
3019 3015 3283 3053 cammna
3314 3001 3504 3054 sonat.

2043 3090 2290 3160 Insuper
2318 3093 2375 3143 et
2405 3087 2542 3143 cleri
2567 3086 2787 3158 jubilat
2817 3084 2981 3156 plebs
3013 3087 3205 3142 omnis
3236 3092 3294 3142 et
3324 3087 3521 3143 infans
3558 3105 3571 3143 :

2114 3179 2185 3233 Et
2215 3175 2457 3232 Deitatis
2483 3191 2652 3248 opem
2680 3175 2953 3229 machina
2985 3174 3139 3230 trina
3168 3180 3350 3229 tonat.

2044 3265 2278 3322 Laatitite
2308 3268 2690 3336 augmentum
2722 3261 3000 3335 quoniam
3032 3262 3370 3317 cumulatur
3401 3263 3460 3317 in
3495 3266 3664 3321 omni

2114 3354 2290 3410 Istius
2320 3351 2543 3424 antiqui
2576 3355 2738 3423 parte
2770 3350 3129 3405 monasterii.

1963 3421 2007 3488 ί)
2043 3421 2629 3514 Laetanturquecibis
2659 3455 2862 3495 omnes
2892 3438 3197 3511 epulisque
3228 3440 3446 3508 refecti,

2113 3531 2352 3588 Potibus
2382 3533 2438 3585 et
2466 3528 2639 3585 variis
2672 3526 2946 3584 omnibus
2979 3532 3155 3600 atque
3183 3528 3374 3585 bonis.

2040 3621 2135 3678 Sic
2165 3620 2346 3691 hujus
2376 3617 2561 3673 sancti
2594 3617 2772 3672 nituit
2799 3616 3110 3672 celebratio
3144 3617 3369 3691 templi,

2111 3707 2355 3765 Nomine
2386 3705 2702 3780 apostolico
2736 3706 3099 3761 sanctificata
3129 3705 3266 3762 Deo.

2040 3799 2169 3854 Haec
2199 3800 2289 3853 est
2317 3795 2452 3851 aula
2482 3794 2562 3867 pii
2592 3794 2822 3869 fulgens
2854 3795 2915 3850 in
2946 3798 3218 3849 onomate
3250 3795 3421 3859 Petri,

2111 3886 2218 3953 Qui
2250 3885 2397 3941 solet
2428 3883 2685 3940 excelsos
2718 3882 2876 3939 clave
2906 3882 3087 3957 ligare
3119 3884 3281 3955 polos
3316 3901 3330 3938 :

2038 3976 2147 4042 Qui
2180 3978 2492 4048 praestante
2522 3973 2639 4045 Deo
2672 3971 2959 4045 solvitque
2990 3971 3271 4046 ligamina
3301 3974 3542 4041 munde,

2112 4064 2180 4119 Et
2207 4067 2425 4119 reserat
2455 4061 2685 4118 cunctis
2716 4060 2917 4117 cealica
2946 4078 3126 4136 regna
3158 4061 3292 4134 piis.

2040 4154 2167 4211 Hazc
2195 4170 2447 4226 quoque,
2483 4151 2677 4220 Paule,
2712 4150 2819 4207 tibi
2847 4149 3253 4219 committitur,
3279 4149 3413 4207 aula
3445 4152 3687 4221 tuenda,

2109 4243 2217 4311 Qui
2244 4241 2449 4297 mundi
2483 4244 2724 4297 cunctos
2755 4257 2852 4296 ore
2883 4240 3088 4295 domas
3119 4239 3388 4313 populos.

2038 4332 2354 4389 Existantis
2385 4336 2450 4387 ut
2479 4330 2575 4387 hic
2605 4329 2885 4403 speciales
2916 4330 3088 4384 ambo
3119 4327 3349 4402 patroni
3384 4345 3397 4384 :

2107 4423 2210 4479 Est
2240 4421 2457 4494 quibus
2487 4437 2641 4476 unus
2675 4436 2837 4491 apex,
2872 4418 3055 4492 gloria
3085 4435 3306 4493 parque
3336 4417 3487 4491 polo.

2036 4512 2325 4569 Exaudire
2352 4510 2537 4566 Deum
2571 4507 2835 4580 rogitetis
2865 4511 2922 4563 et
2951 4506 3433 4579 omnipotentem,

2107 4601 2393 4673 Dignatur
2422 4597 2621 4671 populi
2654 4600 2787 4652 vota
2818 4612 3136 4669 precesque
3169 4596 3282 4653 sui.

2035 4689 2313 4761 Quisquis
2336 4691 2402 4743 ut
2430 4676 2538 4742 hoc
2570 4685 2855 4757 templum
2884 4684 3166 4741 beneficia
3196 4701 3433 4757 poscere
3455 4687 3688 4758 quatrit,

1957 4790 2004 4855 D
2109 4779 2383 4851 Impetret
2414 4794 2448 4831 a
2478 4774 2723 4830 Domino
2755 4774 2971 4848 gaudia
3000 4773 3173 4846 plena
3204 4772 3317 4846 pio.

2037 4869 2163 4933 Qua
2190 4867 2277 4921 vir
2308 4863 2662 4938 apostolicus
2688 4864 2844 4935 jacet
2874 4864 3068 4918 almus
3099 4867 3154 4918 et
3182 4862 3278 4918 ille
3311 4861 3544 4918 Birinus

2107 4956 2222 5012 Has
2254 4956 2481 5010 lavacro
2514 4957 2715 5026 gentes
2746 4951 2847 5024 qui
2878 4951 3018 5007 lavit
3048 4951 3345 5007 occiduas.

2035 5045 2408 5117 Signipetens
2442 5043 2499 5096 in
2541 5060 2608 5097 ea
2656 5045 2867 5113 pausat
2914 5057 3145 5112 quoque
3196 5041 3422 5095 demate
3456 5039 3519 5114 [ι.
3554 5057 3690 5096 cor-

2177 5132 2335 5205 pore]
2376 5130 2652 5187 Swithun

2105 5223 2213 5290 Qui
2244 5221 2516 5294 precibus
2547 5222 2827 5276 cunctum
2862 5217 3126 5274 sublevat
3157 5218 3314 5274 hunc
3342 5218 3651 5290 populum.

2034 5313 2096 5367 In
2129 5312 2319 5367 medie
2351 5308 2555 5382 templi
2587 5308 2814 5380 fulgent
2846 5308 3210 5380 Byrnstanus
3238 5311 3294 5363 et
3324 5308 3615 5377 IElfheah,

2102 5402 2243 5458 Jure
2276 5398 2585 5456 sacerdotii
2619 5397 2809 5453 culter
2839 5400 3084 5468 uterque
3115 5396 3237 5452 Dei.

2035 5493 2315 5547 Summus
2344 5494 2401 5546 et
2431 5487 2700 5555 antistes,
2725 5486 2925 5558 patriae
2951 5486 3149 5551 decus,
3174 5484 3324 5540 alter
3351 5489 3651 5557 egentum,

2105 5581 2249 5653 Spes
2282 5578 2757 5651 peregninorum,
2785 5573 3060 5647 splendor
3089 5573 3392 5645 honorque
3413 5573 3691 5641 Patrum;

2033 5670 2241 5725 Noster
2263 5666 2645 5723 Adelwoldus
2677 5670 2898 5736 pastor,
2925 5667 3089 5735 pater
3118 5667 3293 5733 atque
3326 5662 3630 5736 magister,

2102 5758 2284 5829 Cujus
2315 5756 2374 5811 in
2409 5760 2624 5811 aeterna
2652 5753 2783 5810 luce
2813 5755 3082 5810 coruscat
3113 5767 3279 5823 apex.

2030 5847 2211 5920 Cujus
2243 5846 2303 5903 in
2330 5844 2651 5917 Anglorum
2683 5842 2859 5899 micat
2892 5839 3049 5898 omni
3080 5838 3283 5897 limine
3316 5848 3554 5910 nomen,
