3868 6484
126 17 2264 139 ἦ*

276 566 389 625 123
1268 566 1703 626 W'IDUKINDI
1751 564 2259 624 CORBEIENSIS
2306 566 2680 625 MONACHI.
3582 570 3696 629 124

271 700 435 767 vidit,
466 696 577 772 ipsi
612 696 986 772 tribuerefas
1018 698 1174 772 duxi,
1212 696 1520 772 plerasque
1567 700 1761 772 tamen
1794 697 1922 768 ejus
1950 697 1999 764 Α
2034 713 2125 752 me
2158 714 2390 772 summo
2422 698 2626 772 Pertzii
2649 698 2961 772 consilioet
2977 699 3191 755 auxilio
3213 701 3486 772 adjutum
3510 699 3695 758 fuisse

274 777 442 826 notas
472 767 667 842 rejeci.
702 771 837 842 Quae
872 768 1131 823 Leibnitz
1161 767 1228 822 et
1248 769 1511 842 Bouquet
1540 767 1919 842 adnotaru’nt,
2035 769 2372 842 gratissimo
2401 769 2598 825 animo
2623 771 2917 842 proﬁteor.

270 843 365 897 vix
385 837 561 896 semel
594 843 696 893 aut
726 838 815 892 bis
847 854 973 909 qua:
1003 844 1402 909 repeterentur
1426 838 1603 907 digna
1617 837 1741 893 visa
1761 842 1921 893 sunt.
2039 837 2065 841 ⁷
2247 841 2581 897 Hannowrav.
2610 837 2662 897 ἁ.
2696 841 2751 896 d.
2786 858 2848 897 III
2878 842 3011 898 Idus
3041 842 3192 898 Febr.
3230 843 3387 899 1839.

273 912 497 983 Ubique
526 927 660 965 vero
691 909 749 963 in
782 908 890 964 hac
925 908 1263 964 Widukindi
1294 910 1548 964 editione
1586 910 1927 965 adornanda
3283 916 3348 971 G.
3384 915 3603 971 Warrz.

880 1230 983 1289 AD
1055 1228 1424 1289 DOMINAM
1498 1226 2017 1287 MAH'I‘HILDAM
2078 1226 2094 1260 ¹
2171 1227 2701 1289 IMPERATORIS
2770 1229 3062 1292 FILIAM.

991 1396 1300 1483 LIBRI
1356 1396 1660 1482 PRIMI
1715 1395 2126 1484 INCIPIT
2180 1394 2834 1485 ΡΒΑΞΡΗΑΤΙΟ
2889 1389 2946 1484 ².

335 1682 496 1737 Flore
519 1684 538 1716 ³
568 1681 835 1753 virginali
870 1699 1002 1736 cum
1044 1683 1350 1751 majestate
1397 1679 1686 1752 imperiali
1718 1696 1784 1735 ac
1816 1696 1905 1734 sa-
1938 1681 1986 1747 Β
2016 1679 2238 1735 sissimi
2273 1697 2363 1735 res
2394 1685 2590 1753 gestas
2622 1680 2917 1736 memoriae
2948 1681 3194 1739 traditas
3230 1681 3460 1756 legeris,
3495 1684 3683 1742 habes

258 1770 478 1842 pientia
511 1769 793 1840 singulari
828 1770 1071 1842 fulgenti
1107 1768 1356 1823 domine
1390 1768 1727 1824 Mabthildze
1772 1767 1908 1821 ulti-
2019 1769 2175 1823 unde
2204 1786 2271 1823 ex
2303 1770 2525 1841 optima
2553 1773 2610 1825 et
2640 1768 3067 1842 gloriosissima
3096 1768 3305 1826 melior
3339 1770 3681 1843 gloriosior-

257 1876 391 1913 mus
426 1858 788 1913 servulorum
824 1857 1037 1913 Christi
1081 1857 1390 1912 martirum
1424 1856 1703 1929 Stephani
1734 1860 1909 1927 atque
2018 1873 2131 1928 que
2156 1857 2452 1913 efﬁciaris.
2486 1857 2601 1913 Nec
2632 1861 2829 1913 tamen
2862 1858 3061 1914 omnia
3106 1875 3307 1915 eorum
3356 1865 3524 1933 gesta
3571 1879 3683 1920 nos

253 1947 391 2017 Viti,
425 1947 706 2003 Corbeius
729 1947 749 1980 δ
777 1945 1177 2002 Widukindus
1198 1946 1240 2014 ⁸,
1273 1944 1452 2001 totius
1486 1945 1784 2000 servitutis
1817 1946 1910 2000 de-
2016 1962 2186 2017 posse
2221 1946 2716 2019 comprehendere
2748 1948 3021 2015 fatemur,
3057 1948 3159 2003 sed
3203 1948 3455 2005 strictim
3486 1955 3547 2006 et
3578 1968 3687 2023 per

253 2036 625 2091 votissimum
647 2035 668 2069 ⁸
698 2034 1049 2090 famulatum
1082 2051 1396 2106 veramque
1416 2035 1476 2089 in
1501 2032 1794 2090 Salvatore
1814 2050 1904 2089 sa-
2015 2038 2209 2105 partes
2242 2035 2581 2104 scribimus,
2616 2039 2680 2090 ut
2711 2051 2904 2091 sermo
2936 2035 3013 2090 sit
3060 2035 3390 2109 legentibus
3437 2037 3678 2111 planus,

254 2125 459 2181 lutem.
480 2123 756 2191 Quamvis
790 2128 843 2179 te
874 2127 1129 2196 paternae
1161 2121 1430 2195 potentia:
1450 2122 1472 2155 ⁷
1496 2122 1681 2193 gloria
1703 2122 1904 2194 singu-
2015 2139 2131 2177 non
2164 2124 2527 2179 fastidiosus.
2564 2124 2675 2178 Sed
2707 2128 2764 2178 et
2794 2124 2865 2178 de
2895 2123 3120 2197 origine
3152 2129 3429 2198 statuque
3458 2128 3680 2199 gentis,

252 2212 393 2269 laris
448 2212 784 2285 magniﬁcet
829 2228 897 2267 ac
945 2211 1277 2267 clarissima
1322 2211 1551 2266 decoret
1598 2210 1901 2282 sapientia,
2016 2210 2074 2264 in
2108 2227 2225 2282 qua
2254 2209 2380 2283 ipse
2412 2228 2608 2267 rerum
2642 2211 2918 2266 dominus
2951 2211 3259 2269 Heinricus
3282 2212 3303 2247 ⁸
3331 2213 3563 2287 primus
3599 2234 3681 2272 re»

252 2306 455 2357 nostra
482 2306 679 2356 tamen
710 2300 1014 2357 humilitas
1045 2300 1351 2372 praesumit
1373 2300 1442 2355 de
1464 2300 1727 2371 proxima
1747 2316 1906 2371 scep-
2013 2300 2230 2371 gnavit,
2265 2317 2454 2371 pauca
2504 2300 2758 2356 scribere
2802 2301 3019 2368 curavi,
3050 2305 3116 2356 ut
3163 2318 3232 2357 ea
3269 2301 3516 2376 legendo
3547 2306 3678 2361 ani-

250 2390 358 2446 tris
391 2406 622 2461 semper
654 2389 986 2455 clementia,
1018 2388 1157 2461 quia
1216 2392 1417 2444 nostra
1475 2386 1699 2443 devotio
1739 2403 1773 2441 a
1802 2392 1906 2443 tua
2013 2403 2177 2441 mum
2206 2386 2479 2456 oblectes,
2518 2405 2690 2443 curas
2741 2388 2977 2455 releves,
3031 2388 3276 2462 pulchro
3327 2393 3444 2447 otio
3477 2408 3676 2450 vaces.

250 2478 464 2553 pietate
496 2476 1110 2551 suscipiatur,etiamsi
1133 2493 1248 2533 non
1273 2475 1744 2531 mereatur.l\'am
1768 2492 1901 2531 cum
2015 2475 2194 2547 Legat
2226 2476 2406 2549 igitur
2430 2481 2531 2531 tua
2564 2476 2800 2532 claritas
2830 2476 3012 2532 istum
3062 2477 3323 2533 libellum
3356 2496 3425 2536 ea
3454 2479 3680 2552 pietate

251 2573 451 2625 nostro
480 2567 677 2624 labore
708 2565 891 2639 patris
924 2563 1312 2639 potentissimi
1347 2564 1553 2636 avique
1584 2562 1667 2619 tui
1699 2562 1903 2636 glorio-
2012 2563 2198 2619 nostri
2231 2580 2599 2636 memor,qua
2618 2570 2707 2622 est
2738 2565 3105 2639 conscriptus
3136 2567 3453 2625 devotione.
3471 2568 3675 2627 Vale”.

1612 2730 1865 2770 nxrmcrr
1904 2714 1947 2749 ¹⁰
1986 2730 2294 2771 PBEFATIO.

1599 2838 1841 2895 VARle
1880 2838 2298 2895 LECTIONES.

323 2971 338 3003 ³
371 2968 715 3022 matbildam
748 2969 795 3019 1.
873 2968 894 2999 '
925 2966 1001 3019 Ita
1028 2968 1102 3038 1;
1135 2965 1331 3020 desunt
1358 2965 1469 3038 hqec
1495 2967 1530 3018 2
1554 2973 1603 3019 et
1632 2966 1714 3029 A;
1750 2962 2216 3038 admatbildam
2231 2966 2493 3038 reginam
2516 2965 2847 3038 vvitiebindi
2882 2967 3138 3038 praefatio
3155 2969 3213 3024 3.
3298 2969 3320 3003 ⁸
3350 2970 3677 3026 malitliildi

247 3043 282 3093 2
308 3058 320 3105 ;
355 3040 443 3093 hic
470 3044 526 3093 et
552 3039 873 3109 pler-ammte
902 3036 1218 3109 matbildze,
1249 3037 1413 3109 seruet
1444 3043 1625 3109 tamen.
1645 3033 1978 3109 _mah_tilda_;
2012 3033 2377 3109 mabtildi_A_.
2435 3036 2454 3068 ‘
2484 3035 2795 3109 chorbeius
2824 3033 2897 3091 3f
2955 3038 2977 3072 δ
3007 3038 3371 3095 widikindus
3398 3044 3470 3107 2;
3504 3041 3577 3097 ν.
3616 3045 3673 3098 3.

248 3104 313 3163 Α.
391 3110 411 3143 ⁶
442 3104 854 3163 devotissimus
889 3109 937 3161 1.
1042 3107 1063 3138 τ
1095 3106 1393 3176 sapientiai
1423 3108 1488 3160 A.
1593 3106 1614 3139 ⁸
1644 3104 1919 3161 henricus
1950 3106 2003 3159 3.
2037 3122 2286 3176 semper;
2318 3106 2463 3161 deest
2488 3108 2554 3161 A.
2658 3107 2679 3141 θ
2707 3107 2852 3162 deest
2880 3110 2927 3163 1.
3033 3110 3079 3145 ¹⁰
3106 3110 3227 3165 Haec
3266 3127 3336 3167 ex
3387 3112 3435 3167 1.
3459 3104 3676 3170 addita

248 3188 394 3235 sunt.

1566 3380 1637 3435 IN
1643 3380 1881 3436 CIPIUN
1888 3382 1933 3437 T
1980 3379 2238 3437 CAPITU
2248 3382 2337 3436 LA

320 3509 368 3562 1.
405 3502 550 3573 Quia
578 3506 721 3561 alios
754 3504 981 3560 libellos
1014 3503 1315 3576 scripserit
1344 3508 1535 3576 preter
1564 3503 1765 3560 istum.
1919 3506 1963 3573 C
2075 3506 2162 3560 16.
2193 3505 2271 3561 De
2305 3503 2624 3561 Luthuvieo
2670 3509 2728 3560 et
2758 3505 3027 3562 Brunone
3057 3510 3114 3562 et
3145 3507 3385 3563 Oddone
3418 3514 3480 3565 et
3510 3511 3667 3568 Con-

314 3600 371 3651 2.
405 3597 483 3652 De
512 3595 735 3668 origine
767 3595 957 3667 gentis
990 3594 1272 3650 Saxonica
1300 3593 1520 3649 variam
1559 3593 1893 3665 opinionem
2005 3594 2146 3649 rado
2179 3610 2332 3665 rege.

245 3686 563 3741 multorum
596 3689 814 3740 narrat.
1468 3716 1479 3727 ς
2077 3685 2164 3737 17.
2199 3682 2280 3739 De
2311 3698 2445 3755 rege
2475 3681 2763 3738 Heinrico.

315 3777 367 3830 3.
402 3774 562 3840 Quod
599 3774 845 3828 navibus
880 3773 1100 3828 advecti
1147 3771 1265 3826 sint
1295 3771 1352 3826 in
1385 3770 1579 3827 locum
1611 3772 1712 3843 qui
1747 3771 1892 3827 dici-
2075 3772 2161 3825 18.
2195 3771 2277 3826 De
2307 3770 2576 3842 Ungariis
2602 3770 2703 3841 qui
2733 3775 2790 3826 et
2818 3772 3031 3827 Avares
3053 3772 3348 3830 dicuntur.

243 3866 339 3917 tur
370 3862 714 3918 Hathalaon.
2075 3860 2160 3915 19.
2196 3859 2434 3933 Ungarii
2459 3876 2492 3915 a
2519 3875 2731 3932 magno
2754 3859 2956 3916 Carolo
2983 3861 3295 3932 elausi,sed
3320 3864 3393 3919 ab
3412 3866 3667 3923 Arnult‘o

315 3953 365 4005 4.
401 3951 562 4016 Quod
589 3950 838 4021 graviter
857 3949 1169 4005 adventum
1185 3965 1384 4004 eorum
1405 3949 1691 4022 Thuringi
1707 3950 1894 4005 ferant
2000 3946 2252 4003 dimissi.

242 4044 299 4094 et
327 4056 464 4094 cum
495 4038 579 4093 eis
601 4042 881 4110 pugnent.
2068 4038 2159 4091 20.
2194 4035 2452 4102 Qualiter
2482 4036 2721 4109 Ungarii
2746 4037 3060 4093 Saxoniam
3089 4040 3417 4108 vastabant.

311 4129 364 4182 5.
401 4126 699 4191 Quomodo
732 4125 1069 4180 adolescens
1100 4129 1313 4180 terram
1339 4142 1479 4181 auro
1510 4127 1885 4198 comparavit.
2069 4126 2159 4180 21.
2194 4123 2501 4181 Heinricus
2534 4125 2600 4180 fit
2628 4126 2748 4180 dux
2778 4126 3045 4182 Saxonie.

311 4216 365 4270 6.
401 4214 689 4286 Thuringi
738 4220 1018 4269 accusant
1065 4214 1320 4270 Saxones
1352 4215 1422 4270 de
1454 4220 1625 4287 rupto
1658 4216 1885 4283 federe;
2069 4216 2158 4268 22.
2194 4214 2273 4269 De
2305 4212 2539 4269 Hinrico
2563 4214 2606 4250 ³⁸
2637 4218 2693 4269 et
2723 4214 2995 4287 episcopo
3047 4216 3312 4274 Hathone
3357 4223 3416 4274 et
3443 4220 3659 4277 comite

245 4304 502 4360 Saxones
533 4310 728 4359 autem
756 4303 1003 4358 victores
1034 4302 1308 4358 existunt.
1996 4301 2367 4358 Adelberhto.

308 4396 362 4448 7.
394 4394 555 4449 Unde
587 4394 842 4449 Saxones
874 4392 1164 4447 dicantur.
2067 4392 2158 4445 23.
2193 4391 2274 4447 De
2299 4390 2565 4446 Conrado
2597 4395 2653 4446 et
2680 4392 2810 4462 ejus
2840 4393 3017 4447 fratre
3046 4393 3383 4450 Evurbardo
3405 4397 3469 4451 ίο.

309 4484 361 4538 8.
397 4483 619 4539 Nomen
681 4484 974 4539 Saxonum
1036 4481 1261 4537 celebre
1307 4481 1371 4536 fit
1419 4485 1475 4536 et
1505 4498 1537 4536 a
1567 4481 1776 4537 Brettis
1828 4482 1885 4536 in
2065 4480 2155 4534 24.
2190 4478 2495 4535 Conradus
2517 4478 2746 4536 obsedit
2773 4479 3130 4537 Heinrioum.

238 4572 520 4628 auxilium
551 4576 887 4628 sumuntur.
2064 4568 2155 4623 25.
2189 4567 2439 4623 Conradi
2474 4568 2627 4641 regis
2659 4584 2850 4625 sermo
2882 4572 3017 4626 ante
3045 4574 3315 4630 mortem.

306 4664 360 4716 9.
393 4662 740 4718 Thiadricus
768 4664 807 4697 ¹²
842 4660 901 4716 in
934 4676 1127 4732 regem
1158 4658 1393 4732 eligitur
1423 4663 1479 4715 et
1508 4660 1763 4715 Saxones
1789 4676 1886 4715 vo-
2064 4658 2154 4713 26.
2188 4655 2567 4714 Evurhardus
2589 4658 2630 4694 ³⁷
2654 4673 2849 4732 regem
2877 4658 3184 4715 constituit
3214 4660 3571 4718 Heinricum.

236 4754 330 4804 cat
358 4751 418 4804 in
442 4750 724 4804 auxilium
757 4754 959 4805 contra
988 4749 1473 4821 Hyrminfridum.
2064 4748 2154 4800 27.
2190 4745 2497 4802 Heinricus
2555 4750 2752 4802 autem
2814 4763 2912 4803 rex
2969 4748 3162 4803 factus
3221 4751 3533 4807 confusum
3582 4750 3645 4806 in

311 4839 396 4892 10.
432 4837 590 4909 Iring
611 4837 1316 4893 “Thiadricum"contra
1345 4836 1600 4892 Saxones
1621 4836 1881 4908 instigat.
1919 4879 1962 4944 Β
1993 4835 2150 4890 brevi
2185 4834 2406 4908 colligit
2437 4851 2704 4908 regnum.

313 4927 397 4980 11.
434 4925 763 4998 Ilathagath
813 4926 1069 4981 Saxones
1101 4926 1172 4980 ad
1207 4925 1544 4981 bellandum
1592 4928 1881 4997 provocat.
1919 4923 1962 4944 ”
2064 4926 2153 4979 28.
2189 4924 2269 4981 De
2301 4923 2623 4980 Luthuvieo
2653 4929 2711 4981 et
2740 4924 2878 4981 filiis
2909 4925 3060 4996 ejus.

310 5015 395 5069 12.
430 5015 686 5070 Saxones
713 5019 885 5086 capta
915 5015 1059 5070 urbe
1091 5015 1393 5086 deponunt
1421 5014 1702 5086 aquilam.
2061 5013 2152 5068 29.
2188 5012 2268 5069 De
2298 5012 2500 5068 Carolo
2531 5017 2589 5069 et
2617 5013 2816 5071 Odone
2841 5017 2899 5070 et
2928 5014 3180 5086 posteris
3209 5032 3435 5072 eorum.

311 5102 393 5156 12.
430 5100 780 5156 Thiadricus
812 5102 857 5136 ιι
902 5100 1231 5157 Saxonibus
1302 5105 1519 5156 terram
1578 5101 1774 5168 tradit,
1829 5106 1884 5157 et
2063 5102 2152 5157 30.
2185 5100 2444 5168 Qualiter
2465 5102 2769 5160 Heinricus
2795 5103 3209 5177 rex“regnum
3233 5105 3650 5165 Lothariorum

237 5188 656 5244 Hirminfridus
689 5188 991 5245 occiditur.
1993 5190 2267 5248 obtinuit.

308 5279 394 5333 14.
429 5276 686 5343 Qualiter
717 5278 975 5332 Saxones
1005 5292 1174 5348 agros
1208 5276 1493 5345 dividunt,
1527 5280 1583 5334 et
1611 5278 1751 5350 quia
1780 5279 1881 5334 tri-
2061 5276 2151 5336 31.
2184 5279 2265 5335 De
2297 5277 2435 5336 ﬁliis
2481 5279 2635 5352 regis
2678 5280 2933 5337 Heinrici
2965 5284 3022 5338 et
3050 5281 3251 5354 regina
3295 5283 3649 5354 Mahthilda,

232 5364 405 5421 formi
437 5382 646 5437 genere
680 5382 744 5420 ac
778 5364 902 5433 lege
933 5366 1150 5419 vivunt.
1990 5374 2047 5425 et
2078 5368 2417 5441 genealogia
2446 5370 2595 5439 ejus.

307 5456 393 5509 15.
430 5452 689 5520 Qualiter
739 5468 838 5507 eos
891 5468 1141 5525 magnus
1212 5452 1455 5509 Carolus
1521 5455 1882 5514 Christianos
2061 5460 2151 5512 32.
2187 5457 2267 5513 De
2316 5456 2585 5530 Ungariis
2628 5461 2685 5513 et
2722 5459 3052 5531 deacaptivo
3085 5460 3128 5494 ¹⁰
3156 5475 3384 5532 eorum,
3417 5466 3476 5518 et
3506 5464 3653 5534 quia

234 5542 387 5599 fecit.
1991 5562 2103 5618 pax
2133 5562 2235 5618 per
2257 5562 2389 5601 eum
2424 5561 2630 5601 novem
2663 5546 2833 5603 annis
2860 5548 3091 5603 ﬁrmata
3117 5546 3210 5603 sit.

1582 5667 1822 5722 VARle
1864 5670 2280 5727 LECTIONES.

306 5794 347 5827 ¹¹
382 5791 733 5847 thriadrieus
764 5807 807 5845 c.
942 5793 984 5825 ¹²
1014 5789 1199 5861 irring
1236 5807 1280 5846 ε.
1414 5793 1457 5826 ¹³
1486 5791 1820 5848 tbadricum
1868 5810 1913 5850 ο.
2046 5794 2088 5830 ³⁸
2117 5795 2421 5851 thadrieus
2470 5812 2513 5850 ο.
2632 5796 2673 5830 ¹⁸
2704 5796 2930 5853 hinrico
2984 5814 3029 5852 c.
3161 5799 3202 5831 ¹⁶
3231 5797 3564 5856 euutbardo
3596 5821 3647 5858 ε.

230 5864 275 5898 ³⁷
305 5864 642 5920 euuhardus
672 5880 717 5918 ε.
834 5861 876 5895 ⁸⁸
911 5879 1127 5933 regnus
1160 5861 1273 5916 cod.
1374 5864 1418 5897 ιθ
1449 5863 1673 5935 captiva
1704 5880 1748 5917 ε.
