3868 6496
173 606 283 668 125

239 739 328 795 33.
357 739 436 796 De
468 755 646 795 manu
678 738 939 812 Dyonisii
969 736 1261 811 martyris.

240 827 329 884 34.
363 827 445 883 De
474 832 675 883 sancto
707 826 946 883 martire
972 826 1123 881 Vito.

241 918 328 973 35.
363 916 620 982 Qualiter
668 933 766 972 rex
812 914 1122 970 Heinrieus
1174 931 1380 970 novem
1433 933 1617 971 annos
1662 914 1819 988 pacis

172 1003 461 1063 habuerit.

242 1095 330 1149 36.
365 1094 445 1149 De
476 1094 741 1150 Redariis
775 1094 1066 1166 quomodo
1097 1093 1229 1147 victi
1264 1098 1422 1148 sunt.

244 1184 333 1238 37.
368 1182 448 1238 De
478 1182 701 1256 nuptiis
732 1182 837 1238 ﬁlii
868 1182 1041 1255 regis.

1202 604 1344 665 RES
1393 605 1665 664 GESTJ‘E
1712 604 2146 665 SAXONICXE.
2196 639 2269 645 ——
2312 604 2456 662 LIB.
2506 603 2552 660 Ι.

1847 738 1903 805 Α
2007 736 2097 793 38.
2124 736 2327 792 Contio
2380 733 2553 808 regis,
2583 738 2636 790 et
2685 734 2978 806 quomodo
3029 733 3312 805 Ungaries
3355 733 3587 806 publico

3476 602 3588 659 126

1932 825 2081 883 bello
2112 824 2266 881 vicit.

2002 914 2090 969 39.
2126 913 2427 981 Quomodo
2456 912 2639 967 victor
2673 928 2939 967 reversus
2988 916 3075 966 est
3116 916 3170 967 et
3210 912 3281 967 de
3325 912 3589 969 moribus

1931 1004 2080 1075 ejus.

1932 1150 1936 1154 ,
2006 1092 2091 1145 40.
2123 1091 2425 1156 Quomodo
2456 1091 2650 1147 Danos
2676 1089 2830 1144 vicit.

2006 1182 2093 1235 41.
2129 1180 2430 1246 Quomodo
2461 1180 2665 1235 morbo
2697 1182 2972 1251 gravatur
3004 1183 3059 1234 ct
3089 1178 3355 1246 moritur,
3390 1184 3447 1236 et
3489 1180 3587 1236 ubi

1934 1267 2230 1340 sepelitur.

1562 1410 1899 1451 IXPLICIUN‘I‘
1936 1409 2209 1451 CAPITULA

562 1686 865 1758 INCIPIT
921 1686 1162 1756 LIBER
1221 1686 1528 1757 PRIMUS
1585 1687 1883 1758 RERUM
1936 1686 2407 1759 GESTARUM
2462 1686 3075 1755 SAXONICAIlUM
3132 1688 3206 1754 2".

244 1865 296 1918 1.
332 1864 467 1918 Post
506 1877 749 1934 operum
822 1865 1156 1916 nostrorum
1210 1861 1549 1931 primordia,
1604 1861 1819 1932 quibus
1859 1865 1907 1929 Β
1940 1865 1997 1916 et
2027 1859 2230 1915 multis
2261 1860 2397 1916 hinc
2430 1861 2563 1915 inde
2597 1859 2958 1926 cadentibus,
2985 1859 3204 1931 placuit
3235 1862 3498 1933 utrisque
3520 1864 3592 1919 de

170 1950 395 2009 summi
428 1950 805 2021 Imperatoris
837 1948 1092 2004 militum
1141 1948 1472 2020 triumphos
1513 1949 1823 2017 declaravi,

170 2056 350 2095 nemo
382 2056 477 2094 me
498 2038 748 2094 miretur
777 2038 1108 2111 principum
1141 2042 1477 2094 nostrorum
1511 2055 1602 2093 res
1631 2043 1826 2109 gestas

167 2127 386 2183 litteris
412 2127 557 2183 velle
593 2127 1035 2194 commendare;
1070 2127 1210 2199 quia
1237 2126 1297 2183 in
1346 2126 1444 2182 illo
1475 2143 1649 2198 opero
1694 2143 1824 2198 pro-

166 2215 413 2272 fessioni
462 2232 624 2281 meas,
655 2219 721 2270 ut
768 2215 952 2287 potui,
977 2216 1135 2287 quod
1186 2214 1359 2270 debui
1413 2214 1616 2281 exolvi,
1653 2217 1826 2270 modo

167 2302 406 2376 generis
444 2304 752 2376 gentisque
782 2321 922 2359 mets
973 2302 1282 2371 devotioni,
1318 2310 1382 2357 ut
1430 2320 1598 2375 queo,
1632 2304 1824 2359 elabo-

168 2409 303 2449 rare
332 2409 450 2447 non
481 2391 560 2446 ett‘
563 2392 718 2462 ugio.

240 2483 365 2535 2⁸⁸.
408 2481 477 2535 Et
534 2480 792 2552 primum
849 2479 1088 2551 quidem
1139 2481 1210 2534 de
1270 2479 1494 2551 origine
1554 2484 1829 2552 statuque

169 2569 369 2643 gentis
400 2586 588 2642 pauca
616 2569 942 2642 expediam,
961 2585 1124 2624 soam
1157 2585 1303 2640 pene
1334 2570 1549 2623 famam
1574 2585 1828 2640 sequens

170 2658 232 2714 in
264 2657 378 2714 hac
410 2661 591 2730 parte.
623 2656 806 2713 nimia
835 2661 1120 2713 vetustate
1145 2673 1379 2712 omnem
1403 2657 1518 2712 fere
1536 2657 1831 2712 certitudi-

169 2763 309 2801 nem
342 2746 718 2807 obscurante.
733 2747 879 2801 Nam
902 2762 1081 2818 super
1102 2744 1212 2801 hac
1235 2762 1294 2800 re
1316 2744 1477 2801 varia
1497 2744 1693 2817 opinio
1716 2749 1823 2811 est,

171 2834 307 2890 aliis
340 2833 765 2889 arbitrantibus
795 2834 867 2889 de
898 2834 1077 2888 Danis
1101 2833 1639 2905 Northmannisque
1655 2835 1701 2867 ”
1721 2834 1830 2888 ori-

166 2922 372 2995 ginem
405 2922 642 2978 duxisse
673 2924 949 2990 Saxones,
984 2922 1115 2977 aliis
1148 2927 1342 2977 autem
1376 2922 1823 2987 aestimantibus,

165 3015 233 3067 ut
264 3011 394 3084 ipso
424 3010 896 3067 adolescentulus
929 3009 1125 3065 audivi
1166 3010 1463 3081 quendam
1507 3011 1825 3082 prmdican-

163 3099 418 3168 tem,'de
466 3099 700 3166 Graecis,
730 3099 868 3172 quia
911 3098 1024 3171 ipsi
1074 3099 1351 3165 dicerent,
1388 3101 1643 3155 Saxones
1695 3099 1827 3155 reli-

1937 1966 2079 2022 pace
2098 1954 2369 2017 tractare,
2392 1950 2581 2004 fmdus
2604 1948 2780 2016 inire;
2807 1953 3120 2020 actumque
3139 1950 3182 1984 ⁸⁷
3202 1952 3290 2005 est
3311 1951 3419 2006 fmd
3430 1968 3499 2005 us
3525 1968 3590 2006 eo

1938 2042 2126 2110 pacto,
2160 2055 2278 2110 quo
2309 2038 2592 2093 haberent
2622 2037 2878 2092 Saxones
2907 2037 3194 2092 vendendi
3241 2038 3591 2109 emendique

1937 2126 2477 2199 capiam,caaterum
2510 2127 2581 2180 ab
2616 2126 2795 2197 agris,
2829 2143 2863 2180 a
2895 2127 3049 2180 caade
3080 2126 3389 2181 hominum
3414 2132 3589 2199 atque

1937 2214 2143 2286 rapina
2167 2215 2555 2280 abstinerent;
2591 2213 2870 2284 stetitque
2890 2213 3032 2267 illud
3065 2215 3111 2247 ⁸⁸
3133 2215 3322 2269 fmdus
3352 2215 3591 2270 inviola-

1937 2302 2132 2357 biliter
2163 2303 2363 2357 multis
2391 2302 2620 2357 diebus.
2642 2301 2907 2372 Cumque
2940 2303 3269 2357 Saxonibus
3286 2303 3591 2359 defecisset

1938 2391 2205 2462 pecunia,
2239 2391 2381 2462 quid
2413 2391 2729 2445 venderent
2760 2393 2861 2444 aut
2890 2395 3150 2445 emerent
3183 2408 3298 2445 non
3330 2391 3591 2447 habenti-

1937 2481 2069 2547 bus,
2102 2479 2371 2534 inutilem
2405 2479 2516 2533 sibi
2550 2495 2750 2550 pacem
2785 2495 2912 2533 esse
2944 2478 3384 2535 arbitrabantur
3405 2483 3470 2535 ⁸9.

2006 2570 2060 2623 5.
2096 2569 2176 2623 Ea
2202 2567 2383 2640 igitur
2419 2571 2768 2638 tempestate
2800 2566 3043 2638 contigit
3092 2568 3521 2625 adolescentem
3545 2571 3591 2643 ’9

1936 2657 2232 2728 quendam
2265 2655 2461 2728 egredi
2484 2656 2555 2710 de
2586 2654 2832 2710 navibus
2854 2659 3160 2710 oneratum
3181 2656 3367 2712 multo
3390 2675 3531 2714 auro
3546 2659 3590 2693 “

1936 2750 2143 2816 torque
2174 2762 2369 2812 aurea,
2402 2743 2698 2815 simulque
2730 2743 2976 2799 armillis
3002 2744 3226 2810 aureis;
3262 2746 3356 2801 cui
3385 2747 3590 2802 obvius

1938 2835 2176 2906 quidam
2210 2834 2648 2905 Thuringorum
2680 2848 2693 2885 :
2731 2833 2871 2899 Quid
2899 2832 3007 2886 sibi
3036 2833 3379 2904 vult,inqnit
3398 2836 3591 2901 ",tam

1938 2925 2128 2993 ingens
2175 2940 2377 2978 aurum
2433 2924 2575 2977 circa
2628 2929 2784 2976 tuum
2832 2922 3148 2991 famelicum
3198 2923 3588 2978 collumPEm-

1933 3021 2159 3085 plorem,
2194 3011 2403 3083 inquit,
2441 3027 2638 3083 quaero,
2673 3010 2743 3065 ad
2771 3011 2949 3065 nichil
2988 3011 3143 3066 aliud
3192 3012 3341 3067 istud
3388 3028 3591 3067 aurum

1937 3117 2061 3172 gero
2081 3101 2157 3167 ³³;
2186 3101 2316 3172 quia
2344 3102 2493 3155 enim
2539 3101 2685 3170 fame
2728 3100 3035 3170 periclitor,
3085 3117 3187 3172 quo
3218 3117 3354 3157 auro
3414 3100 3591 3156 delec-

162 3189 344 3262 quias
376 3188 556 3297 fuisse
588 3186 945 3297 blacedonici
975 3188 1285 3253 exercitus,
1311 3188 1412 3285 qui
1443 3193 1678 3285 secutus
1712 3206 1829 3243 ma-
1857 3230 1899 3297 C
1938 3198 2019 3245 ter
2037 3190 2082 3225 ³⁸
2102 3193 2128 3243 2
2154 3191 2227 3243 At
2257 3189 2352 3243 ille
2385 3188 2730 3289 qualitatem
2763 3187 3272 3297 quantitatemque
3302 3190 3472 3261 pretii
3509 3208 3593 3245 ro-

161 3293 354 3350 gnum
389 3275 781 3332 Alexandrum
804 3276 884 3330 im
920 3281 1150 3330 matura
1189 3281 1375 3330 morte
1398 3276 1586 3347 ipsius
1610 3293 1710 3348 per
1747 3281 1828 3332 to-
1858 3275 1899 3297 “
1937 3287 2052 3351 gat.
2086 3278 2334 3343 Nullum,
2386 3276 2599 3348 inquit,
2655 3277 2826 3332 michi
2873 3278 3037 3343 est”,
3082 3278 3251 3341 Saxo,
3295 3278 3591 3334 dismimen

162 3369 296 3421 tum
346 3365 545 3420 orbem
592 3364 668 3420 sit
713 3364 1019 3435 dispersus
1069 3365 1201 3435 (83).
1251 3365 1537 3418 Caeterum
1592 3369 1823 3436 gentem

162 3454 475 3525 antiquam
502 3457 559 3508 et
588 3452 843 3508 nobilem
877 3453 1056 3508 fuisse
1079 3469 1195 3507 non
1228 3452 1577 3523 ambigitur;
1611 3454 1680 3508 de
1704 3453 1827 3525 qui-

163 3543 280 3599 bus
302 3550 364 3597 et
392 3541 452 3597 in
484 3541 751 3598 contione
781 3541 1049 3613 Agrippae
1083 3541 1153 3595 ad
1172 3540 1407 3596 Judaeos
1432 3541 1490 3597 in
1514 3542 1825 3613 Josepho"

162 3631 358 3687 oratio
387 3630 435 3665 ³⁵
464 3629 793 3686 contexitur
820 3630 953 3700 (84),
988 3634 1044 3685 et
1077 3628 1292 3685 Lucani
1326 3634 1505 3701 poeta)
1538 3629 1825 3686 sententia

163 3722 456 3792 probatur
485 3720 618 3791 (85).

233 3810 289 3864 3.
332 3808 439 3864 Pro
470 3812 624 3864 certo
658 3811 852 3863 autem
886 3806 1156 3862 novimus
1188 3807 1443 3862 Saxones
1466 3805 1558 3862 his
1582 3806 1825 3878 regioni-

160 3897 276 3954 bus
311 3898 559 3952 navibus
600 3897 868 3951 advectos
899 3897 1031 3967 (86),
1065 3900 1123 3951 et
1152 3895 1277 3951 loco
1330 3895 1588 3967 primum
1637 3895 1821 3966 appli-

162 3986 363 4043 cuisse
392 3986 495 4058 qui
528 4000 717 4056 usque
756 3985 931 4040 hodie
983 3988 1360 4055 nuncupatur
1380 3985 1425 4018 ³³
1456 3984 1757 4039 Hadolaun
1779 3984 1824 4017 ’⁸

234 4166 291 4220 4.
328 4161 543 4220 Incolis
573 4178 706 4218 vero
737 4163 1052 4217 adventum
1087 4178 1290 4217 eorum
1342 4160 1594 4233 graviter
1646 4160 1825 4216 feren-

163 4251 352 4308 tibus.
388 4251 488 4323 qui
518 4251 809 4322 Thuringi
836 4251 1154 4305 traduntur
1185 4250 1385 4317 fuisse,
1422 4267 1586 4305 arma
1623 4254 1825 4305 contra

160 4356 263 4397 eos
295 4342 562 4407 movent;
588 4339 919 4395 Saxonibus
946 4355 1078 4395 vero
1129 4339 1340 4395 acriter
1390 4339 1820 4405 resistentibus,

161 4432 404 4500 portum
437 4428 722 4486 obtinent.
748 4427 856 4484 Diu
888 4428 1099 4485 deinde
1119 4428 1269 4483 inter
1298 4444 1360 4484 se
1380 4427 1820 4495 dimicantibus,

1936 3370 1998 3422 in
2024 3369 2232 3439 pretio;
2266 3366 2530 3439 quidquid
2559 3365 2713 3420 dabis
2740 3374 2960 3437 gratum
3010 3373 3178 3421 teneo.
3233 3366 3334 3422 Ille
3384 3384 3518 3421 vero
3547 3367 3592 3401 ³⁸

1935 3455 2250 3511 subridens
2300 3454 2729 3510 adolescentem
2765 3471 2777 3508 :
2807 3454 2947 3522 Quid
2992 3456 3064 3519 si,
3114 3454 3326 3526 inquit,
3377 3455 3448 3510 de
3497 3458 3595 3511 ista

1929 3545 2152 3616 pulvere
2179 3546 2367 3598 sinum
2398 3544 2559 3597 tibi"
2592 3543 2828 3614 impleo?
2858 3547 2983 3597 erat
3011 3542 3167 3597 enim
3218 3544 3276 3597 in
3320 3544 3592 3614 prmsenti

1934 3632 2060 3688 loco
2090 3637 2286 3703 egesta
2309 3630 2527 3685 humus
2559 3629 2835 3702 plurima.
2869 3632 3018 3685 Saxo
3050 3630 3232 3685 nichil
3281 3636 3593 3687 cunctatus

1934 3719 2120 3792 aperit
2136 3718 2331 3774 sinum
2351 3721 2407 3772 et
2423 3717 2692 3789 accipit“l
2709 3716 2979 3785 humum,
2996 3717 3267 3788 illicoque
3288 3718 3373 3773 Th
3385 3717 3591 3791 uringo

1932 3806 2175 3863 tradidit
2221 3821 2467 3870 aurum;
2500 3804 2668 3859 laetus
2721 3806 2966 3875 uterque
3018 3805 3089 3858 ad
3139 3822 3277 3859 suas
3330 3807 3587 3877 repedat.

1934 3895 2219 3965 Thuringi
2239 3893 2609 3964 Thuringum
2628 3892 2905 3947 laudibus
2923 3893 2993 3947 ad
3014 3893 3225 3949 coelum
3244 3893 3591 3967 tollunt,qui

1934 3983 2115 4050 nobi[i
2137 3983 2342 4037 fraude
2374 3982 2682 4048 Saxonem,
2735 3982 3050 4052 deceperit,
3100 3983 3587 4056 fortunatumque

1934 4088 2069 4127 eum
2094 4070 2245 4125 inter
2269 4086 2472 4125 omnes
2506 4069 2784 4125 mortales
2806 4069 3008 4137 fuisse,
3026 4070 3125 4143 qui
3149 4070 3246 4125 vili
3265 4073 3447 4144 pretio
3468 4077 3586 4127 tam

1935 4161 2142 4232 ingens
2174 4176 2383 4215 aurum
2416 4160 2760 4231 possederit.
2797 4159 3080 4216 Caeterum
3115 4160 3255 4216 certi
3288 4162 3351 4217 '9.
3374 4162 3443 4217 de
3473 4161 3588 4217 vic-

1931 4249 2102 4316 toria,
2117 4249 2189 4304 de
2212 4247 2539 4303 Saxonibus
2548 4249 2674 4318 jam
2697 4250 2867 4319 quasi
2890 4250 3067 4304 trium
3078 4251 3591 4322 phabant.lnterea

1934 4338 2082 4393 Saxo
2134 4335 2397 4408 privatus
2446 4353 2607 4401 auro,
2641 4341 2917 4392 oneratus
2960 4355 3093 4393 vero
3144 4338 3332 4392 multa
3384 4338 3586 4404 humo,

1936 4424 2243 4498 appropiat
2286 4424 2552 4480 navibus.
2598 4424 2783 4481 Sociis
2814 4424 2993 4498 igitur
3035 4425 3088 4481 ei
3119 4426 3586 4490 occurrentibus,

1532 4552 1773 4609 VARLE
1812 4550 2231 4608 LECTIONES.

231 4654 282 4690 ³ο
308 4653 438 4709 11ωο
479 4651 675 4709 desunt
717 4655 771 4708 2.
823 4652 876 4707 3.

157 4726 207 4760 "
234 4724 743 4796 Nortmannisque
797 4723 849 4779 3.
893 4722 958 4778 A.

158 4797 204 4830 ³⁷
234 4796 540 4866 ictumque
570 4794 999 4865 3;'initumque
1028 4795 1093 4848 Α.
1127 4794 1181 4849 6.

158 4867 208 4903 ³²
238 4866 449 4924 inquid
484 4868 533 4922 1.
565 4874 619 4922 et
645 4868 722 4923 ita
749 4868 985 4924 saepius:
1015 4864 1148 4924 sibi.
1176 4864 1181 4919 i

162 4940 214 4994 1.
293 4935 344 4975 ’τ
374 4936 478 4995 tibi
508 4937 707 4995 sinum
737 4939 792 4992 2.
822 4935 838 4938 ⁷
869 4937 915 4973 ³⁸
947 4935 1171 5009 accepit
1198 4935 1273 4992 3.7
1331 4936 1376 4972 ³⁰
1407 4935 1602 4992 ceteri.
1630 4938 1694 4990 Α.

1016 4653 1059 4686 ¹¹
1092 4651 1193 4734 εἰς
1234 4667 1351 4721 cap.
1403 4653 1457 4704 2.
1476 4667 1785 4734 numerum

1101 4723 1519 4849 'Iigosegpdi’eit.
1545 4793 1593 4849 1.

1824 4650 2007 4723 posui,
2056 4656 2120 4723 et
2156 4664 2412 4703 numeros
2454 4656 2733 4723 sequentes
2789 4664 2960 4719 usque
3006 4656 3253 4723 octava-nt
3307 4647 3590 4723 emendari

1657 4724 1678 4756 ι

1632 4724 1678 4759 ³⁸
1706 4722 1853 4777 deest
1896 4723 1963 4776 A.
2076 4722 2123 4755 ³⁵
2151 4725 2393 4775 vocatur
2438 4722 2525 4774 vel
2575 4724 2955 4792 nuncupatur
2984 4724 3038 4774 2.
3152 4722 3197 4753 ³⁸
3227 4722 3496 4773 hadolam
3536 4722 3585 4773 1.

1708 4795 1753 4829 ⁸³
1785 4792 2148 4848 arbitrantur
2176 4792 2229 4845 3.
2308 4791 2355 4825 ³ο
2385 4790 2889 4845 adolescentulum
2920 4794 2974 4845 2.
3054 4790 3096 4825 ³³
3130 4807 3272 4845 auro
3317 4790 3502 4845 multo
3531 4794 3585 4845 2.

391 4860 628 4938 id'1.ret'
645 4868 722 4923 ita
749 4860 985 4938 saepius;
1015 4864 1148 4938 sibi,
1176 4864 1386 4938 inquit,
1420 4865 1545 4920 vult
1567 4865 1637 4938 Α.
1717 4865 1760 4901 ⁸³
1794 4865 1913 4922 fero
1942 4867 1997 4919 2.
2025 4863 2071 4899 “
2102 4862 2355 4917 delector
2388 4864 2437 4916 1.
2517 4862 2561 4897 ³⁵
2594 4878 2731 4918 saxo
2782 4860 2961 4918 michi
3010 4866 3100 4917 est
3129 4866 3183 4916 2.
3223 4863 3279 4916 6.
3358 4862 3401 4897 ³⁸
3449 4861 3592 4917 deest

2076 4720 2123 4755 ³⁵
2151 4725 2393 4792 vocatur
2438 4718 2535 4792 vel
2575 4718 2955 4792 nuncupatur
2984 4724 3069 4792 2.;
3152 4721 3197 4753 ³⁸
3227 4718 3496 4792 hadolam
3536 4720 3585 4773 1.

1760 5033 1995 5090 NOT/E.

234 5131 351 5204 (83)
384 5131 674 5188 Fabulosa
696 5132 995 5187 Saxonum
1017 5130 1200 5204 origo,
1221 5130 1321 5202 qui
1350 5146 1383 5185 a
1404 5131 1824 5204 Macedonibus
1856 5133 1900 5196 D
1933 5128 2206 5204 codicum
2234 5128 2349 5204 tida
2382 5129 2747 5204 confirmata,
2771 5127 3081 5204 Suessones.

162 5202 360 5285 usque
390 5206 1098 5285 arcessuntur,.quantum
1118 5202 1393 5285 'constam
1425 5202 1682 5285 primum
1716 5202 1820 5258 ha-

160 5273 295 5330 buit
327 5280 676 5331 assertorem
710 5273 1141 5332 Widukindum
1170 5273 1458 5329 nostrum.
1486 5273 1745 5328 MEIBOM.

235 5345 350 5426 (βά)
382 5345 839 5426 LocusJosephi
868 5350 1025 5426 extat
1051 5344 1155 5400 lib.
1190 5344 1415 5426 11,0eap.
1439 5344 1619 5426 16,.de
1668 5342 1818 5426 bello

158 5415 433 5496 Iudaico,
450 5417 551 5496 ubi
572 5415 909 5496 tamennon
931 5417 1228 5496 Saxonum
1261 5416 1327 5470 fit
1359 5415 1598 5496 mentio,
1616 5416 1724 5496 sed
1760 5415 1817 5468 in

161 5501 379 5569 genere
402 5488 473 5544 de
504 5487 811 5545 Germanis
853 5488 1088 5543 dicitur.
1138 5487 1395 5543 Memora.
1426 5486 1818 5567 Hegesippum

160 5574 223 5613 in
255 5558 399 5614 hist.
435 5559 571 5614 belli
595 5559 827 5615 Judaici
858 5558 1181 5628 Josephum
1213 5559 1284 5613 de
1317 5559 1644 5614 Saxonibus
1690 5574 1816 5628 per-

158 5634 431 5686 orantem
462 5630 765 5698 inducere,
812 5630 909 5685 alii
958 5600 1340 5696 adnotarunt;
1377 5645 1569 5687 nonne
1623 5600 1820 5683 natator

158 5701 249 5773 de,
266 5700 380 5757 hoc
414 5701 536 5757 loco
564 5701 875 5773 cogitavit?

232 5772 351 5845 (Q5)
379 5773 550 5845 Apud
583 5769 886 5845 Lucanum
920 5790 959 5845 ι,
992 5789 1044 5825 ν.
1081 5772 1203 5845 423,
1248 5775 1419 5845 antea
1466 5769 1767 5845 legebatur
1802 5787 1813 5824 :

282 5843 347 5893 Et
377 5842 595 5904 Biturix,
632 5844 916 5908 longisque
945 5842 1090 5893 leves
1119 5843 1356 5892 Saxones
1386 5843 1440 5890 in
1473 5842 1649 5891 armis.

148 5915 283 5984 jam
307 5931 440 5971 vero
464 5933 530 5970 ex
552 5914 766 5986 Micylli
788 5920 843 5971 et
862 5914 1115 5971 Turnehi
1140 5914 1444 5975 sententia,
1462 5911 1814 5983 optimorum

2023 5201 2112 5267 86)
2136 5199 2220 5254 Cf.
2243 5199 2597 5254 Ruodolfum
2615 5200 2687 5254 de
2707 5199 2913 5254 transi.
2936 5199 3317 5255 S.Alexandri
3343 5199 3498 5255 Mon.
3518 5201 3585 5269 ll,

1930 5269 2249 5343 p.674,qui
2273 5269 2455 5338 addit,
2473 5270 2769 5343 abAnglis
2808 5270 3126 5343 Britannice,
3162 5270 3371 5343 incolis
3393 5287 3586 5343 egres-

1931 5341 2028 5397 sos
2059 5341 2188 5397 esse
2220 5342 2507 5413 Saxones;
2542 5342 2611 5413 id,
2633 5342 2787 5413 quod
2821 5348 3021 5397 noster
3052 5341 3293 5397 minime
3345 5341 3588 5398 innuere

1929 5413 2191 5486 videtur.
2229 5412 2314 5468 Cf.
2364 5412 2748 5486 Lappenberg
2793 5412 2943 5486 Hist.
2982 5413 3165 5486 AAngI.
3219 5414 3260 5479 Ι,
3311 5430 3369 5485 p,
3406 5417 3587 5469 87.—

1929 5485 2138 5540 Noster
2169 5484 2427 5539 Saxones
2457 5484 2551 5538 his
2584 5484 2943 5556 regionibus,
2978 5484 3017 5538 i.
3052 5484 3113 5539 ef
3147 5484 3408 5540 Saxonize
3459 5501 3586 5556 quae

1929 5556 2414 5628 Nordalbingiam
2446 5555 2874 5628 complectitur,
2900 5557 3149 5611 navibus
3182 5557 3450 5611 advectos
3471 5555 3585 5628 tra-

1928 5628 2096 5695 dens,
2130 5644 2228 5682 eos
2250 5626 2318 5699 ex
2351 5626 2583 5699 regione
2616 5628 2872 5698 quadam
2898 5632 3120 5682 remota
3169 5632 3232 5681 ut
3264 5626 3585 5699 lluorlolfus

1928 5715 1995 5754 ex
2042 5697 2343 5754 Britannia
2394 5696 2664 5753 advectos
2715 5699 3020 5771 Opinatur;
3055 5700 3207 5769 quod
3255 5696 3585 5752 traditionis

1929 5771 2139 5825 rationi
2174 5786 2500 5841 congruum
2535 5770 2960 5841 suprarmonui.
2988 5771 3189 5824 Pna'rz.

1999 5841 2109 5912 (87)
2145 5842 2204 5896 In
2242 5835 2545 5912 Iladuloha
2593 5835 2842 5911 (Hadeln)
2895 5856 3195 5910 nunquam
3248 5835 3579 5906 Thuringos

1930 5913 2150 5968 sedisse
2182 5911 2323 5967 satis
2357 5915 2602 5967 constat.
