3868 6486
275 529 394 596 127

1291 533 1728 596 WIDUKINDI
1773 528 2272 592 CORBEIENSIS
2317 529 2668 592 MONACHI

3577 530 3717 594 128

277 672 336 724 et
363 667 506 741 quid
538 668 733 739 ageret
762 664 1212 734 admirantibus,
1246 666 1344 724 alii
1376 683 1508 722 eum
1541 666 1782 720 irridere
1819 683 1926 720 cm-
1951 662 2008 732 Α
2037 663 2200 720 siano
2234 664 2497 738 principe
2521 665 2646 738 jam
2679 663 2817 720 olim
2849 663 3002 722 inter
3021 664 3351 739 provincias
3377 665 3630 722 redacta
3651 669 3716 721 et

276 759 491 829 perunt
533 755 859 810 amicorum
877 756 942 823 ⁴⁰,
993 753 1090 809 alii
1144 772 1406 825 arguere,
1456 771 1660 810 omnes
1712 753 1930 826 pariter

276 848 568 901 amentem
602 859 735 898 eum
769 843 1161 898 crediderunt.
1195 845 1267 896 At
1297 843 1394 898 ille
1428 843 1716 914 postulato
1750 841 1922 898 silen-

275 934 356 988 tio
381 949 394 986 :
427 931 755 1003 Sequimini,
793 930 1006 1002 inquit,
1037 947 1142 996 me,
1172 932 1365 1001 Optimi
1395 931 1720 995 Sa.cones,et
1747 949 1924 987 meum

272 1021 420 1076 vobis
451 1022 745 1076 amentiam
773 1020 1070 1090 probabitis
1103 1020 1310 1073 utilem.
1344 1021 1414 1074 At
1437 1019 1540 1084 illi,
1569 1019 1702 1074 licet
1733 1019 1918 1088 dubii,

272 1114 603 1182 sequuntur
642 1108 683 1142 ¹⁶¹
735 1115 928 1164 tamen
981 1109 1212 1162 ducem.
1277 1107 1376 1163 Ille
1440 1113 1630 1163 autem
1687 1115 1924 1180 sumpta

271 1198 472 1264 humo,
507 1215 610 1270 per
655 1195 878 1251 vicinos
929 1215 1100 1267 agros
1160 1213 1336 1267 quam
1389 1196 1577 1268 potuit
1629 1196 1924 1253 subtiliter

271 1287 506 1360 sparsit,
537 1292 591 1341 et
625 1291 951 1341 castrorum
985 1285 1106 1340 loca
1141 1286 1463 1355 occupavit.

337 1378 390 1430 0.
431 1375 499 1430 Ut
548 1381 742 1429 autem
793 1373 1126 1428 viderunt"
1171 1373 1455 1443 Thuringi
1510 1381 1702 1429 castra
1743 1376 1916 1430 Saxo-

267 1481 432 1528 num,
467 1461 852 1518 intolerabilis
885 1479 976 1516 res
1000 1463 1082 1517 eis
1113 1461 1236 1516 visa
1261 1462 1305 1495 ⁴³
1347 1468 1454 1528 est,
1487 1469 1543 1516 et
1591 1461 1789 1517 missis
1833 1462 1916 1518 le-

267 1552 418 1626 gatis
446 1551 754 1623 conquesti
799 1556 939 1608 sunt
987 1551 1058 1606 de
1106 1555 1278 1621 rupto
1331 1551 1544 1605 foedere
1594 1568 1658 1606 ac
1706 1550 1916 1606 violato

267 1646 436 1714 pacto
466 1658 536 1696 ex
587 1644 750 1712 parte
800 1641 1117 1695 Saxonum.
1165 1639 1425 1694 Saxones
1473 1641 1825 1712 respondent
1856 1656 1918 1696 se

266 1730 549 1786 hactenus
573 1729 762 1784 foedus
792 1725 1202 1782 inviolabiliter
1229 1745 1518 1794 servasse;
1545 1732 1760 1783 terram
1792 1745 1917 1800 pro-

264 1819 392 1892 prio
413 1835 555 1873 auro
583 1821 982 1888 comparatam
1014 1833 1148 1871 cum
1184 1832 1326 1888 pace
1343 1815 1488 1872 velle
1511 1816 1790 1884 obtinere,
1815 1823 1918 1873 aut

265 1913 418 1965 certe
467 1906 647 1962 armis
716 1906 1047 1961 defendere.
1099 1905 1200 1960 His
1245 1903 1482 1973 auditis,
1533 1905 1734 1961 incola:
1785 1907 1912 1978 jam

264 1995 691 2052 maledicebant
706 2011 918 2050 aurum
937 1993 1374 2060 Saxonicum,ct
1389 2011 1564 2066 quem
1589 1994 1762 2066 paulo
1781 1999 1913 2050 ante

262 2085 492 2141 felicem
542 2100 670 2141 esse
714 2081 1186 2156 praedicabant“,
1221 2087 1519 2137 auctorem
1567 2082 1912 2154 perditionis

263 2191 382 2230 sua:
405 2173 450 2207 ⁸³
475 2188 714 2244 suaeque
738 2169 994 2244 regionis
1023 2170 1299 2227 iatentur.
1317 2171 1408 2226 Ira
1429 2169 1637 2225 deinde
1656 2171 1907 2240 accensi,

263 2279 410 2318 etnec
443 2265 629 2316 marte
656 2259 781 2315 sine
804 2259 1006 2315 ordine
1036 2263 1091 2313 et
1123 2259 1250 2314 sine
1282 2258 1523 2314 consilio
1570 2259 1804 2316 irruunt
1847 2259 1908 2315 in

262 2355 484 2419 castra;
519 2351 777 2405 Saxones
806 2365 939 2404 vero
971 2346 1158 2420 parati
1192 2347 1388 2402 hostes
1421 2347 1716 2420 excipiunt
1761 2355 1907 2404 ster-

261 2443 550 2510 nuntque,
569 2441 626 2493 et
654 2437 830 2493 rebus
862 2453 1139 2509 prospere
1160 2435 1360 2509 gestis,
1376 2437 1643 2507 proxima
1666 2436 1910 2492 circum-

261 2529 418 2585 circa
435 2527 564 2583 loca
581 2527 720 2598 jure
748 2524 886 2581 belli
917 2523 1202 2580 obtinent.
1221 2524 1332 2580 Diu
1361 2525 1559 2596 itaque
1588 2525 1908 2597 crebroque

260 2635 396 2674 cum
451 2617 524 2672 ab
574 2613 870 2671 alterutris
928 2617 1258 2686 pugnatum
1317 2613 1484 2680 foret,
1516 2617 1573 2670 et
1620 2613 1908 2686 Thuringi

259 2708 516 2764 Saxones
547 2703 658 2760 sibi
690 2703 1022 2776 superiores
1053 2703 1173 2758 fore
1210 2707 1542 2774 pensarent,
1578 2719 1680 2775 per
1725 2702 1906 2758 inter-

257 2795 497 2852 nuntios
528 2793 846 2868 postulant,
873 2795 1156 2863 utrosque
1189 2789 1442 2846 inermes
1493 2789 1818 2860 convenire,
1851 2797 1912 2848 et

257 2885 328 2942 de
383 2900 526 2958 pace
584 2881 797 2938 iterum
848 2885 1116 2946 tractare,
1170 2879 1434 2934 condicto
1490 2879 1616 2935 loco
1674 2879 1903 2952 dieque.

257 2975 513 3030 Saxones
539 2968 848 3043 postulatis
880 2985 941 3023 se
972 2967 1224 3024 obmdire
1247 2968 1288 3002 ιδ
1310 2971 1329 2992 ⁴
1363 2967 1734 3040 respondent.
1773 2970 1909 3024 Erat

258 3066 453 3118 autem
466 3061 510 3094 ⁸⁵
539 3058 655 3114 illis
685 3058 894 3113 diebus
918 3056 1246 3112 Saxonibus
1279 3072 1628 3128 magnorum
1653 3055 1907 3112 cultello-

257 3167 388 3208 rum
405 3146 794 3218 usus,quibus
811 3160 997 3216 usque
1021 3143 1193 3198 hodie
1211 3141 1381 3215 Angli
1402 3147 1666 3211 utuntur,
1684 3160 1901 3200 morem

255 3235 446 3311 gentis
477 3232 732 3306 antiqua;
775 3235 1084 3288 sectantes.
1117 3229 1341 3296 Quibus
1391 3229 1602 3286 armati
1649 3231 1906 3286 Saxones

257 3325 367 3381 sub
419 3321 578 3394 sagis
631 3319 776 3386 suis,
825 3318 1152 3390 procedunt
1207 3316 1416 3372 castris
1473 3321 1906 3390 occurruntque

2037 752 2146 808 sub
2171 752 2438 809 clientela
2469 753 2868 809 Romanorum
2914 753 3101 810 multo
3151 758 3414 828 tempore
3467 754 3713 810 utiliter

2035 841 2274 914 degens,
2309 859 2342 896 a
2369 840 2576 896 vicinis
2607 841 2946 898 nationibus
2971 841 3372 916 impugnatur,
3409 860 3476 900 eo
3529 843 3708 915 quod

2033 929 2247 986 auxilio
2301 931 2701 986 Romanorum
2750 930 3032 987 destituta
3087 931 3402 988 videretur.
3428 929 3710 1005 Populus

2033 1035 2288 1089 namque
2319 1020 2638 1086 Romanus,
2677 1019 2926 1074 Martiali
2955 1020 3303 1092 imperatore
3333 1038 3368 1075 a
3397 1019 3708 1076 militibus

2031 1106 2331 1162 interfecto
2383 1110 2512 1180 (89),
2551 1108 2802 1163 externis
2855 1107 3023 1163 bellis
3072 1109 3324 1182 graviter
3380 1108 3702 1182 fatigatus,

2031 1213 2144 1250 non
2180 1196 2508 1250 sufﬁciebat
2539 1196 2711 1252 solita
2742 1196 2958 1252 auxilia
2988 1197 3401 1254 administrare
3451 1196 3701 1253 amicis.

2029 1285 2334 1340 Exstructo
2358 1289 2549 1339 tamen
2574 1285 2792 1358 ingenti
2818 1303 2988 1358 opere
3008 1286 3080 1340 ad
3104 1287 3406 1341 munimen
3428 1287 3703 1358 regionis

2030 1371 2180 1426 inter
2203 1373 2453 1428 confinia
2479 1391 2514 1427 a
2546 1375 2691 1428 mari
2725 1391 2911 1444 usque
2943 1375 3014 1430 ad
3063 1392 3242 1442 mare,
3277 1375 3377 1430 ubi
3425 1375 3702 1448 impetus

2027 1458 2288 1516 hostium
2311 1460 2614 1516 videbatur
2637 1461 3202 1534 forc,relinquebant
3239 1463 3536 1536 regionem
3571 1464 3699 1519 Ro-

2029 1548 2208 1603 mani.
2243 1549 2352 1604 Sed
2389 1549 2543 1605 hosti
2576 1549 2782 1606 acriori
2817 1556 2872 1606 et
2901 1551 2971 1606 ad
3013 1551 3358 1606 bellandum
3387 1558 3694 1624 prompto,

2029 1637 2125 1692 ubi
2159 1655 2304 1708 gens
2335 1637 2530 1693 mollis
2563 1642 2619 1692 et
2647 1638 2814 1711 pigra
2836 1637 2972 1694 belli
2995 1639 3232 1709 resistit,
3249 1639 3414 1695 nulla
3433 1641 3699 1696 difﬁcul-

2025 1728 2114 1779 tas
2140 1725 2199 1780 in
2221 1726 2575 1782 destruendo
2599 1743 2769 1798 opere
2791 1726 2921 1782 fuit.
2939 1726 3122 1800 Igitur
3137 1727 3296 1784 fama
3309 1729 3595 1800 prodente
3616 1731 3700 1784 de

2025 1815 2198 1870 rebus
2223 1831 2255 1868 a
2275 1814 2606 1870 Saxonibus
2637 1833 2917 1888 prospere
2948 1815 3150 1888 gestis,
3173 1817 3502 1890 supplicem
3554 1819 3700 1874 mit-

2024 1907 2158 1958 tunt
2187 1904 2534 1976 legationem
2567 1904 2638 1960 ad
2669 1921 2872 1960 eorum
2907 1905 3260 1976 postulanda
3295 1905 3515 1962 auxilia
3546 1907 3692 1979 (90).

2027 1991 2098 2046 Et
2145 1993 2526 2064 procedentes
2567 1991 2743 2065 legati
2777 2008 2790 2047 :
2827 1993 3048 2064 Optimi,
3081 1993 3378 2066 inquiunt,
3413 1993 3692 2063 Saxones,

2025 2082 2217 2136 miseri
2247 2081 2416 2136 Bretti
2437 2083 2476 2115 δι
2510 2082 2712 2136 crebris
2745 2081 2980 2136 hostium
3024 2083 3432 2139 incursionibus
3461 2085 3695 2156 fatigati

2019 2177 2072 2224 et
2097 2168 2390 2224 admodum
2429 2171 2670 2237 contriti,
2701 2169 2906 2226 auditis
2940 2173 3181 2226 victoriis
3209 2189 3240 2227 a
3273 2171 3421 2228 vobis
3467 2176 3695 2246 magni-

2015 2258 2114 2328 ﬁce
2145 2259 2398 2329 patratis,
2431 2261 2703 2314 miserunt
2729 2275 2827 2314 nos
2856 2258 2926 2314 ad
2955 2275 3067 2328 vos,
3099 2261 3468 2332 supplicantes
3521 2271 3587 2318 ut
3615 2265 3692 2319 ab

2015 2347 2094 2402 eis
2123 2354 2299 2402 vestra
2327 2347 2546 2401 auxilia
2569 2347 2614 2380 ³³
2644 2363 2754 2401 uon
2780 2346 3138 2404 subtrahatis.
3180 2351 3406 2404 Terram
3437 2350 3618 2407 latam
3635 2361 3697 2408 et

2016 2437 2319 2507 spatiosum
2345 2443 2396 2490 et
2423 2437 2672 2491 omnium
2698 2452 2886 2492 rerum
2932 2439 3144 2508 copiam
3190 2439 3450 2508 refertam
3489 2449 3692 2495 vestrae

2014 2524 2280 2580 mandant
2324 2523 2524 2579 ditioni
2567 2540 2778 2596 parere.
2832 2525 2942 2580 Sub
2990 2526 3360 2584 Romanorum
3408 2527 3685 2586 hactenus

2015 2613 2267 2669 clientela
2294 2629 2360 2669 ac
2406 2613 2578 2669 tutela
2612 2613 2918 2670 liberaliter
2965 2617 3240 2683 viximus;
3263 2624 3381 2688 post
3405 2617 3689 2675 Romanos

2016 2702 2165 2757 vobis
2213 2702 2464 2758 meliores
2514 2705 2868 2775 ignoramus;
2902 2703 3020 2759 ideo
3069 2704 3172 2760 sub
3219 2713 3407 2760 vestra:
3452 2707 3691 2763 virtutis

2014 2791 2133 2846 alas
2176 2792 2368 2864 fugere
2415 2794 2734 2864 quaerimus.
2772 2792 2956 2849 Vestra
2992 2793 3212 2859 virtute,
3259 2795 3452 2850 vestris
3497 2798 3690 2853 armis

2015 2879 2256 2936 hostibus
2305 2888 2519 2936 tantum
2562 2881 2872 2952 superiores
2923 2883 3292 2950 inveniamur,
3324 2891 3377 2940 et
3412 2885 3691 2957 quicquid

2015 2969 2296 3039 imponitis
2325 2969 2559 3032 servitii,
2584 2967 2815 3024 libenter
2841 2972 3198 3026 sustinemus.
3224 2971 3423 3028 Patres
3443 2973 3512 3028 ad
3549 2973 3690 3030 haec

2016 3072 2203 3128 pauca
2252 3057 2609 3128 respondent
2644 3073 2656 3111 :
2691 3055 2870 3112 Certos
2927 3059 3132 3113 amicos
3179 3060 3377 3116 Brettis
3425 3062 3689 3118 Saxones

2011 3145 2220 3208 sciatis,
2245 3151 2298 3198 et
2323 3159 2514 3199 eorum
2542 3144 2950 3200 necessitatibus
2977 3153 3139 3216 atque
3183 3149 3478 3205 commodis
3521 3167 3693 3223 teque

2011 3247 2223 3302 semper
2251 3229 2754 3303 aﬁuturoslegati
2781 3229 2898 3286 laeti
2929 3233 3229 3288 redierunt
3247 3235 3307 3291 in
3339 3238 3603 3308 patriam
3616 3241 3688 3307 ⁵³,

2014 3322 2282 3391 exoptato
2313 3319 2519 3376 nuntio
2551 3318 2740 3376 socios
2787 3319 3038 3377 laetiores
3086 3322 3415 3380 reddentes.
3451 3326 3692 3386 Deinde

255 3410 576 3483 Thuringis
603 3407 868 3464 condicto
899 3405 1046 3462 loco.
1078 3405 1344 3477 Cumque
1391 3405 1654 3460 viderent
1699 3405 1899 3462 hostes
1938 3395 1982 3464 C
2021 3407 2350 3480 promissus
2399 3407 2459 3462 in
2507 3407 2928 3464 Britanniam“
2957 3409 3212 3464 mittitur
3269 3413 3595 3486 exercitus,
3629 3423 3692 3474 et

254 3501 531 3568 inermes,
564 3503 620 3553 et
647 3513 852 3553 omnes
883 3495 1180 3567 principes
1205 3493 1646 3566 Thuringorum
1677 3495 1902 3565 adesse,

255 3595 489 3662 tempus
519 3587 628 3644 rati
651 3585 830 3642 totius
853 3583 1107 3656 regionis
1137 3582 1750 3650 obtinendai,cultellis
1771 3584 1904 3641 abs-

253 3678 476 3746 tractis,
511 3692 690 3749 super
735 3674 989 3729 inermes
1049 3678 1106 3727 et
1152 3670 1502 3744 improvisos
1560 3670 1797 3728 irruunt
1848 3677 1906 3730 ct

253 3785 458 3826 omnes
490 3766 764 3830 fundunt,
799 3763 882 3818 ita
912 3765 975 3817 ut
1006 3779 1076 3816 ne
1108 3778 1265 3817 unus
1296 3760 1547 3832 quidem.
1569 3777 1639 3816 ex
1677 3761 1762 3818 eis
1802 3779 1901 3818 su-

252 3856 551 3931 perfuerit.
583 3855 834 3910 Saxones
867 3850 1007 3906 clari
1039 3850 1302 3918 existere,
1335 3855 1393 3905 ct
1421 3849 1671 3906 nimium
1721 3855 1902 3906 terro-

252 3964 378 4004 rem
402 3943 610 4002 vicinis
641 3940 914 4015 gentibus
944 3939 1202 3995 incutere
1224 3943 1542 4010 coeperunt.

321 4037 378 4090 7.
404 4035 664 4090 Fuerunt
691 4035 888 4086 autem
915 4034 971 4084 et
995 4027 1095 4100 qui
1129 4027 1237 4082 hoc
1257 4027 1514 4083 facinore
1539 4045 1753 4084 nomen
1784 4029 1902 4084 illis

250 4123 508 4181 inditum
531 4119 847 4194 tradant“.
872 4115 1100 4173 Cultclli
1123 4115 1280 4171 enim
1312 4121 1514 4174 nostra
1541 4116 1744 4190 lingua
1759 4117 1903 4175 salis

254 4213 364 4285 (88)
397 4210 693 4276 dicuntur,
745 4207 994 4278 ideoque
1040 4206 1296 4261 Saxones
1336 4209 1726 4279 nuncupatos,
1761 4205 1902 4279 quia

252 4297 504 4358 cultellis
535 4301 759 4354 tantam
792 4293 1232 4351 multitudinem
1267 4293 1576 4351 fudissent.

321 4391 377 4446 8.
419 4388 573 4446 Dum
602 4403 671 4443 ea
686 4389 974 4459 geruntur
995 4383 1039 4418 ‘9
1070 4385 1224 4456 apud
1260 4383 1633 4440 Sarsoniam‘9
1661 4401 1788 4457 quae
1820 4385 1901 4442 ita

251 4479 425 4537 modo
467 4477 757 4534 vocitatur
807 4473 1123 4547 regionem,
1160 4473 1484 4529 Brittannis
1506 4473 1570 4540 5°,
1605 4491 1637 4530 a
1673 4472 1898 4546 Vespa-

2014 3501 2314 3570 gratanter
2343 3497 2415 3552 ab
2447 3495 2652 3552 amicis
2692 3501 3023 3568 susceptus,
3055 3497 3116 3552 in
3148 3498 3305 3554 brevi
3337 3499 3556 3558 liberat
3589 3523 3687 3562 re-

2013 3585 2247 3658 gionem
2269 3603 2303 3642 a
2321 3584 2672 3653 latronibus,
2693 3585 3011 3642 restituens
3037 3587 3290 3660 patriam
3312 3589 3542 3647 incolis.
3571 3595 3687 3652 Ne-

2015 3691 2127 3746 que
2153 3674 2311 3730 enim
2341 3673 2402 3728 in
2423 3673 2482 3728 id
2513 3675 2740 3748 agendo
2769 3673 3023 3730 multum
3055 3675 3274 3733 laboris
3299 3677 3427 3747 fuit,
3450 3681 3685 3756 quippe

2013 3761 2114 3835 qui
2128 3763 2256 3834 jam
2287 3761 2427 3818 olim
2460 3763 2661 3819 audita
2687 3764 2846 3820 fama
2875 3765 3173 3821 Saxonum
3203 3767 3460 3839 perculsi
3495 3775 3682 3831 terre.

2013 3851 2248 3920 bantur,
2284 3852 2606 3908 dummodo
2637 3853 2946 3926 praesentia
2975 3871 3180 3910 eorum
3209 3857 3412 3927 procul
3442 3859 3676 3930 pellun-

2010 3945 2126 3996 tur.
2161 3941 2341 3997 Erant
2369 3941 2523 3998 enim
2557 3941 2644 3998 hae
2675 3947 2879 4015 gentes
2928 3943 3138 4000 Brettis
3185 3945 3461 4012 adversas,
3481 3950 3672 4006 Scotti

2009 4033 2068 4086 et
2099 4028 2260 4086 Pchti
2283 4030 2348 4100 ⁵⁸,
2377 4030 2656 4088 adversus
2696 4047 2845 4103 quos
2882 4031 3201 4090 militantes
3219 4034 3495 4106 Saxones,
3517 4039 3675 4094 acci-

2010 4117 2248 4192 piebant
2281 4136 2314 4175 a
2347 4119 2557 4176 Brettis
2583 4119 2782 4176 omnia
2809 4121 2883 4177 ad
2914 4138 3090 4179 usum
3122 4123 3470 4182 necessaria.
3506 4127 3669 4184 Man-

2011 4211 2215 4263 serunt
2234 4207 2433 4280 itaque
2454 4207 2516 4264 in
2535 4207 2638 4264 illa
2658 4207 2892 4282 regione
2912 4209 3214 4283 aliquanto
3230 4216 3669 4285 tempore,vica-

2009 4295 2097 4352 ria
2115 4297 2446 4352 Brettorum
2467 4298 2614 4354 bene
2637 4297 2730 4354 usi
2749 4297 3028 4356 amicitia.
3061 4299 3136 4358 Ut
3172 4305 3369 4361 autem
3391 4301 3668 4362 viderunt

2007 4383 2302 4458 principes
2315 4384 2602 4443 exercitus
2615 4391 2832 4445 terram
2843 4386 3024 4444 latam
3037 4405 3105 4448 ac
3116 4389 3366 4448 fertilem
3374 4397 3436 4450 et
3448 4392 3666 4452 incola-

2007 4489 2136 4530 rum
2151 4490 2364 4532 manus
2377 4475 2449 4531 ad
2463 4475 2801 4533 bellandum
2817 4477 3104 4550 pigras,se
3113 4495 3246 4537 vero
3257 4481 3330 4536 ad
3343 4481 3659 4540 maximam

1599 4587 1840 4645 VARUE
1880 4585 2301 4648 LECTIONES.

319 4691 704 4777 “‘Coeperunt
728 4689 1072 4777 “amisi-orum
1099 4686 1296 4777 “alii”.
1409 4687 1450 4724 ⁸³
1480 4691 1760 4777 secpntur
1803 4688 1869 4768 ᾼ.
1918 4702 2148 4777 ,ξςπξρίενιΣ
2171 4759 2204 4777 ἢ
2224 4687 2270 4723 ⁸³
2291 4687 2486 4777 videre
2646 4690 2834 4777 “ures.
2856 4691 2990 4777 yisa
3037 4696 3146 4777 est_
3171 4692 3350 4777 eia-n2,
3427 4694 3474 4730 δι
3505 4711 3650 4777 Pw-

251 4757 528 4818 dicabant
571 4778 700 4817 esse
728 4764 783 4828 2,
859 4760 905 4794 ‘°
925 4759 1070 4815 deest
1098 4760 1165 4830 3.
1227 4759 1410 4830 ξδέιεα
1455 4775 1526 4815 ex
1574 4760 1598 4814 1
1651 4759 1848 4830 recepi.
1925 4757 1971 4830 δέ

247 4836 304 4889 2.
362 4833 427 4902 ν⁵⁰
456 4832 752 4887 britannia
777 4833 811 4886 3
839 4845 1072 4902 semper,
1095 4831 1135 4865 ⁸³
1156 4829 1318 4902 britti
1337 4832 1412 4902 Α.
1431 4838 1616 4902 postea
1644 4829 1992 4902 verobretti;
2023 4830 2058 4886 3
2083 4845 2298 4902 semper
2315 4831 2523 4888 bracti.
2600 4832 2646 4867 ³³
2666 4833 2884 4890 auxilia
2899 4829 3094 4890 ve'stra
3121 4839 3177 4892 2.
3253 4837 3300 4872 ⁸³
3319 4837 3380 4892 in

1300 4901 1346 4934 ⁵³
1366 4899 1555 4986 scbthni
1603 4906 1663 4958 et
1701 4899 1898 4986 pechti
1949 4902 2000 4969 1,
2025 4899 2212 4974 postea
2257 4917 2382 4960 vero
2423 4903 2594 4960 scotti
2644 4907 2702 4960 et
2743 4903 2933 4977 petiti;
2968 4905 3114 4963 scoti
3144 4911 3202 4964 et
3230 4899 3421 4981 pehiti
3437 4910 3496 4978 2,
3527 4915 3661 4984 post

249 4901 550 4959 redierunt
577 4905 642 4958 A.
720 4902 766 4936 ⁵⁸
787 4901 1124 4957 brittaniam
1157 4902 1206 4956 1.

249 4973 450 5043 scotti;
485 4974 652 5029 scotti
681 4979 739 5029 et
769 4973 951 5046 pebtti
981 4973 1056 5040 A;
1089 4971 1275 5028 schoti
1304 4972 1487 5045 pehiti
1515 4974 1569 5028 3.

2061 4767 2145 4816 est
2169 4759 2224 4814 3.
2301 4760 2347 4836 ξτ
2375 4759 2522 4836 deest
2547 4762 2642 4836 A.__
2691 4761 2736 4796 ⁸⁸
2763 4761 2891 4836 add.
2942 4779 3084 4836 quas
3113 4767 3169 4820 2.
3245 4765 3291 4802 ιθ
3320 4759 3653 4823 canonicam

3404 4837 3654 4910 patriam

1835 5069 2069 5126 NOTIE.

319 5166 547 5245 (88)__(.}f.
574 5166 872 5245 Nennium
1088 5165 1316 5245 Briton1
1337 5168 1587 5245 cap.__48.
1639 5166 1890 5245 S_chate_n
1931 5169 1979 5234 D
2009 5170 2274 5245 perstare
2303 5167 2364 5245 in
2395 5168 2916 5245 Britannia‘electc,
2940 5169 3115 5242 paulo
3142 5176 3275 5245 post
3316 5190 3452 5231 vero
3485 5176 3660 5234 inter-

248 5237 395 5294 IliSt.
416 5237 752 5310 \Vestpbal.
776 5237 896 5310 (ed.
927 5237 1016 5310 ll),
1052 5252 1183 5310 pag.
1219 5237 1322 5310 119
1355 5237 1433 5310 :Ag}
1465 5239 1638 5307 Usus,
1677 5238 1890 5310 inquit,

247 5310 430 5382 hujus
458 5306 616 5382 vocis
647 5306 1068 5382 bodiedumin
1095 5306 1459 5382 Saterlandia
1480 5310 1708 5382 obtinet
1740 5306 1896 5382 apud

246 5377 468 5436 incolas
500 5379 673 5452 prisci
699 5379 993 5452 sermonis
1029 5377 1536 5452 retinentissimus,
1562 5381 1717 5451 apud
1747 5377 1897 5452 q'uos

247 5467 444 5508 coram
474 5447 668 5505 audivi
699 5449 1002 5519 loquentes
1033 5447 1204 5502 sachs
1233 5451 1470 5504 cultrum
1501 5447 1689 5504 son—at.
1723 5473 1752 5501 ››

319 5522 429 5593 (89)
459 5523 546 5576 An
579 5518 830 5593 Martiali
863 5518 956 5572 hic
973 5519 1127 5593 idem
1151 5520 1302 5588 quod
1317 5520 1897 5593 ‘l‘iellicosotMaximo

246 5589 488 5650 scilicet.
525 5593 727 5646 Lemn.
770 5590 936 5646 Certe
995 5589 1365 5660 imperatoris
1419 5590 1700 5646 Marlialis
1758 5592 1895 5648 alibi

246 5665 411 5722 nulla
442 5663 660 5720 mentio
694 5664 786 5729 iit;
821 5675 1009 5729 neque
1041 5658 1466 5716 Widukindum
1487 5663 1559 5718 de
1584 5663 1896 5720 Marcoim-

2010 5243 2157 5296 fecto
2183 5239 2278 5364 ipf.
2308 5239 2575 5297 Zosimus
2594 5241 2748 5364 v1.221
2785 5239 3071 5314 cogitasse
3099 5239 3415 5301 verisimile
3443 5252 3554 5302 est.
3590 5280 3657 5290 —--

2010 5313 2152 5364 Cum
2227 5311 2280 5364 ie
2308 5312 2381 5364 de
2411 5312 2709 5364 traditioni
2755 5329 2826 5364 us
2855 5319 3082 5364 agatur-
3098 5315 3374 5364 Marciani
3401 5317 3654 5364 immra.

2006 5313 2152 5390 Cum
2184 5311 2280 5366 hic
2308 5312 2381 5367 de
2411 5311 2832 5390 traditionibus
2855 5311 3082 5390 agatur,
3098 5315 3376 5390 Marciani
3401 5317 3654 5390 impera-

2005 5382 2400 5462 tsrisnomen,
2425 5385 2629 5462 eodem
2661 5383 2874 5462 saeculo
2895 5382 3110 5457 quinto
3149 5387 3312 5456 clari,
3345 5382 3654 5462 perperam

2007 5453 2344 5520 immisceri,
2379 5460 2481 5510 aut
2511 5455 2749 5510 mirum.
2783 5453 2984 5512 Panis.
3097 5474 3100 5476 ‘

2077 5528 2188 5598 (90)
2221 5525 2592 5600 Legationem
2649 5525 2894 5582 missam
2929 5543 3076 5600 esse
3127 5527 3306 5584 etiam
3379 5531 3534 5588 Beda
3590 5549 3652 5600 ιι,

2007 5596 2181 5724 ἓτέῗ,
2214 5596 2417 5666 tradit;
2442 5596 2594 5655 hanc
2625 5615 2756 5655 vero
2797 5597 3346 5663 orationemmostcr
3375 5602 3540 5661 solus
3586 5596 3658 5660 ex

2047 5684 2062 5722 1
2112 5685 2140 5724 e
2175 5710 2186 5722 .

2047 5684 2186 5724 ιοωι.
