3868 6480
160 487 268 547 133

1255 486 1401 545 RES
1450 485 1723 545 GESTAE
1766 486 2195 546 SAXONlCtE.
2245 489 2388 547 LIB.
2438 491 2481 547 l.

3458 496 3575 564 13.4

155 635 257 691 pro
306 624 462 675 terra
511 619 873 692 adquirenda
919 618 1303 674 certantibus.
1354 616 1660 673 Attollitur
1690 617 1807 674 cla-
1837 619 1892 687 Α
1922 627 2160 690 aportcat
2180 622 2299 675 sine
2330 620 2474 675 ludis
2505 638 2682 692 agerc.
2722 622 3057 695 Quapropter
3105 628 3371 682 consulite
3423 629 3572 684 vobis

157 724 284 764 mor
314 708 381 743 ¹¹⁰
418 707 677 763 virorum
718 707 966 763 invicem
997 706 1456 774 exbortantium,
1492 706 1687 779 fragor
1720 723 1811 761 ar-

158 813 386 854 morum
418 798 478 851 et
506 795 763 869 gemitus
794 794 1193 863 morientium,
1228 794 1448 866 talique
1478 793 1812 866 spectaculo

153 889 277 944 tota
313 885 439 941 dies
490 884 593 942 illa
635 885 909 941 trahitur.
953 885 1215 956 Cumque
1255 885 1473 955 ubique
1514 885 1579 919 ¹²⁰
1620 884 1815 940 ﬁerint

155 976 361 1042 cades,
414 975 634 1047 ubique
681 973 945 1031 ululatus
987 979 1044 1031 et
1092 980 1299 1030 neuter
1337 976 1401 1009 ³²¹
1444 990 1651 1046 agmen
1685 972 1812 1029 loco

161 1064 596 1135 cessisset,jam
626 1063 849 1119 tardior
868 1063 1015 1118 hora
1035 1062 1300 1135 praelium
1326 1062 1582 1116 diremit.
1609 1062 1687 1116 Eo
1719 1063 1812 1116 die

158 1171 226 1208 ex
257 1152 577 1223 Thuringis
598 1150 771 1206 multi
792 1151 1102 1215 interfecti,
1129 1149 1297 1203 multi
1323 1150 1563 1203 snuciati
1586 1168 1598 1214 ;
1624 1151 1693 1204 de
1717 1152 1815 1205 Sa-

156 1240 406 1299 xonibus
434 1256 567 1296 vero
601 1240 890 1295 numerati
925 1239 991 1272 ¹²²
1024 1243 1162 1293 sunt
1195 1256 1293 1293 scx
1326 1237 1487 1292 milia
1519 1255 1687 1291 caesa.

230 1402 317 1458 10.
350 1398 605 1455 Mittitur
633 1398 815 1471 igitur
842 1398 1003 1475 AIring
1033 1397 1107 1453 ab
1139 1397 1474 1453 lrminfrido
1506 1412 1639 1451 cum
1673 1412 1820 1467 sup-

156 1487 292 1561 plici
317 1486 607 1560 legatione
627 1491 684 1542 et
706 1487 981 1542 omnibus
1004 1486 1129 1541 suis
1152 1485 1445 1540 thesauris
1464 1485 1533 1539 ad
1549 1483 1814 1539 Thiadri-

155 1594 289 1632 cum
322 1593 426 1650 pro
457 1593 598 1648 pace
628 1592 695 1631 ac
725 1581 1049 1648 spontanee
1078 1574 1393 1629 deditione.
1426 1574 1497 1628 Et
1529 1573 1812 1628 accedens

157 1665 317 1739 Iring
344 1666 467 1721 haec
499 1666 582 1721 ait
612 1681 625 1721 :
660 1665 808 1721 Misit
836 1666 937 1720 tibi
967 1663 1237 1736 quondam
1278 1670 1403 1718 tuus
1447 1663 1811 1733 propinquus,

153 1753 317 1810 modo
347 1769 560 1818 servus,
591 1759 656 1807 ut
675 1751 744 1787 ¹²⁸
771 1754 824 1808 si
853 1768 962 1807 non
994 1753 1084 1807 sui
1110 1751 1445 1815 miserearis,
1467 1751 1684 1803 miserm
1711 1749 1818 1803 sal-

154 1850 263 1897 tem
292 1849 399 1897 tua
419 1840 703 1897 m'sororis
731 1841 1337 1911 miserearis,ncpotum
1366 1853 1575 1910 quoque
1595 1845 1815 1892 tuorum

152 1931 216 1985 in
247 1931 447 1986 ultima
474 1931 793 1985 necessitate
822 1930 1256 1984 constitutorum.
1289 1926 1440 1982 Dum
1473 1925 1595 1980 base
1644 1923 1811 1980 lacri-

153 2034 330 2075 mans
350 2018 419 2054 ¹¹⁸
447 2015 1119 2088 dixisset,interpellatio
1150 2013 1505 2087 principium
1538 2030 1679 2069 auro
1696 2029 1814 2068 cor-
1841 1987 1892 2054 Β

154 2110 469 2178 ruptorum
484 2104 718 2177 adjecit,
738 2104 877 2177 quia
887 2105 1100 2160 decens
1120 2104 1265 2158 foret
1276 2102 1596 2159 clementiae
1610 2100 1811 2173 regali,

153 2211 275 2267 quo
304 2194 482 2250 talem
514 2193 1006 2266 supplicationem
1030 2209 1145 2247 non
1177 2195 1815 2263 superneret,commu-

157 2283 328 2339 nium
360 2299 593 2355 quoque
625 2285 850 2336 natura:
885 2296 1078 2336 rerum
1113 2296 1227 2334 non
1276 2277 1661 2344 obliviscitur,
1697 2278 1812 2332 uti-

155 2372 393 2444 liusque
423 2375 577 2426 esset
609 2372 698 2436 ¹²⁶,
730 2386 862 2425 eum
896 2369 956 2424 in
988 2369 1101 2424 fide
1133 2368 1450 2439 suscipere,
1484 2383 1656 2438 quem
1686 2369 1812 2437 jam

154 2463 503 2532 superatum
533 2457 777 2513 haberet
807 2461 1048 2529 tamque
1078 2458 1145 2492 m
1178 2456 1518 2521 contritum,
1553 2461 1618 2510 ut
1640 2473 1811 2510 num-

153 2564 339 2621 quam
368 2564 429 2603 se
450 2551 654 2602 contra
672 2562 808 2601 eum
832 2544 1239 2618 possitlevare,
1255 2561 1433 2616 quam
1457 2543 1600 2599 illud
1628 2561 1813 2616 genus

154 2636 469 2694 hominum
502 2634 861 2691 indomabile
882 2639 939 2691 et
967 2635 1039 2691 ad
1071 2633 1577 2689 omnemlaborem
1605 2633 1814 2705 perdu-

154 2724 361 2793 rabile,
387 2742 422 2781 a
441 2741 557 2796 quo
576 2722 755 2778 nichil
776 2726 1105 2796 expectaret
1118 2723 1473 2778 Francorum
1499 2721 1811 2793 imperium

155 2814 272 2872 nisi
304 2812 497 2870 solum
529 2811 878 2885 periculum.
923 2812 986 2867 In
1017 2815 1251 2883 peracto
1283 2810 1350 2845 ¹²⁸
1380 2826 1611 2882 quoque
1660 2809 1812 2865 bello

152 2902 529 2960 considerare
551 2905 768 2975 posset,
783 2916 963 2973 quam
983 2899 1115 2955 duri
1140 2901 1211 2935 m
1230 2903 1287 2955 et
1303 2898 1729 2970 insuperabiles
1744 2900 1812 2935 "0

151 2992 476 3049 existerent
505 2992 782 3058 Saxones,
804 2989 1051 3060 ideoque
1081 2986 1293 3043 melius
1323 2992 1554 3054 esse,ut
1580 3004 1811 3059 suscep-

149 3082 228 3137 tis
249 3079 574 3154 Thuringis
592 3079 811 3152 pariter
829 3094 929 3134 eos
949 3076 1226 3149 ejicerent
1240 3076 1310 3131 de
1334 3074 1551 3130 ﬁnibus
1576 3075 1700 3130 suis
1720 3076 1808 3130 “1.

151 3170 255 3228 His
288 3168 486 3237 dictis,
505 3167 642 3224 licet
670 3164 1180 3234 invitus,ﬂectitur
1207 3168 1404 3221 tamen
1435 3162 1806 3233 Thiadricus,

153 3257 549 3332 promisitque
571 3259 803 3330 postera
823 3255 917 3311 die
938 3270 1218 3327 generum
1235 3269 1411 3309 suum
1432 3269 1495 3309 se
1514 3253 1581 3289 ¹⁸¹
1610 3269 1808 3309 susce-

1922 708 2078 779 ipsis,
2111 717 2162 763 et
2188 710 2320 780 fuga
2349 710 2579 765 salutem
2608 713 2851 782 qua’rite.
2884 713 3034 769 Saxo
3066 714 3266 769 statim
3298 716 3572 774 emittens

1922 795 2279 867 accipitrem,
2315 798 2488 853 sociis
2522 798 2719 854 retulit
2751 802 2815 835 ¹³⁰
2846 818 2973 872 qua:
3020 801 3259 856 audivit.
3296 804 3382 859 Illi
3427 806 3571 861 satis

1922 884 2219 951 commoti,
2256 886 2312 938 in
2340 893 2613 959 promptu
2648 888 2713 921 ¹⁴θ
2746 906 2857 943 non
2894 889 3267 945 inveniebant
3299 893 3437 963 quid
3471 912 3570 948 su-

1921 990 2025 1045 per
2053 974 2163 1029 hoc
2195 992 2362 1045 agerc
2394 976 2755 1031 debuissent.

1997 1064 2234 1117 11.Erat
2263 1069 2457 1118 autem
2488 1069 2626 1118 tunc
2658 1064 2713 1118 in
2748 1067 2957 1121 castris
2989 1067 3227 1138 quidam
3259 1069 3329 1123 de
3359 1075 3571 1125 vetera-

1900 1144 2015 1205 nis
2049 1151 2559 1223 militibusmjam
2593 1153 2804 1219 senior,
2822 1156 2919 1208 sed
2953 1154 3121 1208 viridi
3156 1162 3451 1212 senectute
3475 1159 3572 1212 ad-

1922 1240 2037 1295 huc
2067 1241 2292 1312 vigens,
2316 1242 2413 1312 qui
2443 1242 2647 1295 merito
2681 1244 2964 1296 bonarum
2989 1243 3271 1298 virtutum
3295 1250 3459 1317 pater
3477 1264 3571 1317 pa-

1922 1333 2079 1383 trum
2094 1331 2415 1395 dicebatur,
2433 1330 2668 1383 nomine
2683 1330 2969 1402 llathagat
2987 1332 3263 1403 (1()1).Hic
3282 1334 3569 1405 arripiens

1923 1418 2159 1490 signum
2192 1419 2346 1490 quod
2380 1419 2532 1490 apud
2577 1436 2674 1473 eos
2723 1418 3048 1474 habebatur
3096 1438 3350 1489 sacrum,
3385 1422 3569 1478 leonis

1923 1512 2099 1578 atquc
2130 1507 2402 1562 draconis
2435 1512 2491 1561 ct
2538 1508 2789 1578 desuper
2836 1508 3043 1577 aquilm
3092 1507 3339 1564 volantis
3388 1511 3568 1584 insig-

1924 1594 2113 1649 nitum
2153 1596 2342 1668 efﬁgie
2395 1597 2480 1664 ιδ’,
2538 1613 2654 1667 quo
2710 1602 3029 1651 ostentaret
3076 1598 3435 1656 fortitudinis
3484 1605 3569 1655 at-

1924 1700 2037 1756 que
2066 1684 2389 1756 prudentia:
2419 1691 2475 1741 et
2517 1703 2717 1741 earum
2772 1704 2965 1741 rerum
3014 1689 3349 1756 efﬁcatiam,
3401 1694 3458 1745 et
3503 1690 3571 1726 ιδ’

1924 1777 2087 1827 motu
2120 1774 2380 1845 corporis
2412 1773 2590 1833 animi
2643 1775 3030 1830 constantiam
3082 1776 3407 1844 declarans,
3440 1779 3522 1834 ait
3552 1794 3567 1834 :

1922 1862 2036 1916 Huc
2066 1878 2236 1933 usque
2285 1864 2425 1917 inter
2467 1864 2694 1933 Optimos
2736 1862 2976 1917 Saxones
3028 1865 3165 1929 vixi,
3215 1874 3267 1920 et
3312 1865 3382 1920 ad
3430 1866 3572 1924 hanc

1920 1952 2035 2022 fere
2063 1952 2317 2005 ultimam
2345 1960 2667 2006 senectutem
2706 1959 2837 2007 aetas
2884 1968 2971 2007 me
3012 1953 3291 2024 perduxit,
3322 1963 3375 2010 et
3417 1972 3570 2011 nun-

1923 2056 2087 2111 quam
2115 2041 2355 2096 Saxones
2384 2057 2527 2095 meos
2559 2040 2625 2075 i“
2652 2041 2841 2111 fugere
2872 2040 2985 2095 vidi
3005 2062 3023 2107 ;
3054 2050 3104 2096 ct
3132 2043 3392 2113 quomodo
3421 2060 3572 2102 nunc

1924 2129 1991 2165 us
2019 2146 2178 2202 cogor
2203 2146 2363 2201 agere
2394 2128 2533 2202 quod
2578 2146 2865 2201 nunquam
2912 2130 3127 2187 didici?
3175 2132 3392 2187 Certare
3434 2135 3567 2194 scio.

1919 2219 2110 2289 fugere
2140 2219 2347 2288 ignoro.
2377 2233 2475 2271 nec
2504 2217 2692 2284 valeo;
2724 2218 2774 2271 si
2795 2218 2911 2288 fata
2941 2234 3049 2272 non
3076 2220 3269 2274 sinunt
3306 2220 3453 2275 ultra
3481 2223 3569 2275 vi-

1922 2323 2063 2375 vere,
2097 2307 2255 2361 lieeat
2280 2306 2491 2371 saltem,
2525 2305 2667 2376 quod
2694 2305 2866 2360 michi
2904 2305 3285 2361 dulcissimum
3318 2317 3415 2373 est,
3447 2326 3573 2365 cum

1920 2397 2113 2449 amicis
2143 2394 2473 2449 occumbere.
2510 2395 2760 2465 Exempli
2789 2394 2855 2428 ⁸⁸⁸
2883 2394 3054 2448 michi
3082 2403 3324 2466 paterna:
3354 2399 3571 2454 virtutis

1922 2483 1988 2517 “7
2019 2491 2149 2538 sunt
2194 2484 2498 2537 amicorum
2544 2498 2770 2553 corpora
2810 2484 2957 2537 circa
3003 2500 3102 2538 nos
3145 2492 3441 2554 prostrata,
3475 2488 3571 2558 qui

1920 2572 2239 2626 maluerunt
2294 2571 2362 2605 ¹⁸⁸
2408 2572 2552 2625 mori
2598 2588 2762 2642 quam
2810 2572 2980 2635 vinci,
3030 2574 3294 2643 impigros
3352 2576 3570 2630 animas

1919 2661 2167 2716 amittere
2187 2677 2351 2731 quam
2375 2676 2559 2715 coram
2581 2660 2823 2715 inimicis
2855 2661 2965 2715 loco
2991 2661 3193 2716 cedere.
3208 2662 3312 2716 Sed
3342 2663 3412 2697 ¹⁸⁰
3440 2663 3570 2734 quid

1918 2766 2131 2805 necesse
2162 2749 2329 2804 habeo
2379 2750 2810 2804 exhortationem
2846 2749 3164 2819 protrahere
3195 2752 3459 2822 tantisper
3503 2752 3570 2809 de

1919 2846 2224 2909 contemptu
2252 2839 2485 2893 mortis?
2513 2838 2641 2891 Ecce
2687 2837 2758 2891 ad
2803 2853 3021 2892 securos
3071 2838 3296 2904 ibimus,
3340 2839 3411 2894 ad
3465 2857 3567 2897 Cte-

1918 2926 2040 2982 dem
2065 2934 2297 2992 tantum,
2329 2942 2439 2981 non
2469 2925 2539 2979 ad
2564 2942 2843 2997 pugnam,-
2872 2943 3003 2980 nam
3027 2926 3092 2981 de
3128 2928 3397 2997 promissa
3436 2945 3569 2999 pace

1918 3032 1982 3070 ac
2024 3023 2206 3071 nostro
2252 3015 2409 3086 gravi
2458 3014 2683 3069 vulnere
2710 3013 2884 3069 nichil
2914 3016 3269 3085 suspicantur
3304 3016 3566 3085 adversi;

1919 3102 2178 3159 hodierno
2208 3119 2416 3175 quoque
2440 3103 2638 3174 praelia
2677 3103 2912 3174 fatigati,
2948 3102 3402 3174 quemadmodum
3437 3113 3568 3161 sunt

1917 3195 2040 3249 sine
2066 3202 2232 3258 metu,
2264 3194 2386 3249 sine
2418 3193 2622 3263 vigiliis
2652 3200 2703 3246 et
2726 3192 2887 3247 solita
2932 3192 3174 3247 custodia
3215 3202 3455 3249 manent.
3490 3195 3567 3249 Ir-

1918 3299 2144 3337 ruamus
2203 3282 2267 3317 "5°
2318 3283 2488 3352 igitur
2543 3298 2706 3352 super
2761 3282 3080 3352 improvisos
3135 3288 3187 3336 et
3241 3297 3428 3337 somno
3482 3299 3565 3340 se-

150 3352 397 3444 Ρωξυῖξλ
430 3346 804 3444 summm}?
833 3343 1219 3444 δδιίθῗωξυπξ·
1256 3342 1359 3444 ΨΒ
1388 3342 1624 3444 auditis"
1649 3342 1807 3444 {ring
1837 3352 1881 3420 (ἶ
1910 3372 2135 3444 pullos,-
2179 3342 2381 3444 parum
2422 3342 2624 3426 laboris
2681 3376 2802 3427 est!
2837 3342 3165 3442 .chuimini
3212 3388 3297 3425 me
3352 3370 3562 3442 ducem,

147 3435 417 3509 vestigiis
448 3433 840 3508 prosternitur
869 3430 1431 3505 regis,laudavitque
1452 3431 1806 3488 sententiam

151 3523 480 3582 clementiae
508 3521 853 3596 imperialis,
876 3525 935 3577 et
963 3520 1145 3577 misso
1176 3520 1249 3575 ad
1280 3518 1586 3575 dominum
1609 3523 1807 3591 optato

154 3612 388 3679 nuntio,
419 3612 620 3668 latum
652 3627 786 3667 eum
818 3625 1173 3680 omnemque
1213 3607 1418 3663 urbem
1450 3607 1804 3663 securiorem

147 3700 431 3769 reddidit,
464 3699 802 3772 mansitque
832 3698 957 3771 ipse
987 3698 1056 3733 ³³⁸
1077 3697 1137 3753 in
1159 3695 1392 3762 castris,
1426 3712 1497 3751 ne
1528 3694 1668 3767 quid
1711 3695 1805 3751 ad-

145 3790 304 3848 versi
337 3807 451 3846 nox
480 3789 610 3862 ipsa
638 3787 963 3844 moliretur.
989 3786 1215 3842 Interea
1246 3784 1390 3840 urbe
1410 3801 1480 3839 ex
1509 3800 1650 3855 pace
1680 3801 1808 3855 pro-

146 3879 336 3935 missa
358 3878 652 3934 securiore
678 3876 928 3943 reddita,
944 3890 1219 3946 egressus
1248 3888 1376 3928 esse
1406 3871 1645 3943 quidam
1669 3888 1804 3928 cum

144 3965 684 4039 accipitre,victum
712 3963 1032 4036 quaeritans
1062 3977 1243 4033 supra
1263 3960 1404 4014 litus
1425 3958 1581 4014 ﬂuvii
1606 3976 1810 4031 supra.

144 4054 557 4112 dicti.Emisso
580 4054 648 4091 ¹⁸⁸
666 4068 801 4109 vero
830 4050 1082 4118 volucre,
1104 4049 1347 4122 quidam
1378 4064 1446 4104 ex
1475 4047 1803 4104 Saxonibus

144 4143 203 4200 in
217 4142 499 4201 ulteriore
511 4142 662 4214 ripia
678 4139 812 4196 ilico
823 4156 958 4195 eum
970 4139 1035 4174 ³³⁸
1049 4136 1458 4209 suscepit.0uo
1470 4137 1801 4208 rogantem,

145 4236 210 4289 ut
241 4229 598 4298 remittetur,
632 4229 782 4286 Saxo
814 4229 954 4283 dare
983 4226 1235 4299 negavit.
1280 4223 1382 4281 Ille
1422 4228 1620 4280 autem
1653 4239 1668 4278 :
1700 4224 1800 4291 Da,

138 4318 358 4394 inquit,
389 4327 441 4376 et
474 4326 741 4376 secretum
789 4316 890 4373 tibi
932 4316 1200 4387 sociisque
1253 4312 1318 4349 ³⁸⁷
1365 4314 1499 4369 utile
1541 4312 1790 4384 prodam.

138 4409 288 4467 Saxo
319 4413 557 4465 econtra
588 4424 602 4464 :
634 4409 752 4473 Dic,
780 4414 843 4462 ut
868 4405 1109 4477 accipias
1149 4402 1290 4475 quod
1338 4403 1556 4474 quaeris.
1601 4402 1786 4473 Reges,

137 4495 356 4570 inquit,
390 4499 615 4553 interse
657 4511 789 4569 pace
834 4496 980 4565 facta
1014 4494 1287 4549 decretum
1315 4498 1514 4556 tenent,
1562 4492 1615 4545 si
1661 4505 1783 4546 cras

136 4586 509 4643 inveniumini
534 4587 596 4642 in
624 4586 839 4651 castris,
871 4583 1192 4654 capiamini,
1224 4587 1321 4636 aut
1342 4588 1481 4635 certe
1506 4578 1803 4635 occidami-

135 4677 216 4731 ni.
244 4675 333 4731 Ad
362 4674 484 4730 hinc
514 4672 612 4730 ille
646 4690 659 4729 :
690 4672 916 4730 Serione
943 4671 1035 4707 υτ·
1062 4670 1178 4726 haec
1204 4686 1278 4725 an
1310 4668 1437 4724 ludo
1468 4668 1538 4703 ¹³⁹
1567 4670 1651 4723 ais
1677 4670 1699 4723 Ρ
1727 4698 1793 4709 -

135 4761 384 4821 Secunda
414 4763 570 4832 hora,
605 4761 707 4833 ait,
739 4762 1011 4835 sequentis
1059 4759 1173 4815 diei
1204 4757 1475 4830 probabit,
1523 4756 1656 4829 quia
1703 4772 1793 4814 vos

1915 3470 1967 3517 et
1996 3461 2095 3517 hoc
2126 3478 2325 3517 canum
2355 3467 2518 3531 caput
2543 3476 2728 3515 meum
2759 3459 2909 3514 vobis
2939 3458 3110 3525 trado,
3142 3460 3194 3513 si
3220 3476 3330 3514 non
3374 3477 3562 3516 evene-

1913 3553 1993 3607 rit
2019 3551 2160 3623 quod
2207 3550 2345 3605 dico.
2382 3548 2546 3604 Illius
2594 3548 2775 3621 igitur
2820 3548 3061 3619 optimis
3115 3548 3307 3603 verbis
3364 3550 3559 3619 erecti,

1915 3641 2071 3713 quod
2104 3643 2408 3712 supererat
2435 3637 2548 3692 diei
2599 3637 2659 3691 in
2709 3636 3035 3691 reficiendis
3066 3636 3190 3691 suis
3219 3638 3561 3708 corporibus

1914 3730 2320 3802 expendebant
2335 3745 2349 3795 ;
2364 3726 2575 3782 deinde
2590 3725 2779 3798 prima
2790 3725 2986 3799 vigilia
3006 3724 3190 3779 noctis
3212 3727 3345 3781 dato
3368 3726 3560 3798 signo,

1914 3836 2033 3891 qua
2058 3818 2203 3873 solet
2233 3833 2407 3888 seper
2436 3814 2666 3887 gravior
2686 3830 2971 3885 occupare
3001 3812 3561 3886 mortales,sumptis

1913 3905 2490 3976 armis,przecedente
2521 3902 2935 3970 duce,irruunt
2966 3920 3144 3974 super
3173 3903 3562 3969 muros,inve~

1913 3996 2257 4066 nieutesque
2272 3992 2397 4048 sine
2418 3991 2632 4064 vigiliis
2646 4008 2712 4046 ac
2724 3990 3028 4058 custodiis,
3048 3991 3297 4063 ingressi
3321 3997 3459 4046 sunt
3471 4010 3562 4047 ur-

1911 4085 2045 4139 bem
2076 4100 2209 4139 cum
2242 4080 2496 4137 clamore
2526 4080 2738 4135 valido.
2773 4082 2896 4146 Quo
2940 4079 3170 4136 excitati
3220 4080 3557 4148 adversarii,

1912 4172 2009 4229 alii
2042 4173 2180 4245 fuga
2224 4169 2474 4225 salutem
2509 4168 2886 4240 qumsierunt,
2932 4167 3033 4223 alii
3083 4184 3186 4239 per
3231 4167 3451 4239 plateas
3503 4174 3562 4225 et

1911 4278 2114 4317 muros
2143 4260 2307 4315 urbis
2339 4262 2405 4313 ut
2433 4257 2576 4313 ebrii
2626 4260 2986 4323 erraverunt,
3021 4256 3119 4312 alii
3173 4256 3229 4311 in
3278 4257 3555 4325 Saxones,

1910 4351 2063 4407 cives
2093 4366 2232 4405 suos
2250 4345 3020 4421 putantes,inciderunt.llli
3052 4361 3184 4399 vero
3210 4362 3413 4399 omnes
3435 4362 3562 4415 per-

1910 4441 2071 4496 fectas
2100 4438 2288 4493 aetatis
2318 4435 2492 4492 morti
2538 4434 2930 4499 tradiderunt,
2973 4432 3310 4504 impuberes
3350 4432 3557 4503 praedas

1909 4529 2287 4585 servaverunt
2318 4524 2676 4595 “‘.Eratque
2706 4538 2820 4576 nox
2848 4520 2950 4575 illa
2980 4519 3154 4592 plena
3175 4519 3553 4588 clamoribus,

1909 4619 2063 4676 ctede
2089 4620 2265 4687 atque
2297 4613 2522 4686 rapina,
2559 4610 2876 4681 nullusque
2904 4608 3068 4664 locus
3100 4608 3158 4663 in
3198 4606 3359 4663 omni
3410 4608 3556 4665 urbe

1832 4718 1881 4782 D
1908 4708 2163 4779 quietus,
2197 4705 2377 4759 donec
2408 4718 2618 4757 aurora
2651 4698 2901 4754 rutilans
2945 4697 3153 4769 surgit,
3186 4701 3243 4753 et
3279 4696 3551 4753 incruen-

1902 4805 2023 4854 tam
2054 4793 2313 4850 declarat
2342 4789 2665 4846 victoriam.
2699 4788 2963 4858 Cumque
2993 4802 3171 4857 pcnes
3214 4802 3429 4857 regem,
3466 4787 3553 4841 vi-

1492 4926 1734 4984 VARM‘J
1772 4921 2192 4983 LECTIONES.

210 5060 280 5095 m
307 5057 454 5114 ἀδεεῖ
478 5058 532 5114 3.
646 5058 716 5094 ιω
734 5056 814 5112 ibi
840 5060 898 5112 2.
1013 5056 1076 5091 ’³³
1113 5057 1387 5109 neutrum
1417 5056 1472 5108 2.
1504 5052 1560 5108 3.
1591 5054 1648 5107 6.

137 5130 202 5163 “'
233 5129 495 5187 lacrimis
526 5130 576 5185 1.

138 5201 188 5256 1.
222 5218 403 5280 quam
432 5200 533 5280 diu
565 5201 621 5255 3.
738 5202 806 5235 ³³0
837 5196 1201 5280 superabiles
1228 5199 1295 5251 A.

133 5343 187 5399 3.
267 5343 337 5380 ³³⁸
364 5344 587 5400 emissa
688 5344 751 5378 ³³³
785 5359 914 5397 eam
943 5342 1000 5395 3.

135 5412 260 5473 add.
294 5414 413 5475 tuis
440 5417 506 5470 A.
586 5414 680 5450 ην
710 5414 862 5470 serio
891 5414 958 5467 A.
989 5412 1043 5467 6.

133 5489 247 5544 Yet.
279 5486 406 5545 mil.
457 5485 657 5543 desunt
686 5486 739 5540 4.
845 5483 913 5519 ¹⁴¹
941 5483 1121 5553 efﬂge
1140 5484 1196 5536 2.

1141 5410 1207 5447 ³³⁸
1238 5425 1311 5466 an
1346 5408 1485 5462 Indo
1518 5406 1642 5460 haec
1671 5410 1727 5459 2.

1302 5478 1370 5515 ⁸⁸³
1397 5478 1541 5532 deest
1568 5480 1622 5531 2.
1656 5478 1723 5531 A.

1762 5052 1831 5088 ¹¹²
1861 5050 2167 5106 numerata
2198 5045 2250 5098 3.
2288 5043 2312 5097 1
2338 5041 2365 5096 ‘l
2395 5042 2450 5095 6.

656 5109 1066 5183 “‘eum'esset
1096 5128 1146 5180 1.
1182 5142 1311 5181 esse
1340 5127 1403 5180 A.
1426 5128 1480 5178 2.
1514 5125 1567 5178 3.
1612 5193 1616 5194 ί
1649 5124 1715 5159 "7
1745 5128 2050 5194 tamquam
2080 5120 2146 5194 ᾼ.
2193 5188 2201 5194 _
2324 5113 2609 5194 imperato
2645 5110 3024 5194 Limperacto
3045 5110 3110 5189 Α.
3193 5110 3262 5194 ηεξ
3290 5109 3554 5194 quandiu

1411 5196 1552 5266 “‘71
1603 5193 1693 5249 hic
1739 5179 1909 5266 caput
1950 5195 2038 5266 11.
2090 5188 2307 5257 incipit,
2340 5179 2479 5265 quod
2528 5180 2867 5266 militanti-irae
2910 5182 3193 5266 prim-£5.50
3244 5179 3391 5266 baud
3420 5197 3551 5260 con-

134 5258 324 5340 venit;
353 5275 672 5337 scriptorem
701 5258 1068 5326 errasse'inde
1095 5275 1348 5340 apparet,
1370 5265 1510 5340 quod
1540 5274 1722 5340 postea
1767 5258 1816 5321 οῖ
1850 5267 1935 5320 17.
1970 5264 2051 5340 bis
2090 5258 2426 5340 ‘nunwrav'it.

1105 5336 1175 5374 ηδ
1204 5339 1262 5393 in
1296 5336 1567 5393 ulteriore
1597 5366 1666 5375 —
1696 5337 1819 5400 QUO
1853 5352 1956 5406 τ’οὲ

1826 5407 1895 5441 ¹³⁹
1924 5403 2150 5460 rettulit
2182 5403 2232 5454 1.

1831 5476 1898 5511 ¹“
1931 5492 2093 5530 meos
2140 5486 2385 5526 saxones
2413 5471 2468 5522 2.

2566 5040 2633 5074 ¹¹³
2664 5043 2720 5093 et
2744 5039 2810 5092 Α.
2928 5038 2993 5071 ηδ
3018 5037 3235 5092 sororis
3267 5041 3378 5091 tua:
3408 5039 3461 5091 2.
3495 5037 3551 5091 6.

2545 5254 2610 5289 ³³³
2638 5253 2781 5306 deest
2805 5256 2860 5305 2.
2976 5252 3042 5287 ³³⁸
3074 5251 3131 5304 in
3160 5252 3370 5305 castris
3430 5251 3552 5322 ipse

1987 5338 2042 5387 in
2073 5334 2139 5386 A.
2171 5326 2406 5385 secunda
2434 5342 2606 5380 manu
2634 5325 2762 5378 aliis
2794 5325 2964 5378 erasis
2994 5324 3197 5393 scripta
3226 5330 3372 5377 sunt.
3487 5323 3552 5356 ⁸³⁷

2337 5399 2404 5433 ¹⁴⁰
2437 5414 2553 5451 non
2580 5395 2704 5467 inu.
2737 5394 2795 5447 in
2830 5392 3187 5467 promptu’2.
3220 5395 3285 5448 A.
3392 5392 3455 5467 ‘f‘
3482 5393 3551 5447 de

2575 5467 2641 5500 ³⁸⁸
2670 5465 2817 5521 deest
2833 5463 2898 5520 ’2.
2930 5463 3017 5521 ΑῘ
3104 5465 3170 5501 ¹⁴⁶
3202 5463 3467 5535 exempla
3494 5466 3549 5517 2.

135 5536 406 5630 eiéhﬁib'
428 5536 990 5614 3T'6LWW7Vvirtutes
1014 5536 1077 5609 2‘.)
1103 5552 1157 5607 3.
1190 5551 1245 5607 6.
1271 5621 1302 5630 Α
1324 5548 1391 5587 ⁸⁸⁸
1421 5546 1679 5604 maluere
1708 5548 1762 5603 3.
1840 5547 1908 5584 ¹⁴⁹
1940 5553 2029 5602 set
2062 5549 2113 5599 1.
2191 5542 2258 5578 ¹⁶⁰
2289 5543 2511 5596 irruero
2540 5540 2593 5593 3.
2674 5537 2737 5572 ⁸⁸⁸
2772 5536 3054 5608 quaesiere
3094 5567 3159 5575 —
3191 5551 3451 5591 erravere
3484 5564 3551 5574 -

135 5621 392 5685 incidere
425 5658 490 5669 —
521 5625 814 5683 tradidere
844 5656 912 5667 --
941 5637 1239 5680 servavere
1269 5621 1323 5676 3.

1725 5714 1961 5772 NOTAE.

207 5823 354 5901 (101)
384 5824 534 5885 Eum
565 5827 712 5886 tunc
739 5823 1036 5883 Saxonum
1067 5819 1277 5878 ducem
1304 5815 1509 5886 fuisse,
1542 5811 1874 5873 Ruodolfus
1902 5810 2046 5874 dicit
2075 5807 2115 5867 l.
2150 5809 2191 5867 Ι.
