3868 6484
176 506 290 573 149

1202 512 1350 574 RES
1395 513 1672 577 GESTIE
1716 515 2150 581 SAXONIC/E.
2197 552 2276 564 -—
2316 522 2466 585 LIB.
2514 522 2564 584 Ι.

3476 532 3594 609 150

174 675 286 733 que
316 655 590 727 obtinuit,
622 660 688 715 ut
721 657 944 715 reddito
978 660 1202 734 captivo
1234 678 1369 719 cum
1402 662 1531 719 aliis
1564 664 1822 723 muneri-
1851 649 1908 718 Α
1938 649 2075 708 Post
2106 651 2280 709 Βωῢᾶ
2302 653 2660 713 Diocletiano
2690 672 2904 716 cmsare
2932 661 3172 723 Vocatus
3196 661 3445 726 Romam
3463 680 3594 740 pro-

174 751 306 819 bus,
343 750 413 805 ad
449 764 653 805 novem
687 767 872 807 annos
903 767 1016 824 pax
1047 750 1381 810 ﬁrmaretur
1407 754 1499 810 359.

240 842 329 895 33.
368 839 608 905 Quando
640 840 709 875 ³⁸0
738 857 871 895 vero
904 858 1001 896 rex
1034 842 1260 897 Renum
1292 843 1605 901 transierat
1636 848 1706 901 ad
1740 846 1822 901 di-

167 929 472 985 latandam
504 945 681 999 super
703 930 1005 984 Lotharios
1029 931 1339 1002 imperium
1364 936 1824 1002 suum,occurrit

166 1019 216 1072 ei
248 1017 475 1089 legatus
506 1017 776 1084 Caroli,et
798 1018 1048 1073 salutato
1071 1037 1135 1074 eo
1151 1021 1421 1075 38‘verliis
1447 1022 1817 1079 humillimis:

164 1109 428 1162 Dominus
475 1123 647 1171 meus,
682 1106 895 1177 inquit,
930 1110 1177 1176 Ii'arolus,
1214 1112 1366 1179 regia
1416 1113 1688 1181 querulum
1722 1130 1817 1183 po-

164 1204 349 1251 testate
392 1195 683 1267 ﬂ‘ril’llil'll-S,
716 1196 872 1250 modo
911 1199 1180 1267 privatus,
1215 1201 1369 1253 misit
1412 1216 1499 1253 me
1537 1200 1605 1253 ad
1642 1208 1691 1255 te
1722 1201 1819 1255 (le-

162 1286 452 1349 mamlans,
487 1288 615 1356 quia
656 1286 831 1340 nichil
860 1289 912 1341 ei
942 1287 1008 1340 ab
1062 1289 1302 1342 ininn'cis
1348 1291 1709 1345 circumvento
1730 1292 1818 1361 jo-

153 1375 418 1437 cumlius,
478 1374 654 1429 nichil
710 1373 926 1429 dulcius
982 1392 1095 1430 esse
1149 1379 1334 1447 possit,
1395 1394 1557 1448 quam
1616 1379 1681 1433 dc
1736 1382 1818 1434 tui

158 1465 441 1534 magniﬁci
464 1466 735 1534 pro/cetus
766 1465 943 1533 gloria
975 1465 1188 1535 aliquid
1217 1466 1431 1531 audire,
1462 1468 1609 1535 fama
1642 1469 1815 1521 virtu-

157 1561 273 1608 tum
304 1560 525 1606 tuarum
581 1553 871 1607 consolari.
908 1554 973 1607 Et
1028 1553 1126 1608 hoc
1182 1554 1282 1609 tibi
1339 1557 1561 1625 signum
1609 1555 1736 1625 ﬁdei
1766 1554 1821 1611 et

156 1644 403 1697 veritatis
430 1643 764 1707 transmisit;
780 1641 1140 1713 protulitque
1164 1643 1235 1697 de
1258 1642 1391 1697 sinu
1425 1659 1667 1699 manum
1692 1660 1817 1716 pre-

162 1730 302 1787 tiosi
335 1729 592 1785 martiris
622 1730 1004 1802 Dyonysiim,
1041 1745 1181 1785 auro
1229 1732 1596 1803 gemmisque
1634 1731 1815 1787 inclu-

162 1836 312 1877 sam.
349 1821 473 1886 Hoc,
506 1818 717 1890 inquit,
750 1817 936 1873 habeto
970 1822 1173 1889 pignus
1228 1819 1445 1889 foederis
1488 1822 1736 1891 perpetui
1763 1828 1817 1876 et

146 1912 358 1965 amoris
393 1910 609 1963 vicarii.
644 1908 794 1962 Hane
820 1915 1033 1978 partem
1064 1909 1219 1963 unici
1245 1909 1431 1964 solatii
1479 1912 1811 1966 Francorum

153 1998 394 2054 Galliam
426 1996 874 2062 inhabitantium,
889 2005 1171 2068 postquam
1190 2014 1287 2052 nos
1317 1996 1556 2053 deseruit
1573 2000 1807 2070 insignis

142 2088 352 2141 martir
412 2087 558 2141 Vitas
612 2085 682 2140 ad
756 2093 999 2140 nostram
1076 2088 1396 2156 perniciem,
1467 2096 1804 2159 vestramque

140 2184 465 2248 perpetuam
506 2190 696 2244 pacem
753 2174 1053 2229 Saxoniam
1108 2178 1369 2240 uisitauit,
1404 2178 1804 2233 communicare

145 2274 328 2321 tecmn
356 2264 571 2317 maluit.
603 2263 783 2334 Neque
830 2266 978 2317 enim
1027 2271 1310 2335 postquam
1360 2265 1685 2319 translatum
1729 2273 1807 2321 est

144 2369 343 2425 corpus
364 2353 478 2424 ejus
500 2353 570 2386 ³⁸³
597 2368 629 2406 a
654 2351 830 2415 nobis,
888 2353 1078 2406 civilia
1134 2353 1216 2407 vel
1267 2361 1492 2408 externa
1534 2370 1804 2409 cessavere

145 2444 339 2509 bella;
386 2440 568 2496 eodem
616 2443 813 2512 quippe
861 2457 1004 2495 anno
1055 2442 1197 2496 Dani
1243 2449 1295 2497 et
1339 2443 1708 2498 Northmanni
1734 2443 1804 2478 ⁸⁸⁵

141 2533 419 2603 regionem
445 2536 690 2584 nostram
724 2531 1043 2584 invaserunt
1074 2530 1245 2602 (159).
1279 2531 1399 2585 Rex
1442 2536 1638 2587 autem
1671 2546 1801 2586 mu-

142 2636 258 2677 nus
289 2618 552 2673 divinum
584 2633 718 2671 cum
751 2618 909 2672 omni
962 2618 1285 2691 gratiarum
1335 2619 1560 2675 actione
1610 2620 1801 2676 susci-

142 2710 333 2782 piens,
366 2706 757 2779 prosternitur
788 2705 1054 2778 reliquiis
1090 2706 1330 2775 sanctis,
1365 2713 1422 2764 et
1453 2709 1801 2765 deosculans

143 2815 264 2863 eas,
300 2813 537 2852 summa
566 2794 937 2851 veneratione
966 2800 1278 2852 veneratus
1307 2802 1414 2852 est.

212 2887 305 2942 34.
344 2883 584 2940 Inclitus
601 2899 733 2937 vero
766 2882 1071 2952 martir,de
1093 2901 1209 2956 quo
1232 2884 1459 2958 legatus
1480 2886 1666 2942 Caroli
1689 2888 1803 2943 dis-

144 2975 351 3041 seruit,
384 2976 507 3029 crat
534 2973 595 3027 in
628 2972 786 3027 Licia
811 2974 879 3008 εδδ
909 2973 1206 3044 provincia
1228 2974 1407 3030 nobili
1438 2979 1612 3031 natus
1641 2976 1805 3031 fami-

142 3063 240 3131 lia,
276 3064 379 3119 sed
414 3061 1010 3135 pagana(160).Quem
1035 3067 1200 3133 pater
1220 3063 1455 3135 praesidi
1491 3064 1800 3136 provinciae

144 3152 456 3208 Valeriano
503 3151 891 3222 praesentavit,
925 3166 1180 3223 eumque
1226 3151 1350 3224 ipse
1381 3152 1448 3187 ³⁵⁸
1480 3170 1691 3224 praeses
1726 3155 1799 3209 ad

143 3241 556 3297 inmolandam
587 3238 916 3294 simulacris
949 3241 1136 3312 coegit
1162 3258 1174 3308 ;
1205 3241 1304 3295 sed
1338 3241 1403 3276 ³⁸⁷
1432 3241 1653 3297 interea
1684 3258 1802 3298 ma-

145 3347 293 3385 num
322 3328 658 3401 perdidit,et
677 3328 936 3383 oratione
966 3327 1155 3399 ipsius
1175 3328 1386 3384 iterum
1421 3346 1625 3386 sanam
1650 3348 1801 3387 rece-

1934 740 2238 813 ﬁciscitur,
2271 747 2329 800 et
2349 743 2470 801 ﬁlio
2501 744 2872 820 imperatoris
2902 765 3005 823 per
3040 750 3363 811 orationem
3385 755 3455 791 ³⁷⁴
3473 755 3591 813 Viti

1934 846 1969 918 a
2000 832 2289 890 daemonio
2322 838 2590 908 purgato,
2624 838 2802 894 thura
2830 839 2900 874 ⁸⁷⁸
2930 839 3043 896 diis
3074 842 3282 898 oll‘erre
3336 847 3587 918 cogitur.

1933 916 2019 973 Illi
2043 921 2111 955 ³⁷⁸
2135 939 2267 978 vero
2300 924 2589 981 durius”
2611 927 2947 1000 imperatori
2970 916 3587 1002 respondente,bestiis

1932 1008 2258 1079 projicitur,
2294 1030 2399 1068 nec
2431 1013 2681 1070 lmditur.
2718 1016 2935 1072 Deinde
2968 1018 3027 1073 in
3058 1020 3318 1076 medium
3368 1019 3587 1079 clibani

1924 1096 2188 1153 ardentis
2235 1101 2517 1169 jactatur,
2568 1110 2624 1159 et
2668 1104 2735 1137 ³⁷⁸
2766 1104 2971 1178 angelo
3018 1106 3287 1164 ﬂammas
3318 1109 3583 1180 sedente,

1932 1183 2151 1241 illmsus
2203 1192 2517 1260 egreditur.
2552 1192 2931 1249 Vinculorum
2970 1195 3192 1269 ingenti
3242 1197 3393 1254 ferro
3443 1216 3579 1257 one-

1934 1278 2093 1329 ratus
2128 1280 2343 1334 carceri
2378 1281 2647 1349 traditur,
2689 1284 2792 1338 sed
2841 1283 2919 1339 ibi
2952 1301 2987 1339 a
3016 1286 3264 1344 Domino
3292 1292 3350 1343 et
3373 1288 3580 1346 multi-

1930 1364 2133 1420 tudine
2193 1368 2533 1441 angelorum
2592 1371 2881 1429 visitatur.
2940 1374 3238 1432 Postremo
3289 1380 3579 1435 tormento

1929 1455 2083 1522 quod
2110 1460 2331 1511 catasta
2361 1459 2575 1515 dicitur
2605 1478 2739 1517 cum
2762 1462 3023 1520 Modesto
3042 1467 3099 1520 et
3120 1466 3376 1537 quadam
3398 1465 3580 1522 nobili

1928 1541 2146 1598 femina
2172 1545 2502 1605 Crescentia
2530 1550 2747 1623 ﬁgitur,
2781 1556 2839 1607 et
2868 1552 3067 1610 fractis
3095 1553 3371 1611 omnibus
3400 1570 3580 1612 mem-

1926 1629 2167 1687 brorum
2202 1635 2522 1705 motibus,a
2540 1638 2768 1695 Christo
2792 1640 3145 1699 consolatur.
3161 1643 3309 1700 Nam
3331 1642 3581 1701 fulmine

1925 1720 2051 1775 ccnli
2085 1725 2331 1780 tortores
2362 1726 2500 1781 tacti
2532 1732 2589 1783 et
2608 1728 2827 1785 tonitru
2849 1729 2918 1766 "9
2935 1729 3161 1803 ingenti
3190 1732 3485 1804 perterriti
3502 1734 3575 1791 ab

1922 1822 1988 1864 eo
2022 1810 2334 1883 fugantur;
2370 1815 2682 1888 subitoque
2714 1821 2977 1890 repertus
3028 1823 3118 1877 est
3144 1820 3216 1856 ³⁸⁰
3244 1820 3305 1878 in
3335 1818 3461 1880 loco
3482 1822 3571 1893 38',

1923 1896 2021 1951 ubi
2055 1900 2217 1971 prius
2247 1902 2495 1959 orationi
2535 1906 2796 1974 vacabat,
2831 1908 3037 1981 angelo
3065 1909 3299 1967 Domini
3328 1911 3411 1969 ibi
3434 1928 3571 1970 eum

1921 1988 2282 2058 restituente,
2316 1996 2373 2046 et
2421 1991 2630 2050 ultima
2677 1994 2941 2053 oratione
2986 1996 3298 2068 celebrata,
3338 2000 3575 2060 animus

1914 2077 2057 2133 cmlo
2083 2080 2471 2138 tradiderunt.
2504 2083 2758 2156 Corpora
2803 2102 2936 2142 vero
2970 2085 3268 2145 Florentia
3297 2090 3568 2163 quasdam

1912 2163 2159 2222 illustris
2210 2169 2430 2226 femina
2476 2175 2643 2227 terra:
2691 2173 2936 2230 tradidit
2962 2175 3023 2232 in
3054 2177 3260 2233 eodem
3289 2178 3436 2247 loco,
3464 2181 3567 2252 qui

1913 2253 2129 2309 dicitur
2160 2256 2556 2331 Marianus.Ej
2568 2277 2636 2315 us
2666 2260 2936 2317 ultimam
2962 2263 3283 2323 orationem
3314 2271 3430 2323 ma)
3444 2267 3568 2341 glo-

1912 2341 2011 2396 riae
2043 2342 2376 2415 signiﬁcare
2407 2346 2621 2415 curavi,
2656 2352 2722 2403 ut
2759 2348 2895 2405 inde
2945 2367 3149 2410 sumas
3168 2353 3257 2422 ³⁸³,
3290 2371 3409 2427 quo
3437 2357 3568 2428 ejus

1914 2446 2114 2487 amore
2146 2435 2371 2502 ardens,
2404 2440 2461 2491 et
2492 2438 2697 2493 ardore
2727 2438 2916 2510 ipsius
2947 2442 3168 2498 amoris
3216 2446 3564 2516 perpetuum

1912 2521 2040 2590 ejus
2100 2524 2486 2594 patrocinium
2543 2529 2843 2585 merearis.
2904 2530 3153 2597 Domine,
3195 2532 3407 2605 inquit,
3437 2535 3568 2590 Iesu

1913 2609 2122 2665 Christe
2143 2612 2232 2676 ³⁸³,
2281 2614 2367 2682 ﬁli
2420 2614 2519 2670 Dei
2572 2616 2701 2683 vivi,
2748 2619 2945 2690 perﬁce
2998 2619 3335 2677 desiderium
3385 2623 3565 2680 cordis

1910 2714 2099 2756 eorum
2118 2701 2208 2765 38‘,
2254 2710 2307 2757 et
2363 2702 2535 2759 libera
2588 2718 2676 2760 eos
2732 2707 2802 2763 ab
2857 2709 3110 2765 omnibus
3164 2710 3564 2782 impedimentis

1910 2787 2074 2860 hujus
2102 2791 2310 2856 saeculi,
2338 2800 2391 2847 et
2432 2792 2637 2863 perduc
2665 2809 2752 2850 eos
2781 2795 2851 2851 ad
2877 2797 3114 2868 gloriam
3142 2806 3315 2865 tuam,
3339 2801 3439 2873 qui
3460 2816 3567 2872 pro

1909 2893 1997 2932 me
2023 2878 2427 2949 gloriﬁcanUe,
2459 2889 2511 2937 et
2537 2883 2728 2939 volunt
2752 2885 2987 2955 gloriari
3040 2885 3107 2942 de
3159 2889 3272 2944 mei
3314 2891 3564 2951 ’κατ-εἰνίὶ

1906 2968 2159 3039 passione
2178 2968 2262 3024 ³⁸³.
2283 2969 2443 3026 Hanc
2471 2986 2671 3028 vocem
2702 2973 3018 3030 subsecuta
3046 2978 3136 3031 est
3164 2977 3404 3050 sponsio
3424 2978 3564 3037 divi-

1912 3072 1997 3110 nm
2031 3058 2439 3128 promissionis
2458 3059 2545 3127 ³⁸⁸,
2580 3064 2707 3118 rata
2732 3064 2792 3118 et
2818 3061 2990 3119 ﬁrma
3035 3078 3165 3121 esse
3203 3065 3404 3124 omnia
3430 3082 3561 3140 quas

1911 3149 2193 3216 rogasset.
2229 3147 2364 3202 Post
2412 3147 2601 3204 multa
2642 3165 2776 3206 vero
2809 3149 2957 3222 (161)
2998 3155 3264 3225 tempora
3311 3153 3560 3213 Romam

1908 3233 2147 3290 veniens
2178 3234 2440 3305 quidam,
2476 3236 2764 3295 Fulradus
2794 3238 2861 3274 ³⁸⁷
2893 3241 3151 3309 nomine,
3182 3245 3241 3298 et
3284 3242 3365 3300 ibi
3396 3247 3563 3319 gesta

1907 3320 2105 3395 legens
2153 3323 2392 3395 pretiosi
2434 3325 2711 3396 martiris,
2755 3328 2976 3384 notavit
3019 3327 3216 3387 locum
3263 3329 3557 3404 sepulcri;

144 3418 247 3492 pit.
285 3394 535 3473 Brachia
562 3394 881 3472 tortoribus
911 3419 1318 3485 aruerunt,sed
1352 3418 1576 3474 meritis
1602 3436 1671 3475 ma

2029 3394 2265 3483 iensque
2304 3411 2514 3469 levavit
2540 3394 2822 3487 reliquias
2850 3430 3067 3484 sacras,
3092 3421 3151 3475 et
3167 3394 3472 3478 collocavit
3488 3394 3556 3461 υθέ

144 3507 225 3564 ris
260 3507 535 3562 restituta
562 3504 632 3540 ³⁸⁸
663 3508 803 3559 sunt
822 3504 923 3559 eis.
955 3504 1175 3561 Videns
1216 3510 1412 3562 autem
1443 3511 1626 3579 pater,
1661 3507 1803 3580 quia

144 3598 440 3652 tormenta
469 3592 927 3662 irrisit,domum
958 3595 1205 3662 reduxit,
1220 3594 1490 3651 cubiculo
1523 3597 1798 3652 omnibus

144 3684 375 3740 deliciis
409 3681 669 3737 afﬂuenti
700 3682 1051 3739 reclusit.Ibi
1082 3674 1218 3738 cum
1250 3683 1504 3739 archana
1529 3685 1797 3756 quaedam

144 3772 323 3846 Hylas
343 3773 413 3807 ³⁸9
441 3804 508 3811 -
539 3772 624 3827 sic
653 3771 811 3828 enim
859 3771 1180 3827 vocabatur
1208 3776 1375 3843 pater
1403 3773 1530 3844 ejus
1562 3804 1629 3814 -α
1659 3790 1796 3829 con-

143 3863 607 3934 spiceret,caecus
637 3858 907 3914 efficitur.
940 3861 1011 3915 Et
1037 3862 1274 3915 coactus
1308 3860 1480 3915 idolis
1512 3861 1800 3916 abrenun-

144 3951 336 4020 ciavit,
366 3948 664 4004 Christum
698 3950 1001 4004 confessus
1052 3954 1160 4004 est.
1195 3948 1568 4005 Illuminatus
1598 3953 1794 4004 autem

145 4058 244 4113 per
276 4039 489 4095 merita
520 4037 624 4091 ﬁlii
656 4038 747 4092 sui
778 4037 915 4104 Viti,
938 4038 1237 4093 Christum
1270 4037 1586 4109 negavit,et
1608 4037 1795 4094 ﬁlium

147 4130 472 4186 interficere
520 4126 802 4199 quaesivit.
838 4126 1058 4181 Monitu
1107 4126 1367 4198 angelico
1409 4131 1583 4198 atque
1615 4128 1795 4184 ductu

146 4218 467 4287 Modestus,
493 4216 619 4288 jam
647 4214 876 4288 gravior
906 4215 1278 4287 paedagogus,
1310 4232 1559 4286 puerum
1592 4217 1793 4285 sumit,

145 4323 306 4363 mare
338 4304 575 4378 navigat
593 4305 682 4373 37°,
716 4305 788 4359 ad
813 4303 963 4360 Siler
996 4303 1239 4360 fluvium
1261 4304 1539 4377 pervenit.
1568 4305 1651 4361 Ibi
1685 4306 1795 4361 sub

147 4396 351 4452 arbore
380 4392 637 4467 quadam
667 4392 1121 4465 requiescentes,
1151 4397 1360 4449 vacant
1408 4393 1792 4466 orationibus,

147 4483 359 4557 aquilis
389 4482 608 4538 victum
642 4481 1003 4538 cotidianum
1023 4481 1088 4517 ³⁷¹
1113 4481 1799 4539 ωἰηὶεῐωηῐὶὺυεδπἮοο

146 4573 299 4646 pulis
324 4588 461 4629 eum
483 4572 552 4607 ³⁷⁸
581 4570 953 4628 visitantibus
986 4587 1132 4643 puer
1160 4570 1435 4645 praedicat
1472 4572 1791 4640 Christum,

146 4661 341 4733 plures
374 4658 674 4727 convertit,
700 4659 893 4732 plures
927 4659 1290 4733 baptismum
1322 4659 1618 4732 suscipere
1638 4660 1791 4717 fecit.

1910 3512 2008 3553 eas
2023 3498 2082 3553 in
2100 3515 2249 3572 pago
2279 3500 2739 3559 Parisiaco.lnde
2759 3508 3039 3577 regnante
3059 3505 3432 3565 Hluthewico
3455 3508 3562 3566 im-

1908 3590 2191 3656 peratam,
2225 3587 2520 3645 translatas
2551 3594 2692 3646 sunt
2709 3590 2769 3646 in
2800 3591 3135 3659 Saxoniam,
3159 3596 3216 3649 et
3235 3598 3302 3650 ut
3330 3594 3558 3669 legatus

1910 3674 2103 3730 Karoli
2129 3676 2434 3733 confessus
2462 3682 2574 3745 est,
2606 3694 2676 3736 ex
2706 3677 2816 3734 hoc
2845 3696 2939 3735 res
2982 3680 3338 3738 Francorum
3366 3698 3556 3756 cmpe-

1908 3766 2047 3818 runt
2075 3763 2285 3831 minui,
2319 3766 2613 3822 Saxonum
2644 3782 2777 3822 vero
2809 3780 3084 3836 crescere,
3116 3769 3300 3825 donec
3324 3764 3585 3831 a“’dila-.

1907 3854 2040 3907 tatas
2065 3850 2196 3923 ipsa
2226 3869 2336 3908 sua
2354 3854 2482 3925 jam
2512 3854 2583 3889 39°
2612 3855 3022 3927 magnitudine
3049 3855 3338 3927 laborant,
3376 3862 3446 3917 ut
3471 3860 3557 3924 vi-

1907 3939 2115 3995 demus
2146 3939 2204 3994 in
2234 3958 2432 3997 amore
2462 3943 2669 3997 mundi
2699 3947 2757 3999 et
2786 3942 2964 3999 totius
2992 3943 3153 4000 orbis
3180 3945 3573 4020 capite,patre,

1904 4037 2032 4101 tuo,
2063 4034 2236 4104 cujus
2262 4030 2531 4103 potentiae
2560 4033 2929 4104 majestatem
2950 4048 3067 4100 non
3098 4034 3293 4092 solum
3323 4036 3559 4095 Germa-

1908 4125 2024 4195 nia,
2061 4123 2228 4181 Italia
2255 4125 2431 4193 atque
2462 4120 2668 4190 Gallia,
2705 4122 2805 4178 sed
2838 4125 2961 4179 tota
3007 4123 3125 4180 fere
3166 4125 3399 4199 Europa
3438 4143 3555 4183 non

1907 4213 2179 4270 sustinet.
2229 4209 2411 4267 Colito
2462 4208 2662 4282 itaque
2705 4212 2937 4267 tantum
2968 4212 3034 4246 ⁸⁹¹
3066 4216 3404 4285 patronum,
3437 4231 3555 4287 quo

1908 4301 2268 4367 adveniente,
2305 4297 2556 4353 Saxonia
2604 4313 2671 4352 ex
2720 4314 2888 4355 serva
2933 4300 3087 4357 facta
3132 4302 3224 4357 est
3264 4295 3450 4359 libera
3497 4306 3557 4359 et

1908 4407 1976 4448 ex
2004 4387 2315 4446 tributaria
2359 4384 2682 4441 multarum
2742 4386 3007 4459 gentium
3062 4386 3320 4446 domina.
3353 4388 3556 4462 Neque

1906 4481 2063 4540 enim
2093 4476 2230 4534 talis
2250 4492 2318 4532 ac
2338 4477 2539 4532 tantus
2571 4474 2791 4531 summi
2806 4474 2908 4532 Dei
2929 4476 2999 4511 3"
3015 4475 3242 4533 amicus
3257 4476 3343 4532 tui
3364 4476 3555 4549 gratia

1905 4570 2149 4643 indiget,
2181 4583 2288 4622 nos
2316 4581 2449 4621 vero
2480 4562 2688 4621 famuli
2717 4563 2907 4636 ipsius
2937 4559 3462 4636 indigemus.Unde
3491 4568 3559 4621 ut

1905 4676 2039 4718 eum
2072 4656 2263 4732 possis
2291 4655 2506 4711 habere
2561 4655 3006 4710 intercessorem
3056 4653 3211 4727 apud
3260 4652 3555 4711 scelestam

1499 4811 1739 4869 VARUE
1778 4809 2196 4871 LECTIONES.

214 4937 282 4972 ³⁵⁸)
314 4936 763 4992 confirmaretur
789 4936 843 4990 3.
903 4936 970 4971 ³⁸0
997 4936 1276 5004 quoniam
1306 4936 1371 4992 A.
1403 4938 1467 4973 θθι
1529 4938 1675 4994 deest
1701 4939 1752 4994 1.
1786 4938 1855 4974 ³⁸³
1921 4934 2155 4992 dionisii
2184 4932 2325 4988 alibi
2350 4901 2601 5004 dvenisii
2633 4931 2683 4985 1.
2718 4927 2970 5004 dionysii
3001 4932 3075 5004 A._
3103 4928 3158 4984 3.
3178 4999 3192 5004 _
3228 4928 3298 5004 ³9⁸
3327 4929 3479 5004 deest
3492 4931 3552 4989 3.

148 5007 213 5042 3“
243 5006 579 5062 nortmanni
626 5009 692 5061 A.
743 5001 1064 5063 Normandi
1104 5008 1157 5062 3.
1200 5008 1267 5043 ³⁸³
1303 5007 1430 5063 litia
1466 5011 1520 5064 2.
1557 5008 1576 5063 1
1619 5010 1709 5065 eia
1747 5011 1832 5064 Α.
1855 5009 1910 5064 3.
1949 5007 2018 5044 ³⁸⁸
2050 5020 2263 5086 praeses
2295 5001 2420 5074 ipse
2439 5002 2492 5057 3.
2534 5001 2602 5036 3"
2631 5004 2722 5057 set
2751 5002 2804 5056 1.
2844 5001 2913 5036 ³⁸⁸
2940 5001 3195 5057 restituti
3237 5001 3400 5085 1..”9
3427 5001 3549 5075 ylas

151 5080 202 5132 1.
236 5078 392 5135 Hilas
417 5080 472 5133 3.
531 5079 600 5112 37°
630 5078 927 5137 navigavit
956 5080 1005 5133 1.
1064 5078 1127 5113 3“
1163 5078 1551 5135 cottidianum
1695 5080 1762 5115 37’
1794 5075 2345 5137 administrantibus
2390 5076 2445 5128 2.
2507 5072 2574 5106 ³⁷³
2604 5071 2762 5127 enim
2796 5072 2847 5127 1.
2913 5071 2982 5105 ⁸⁷⁸
3010 5071 3138 5127 add.
3170 5071 3325 5128 beati
3358 5074 3410 5128 1.
3442 5090 3549 5130 sec.

798 5142 866 5184 376
895 5148 994 5204 illo
1025 5150 1079 5205 3.
1156 5151 1221 5184 37"
1254 5150 1478 5206 diutius
1505 5154 1559 5205 2.
1620 5151 1686 5186 ³⁷⁸
1717 5151 1861 5207 deest
1886 5153 1941 5206 2.
2000 5150 2071 5184 379
2100 5146 2357 5202 tonitruo
2387 5148 2442 5199 2.
2504 5143 2572 5177 33°
2600 5142 2765 5199 deest.
2795 5145 2850 5199 2.
2931 5142 2995 5177 ³⁸¹
3030 5143 3090 5197 in
3112 5142 3239 5199 loco
3266 5142 3463 5200 desunt
3496 5146 3548 5200 1.

151 5220 215 5254 33’
245 5226 308 5275 ut
338 5221 475 5275 inde
507 5236 709 5275 sumas
741 5221 935 5277 desunt
964 5222 1015 5275 4.
1072 5222 1140 5255 ³⁸³
1169 5222 1310 5277 Jesu
1341 5222 1589 5289 Christe,
1623 5222 1681 5277 in
1729 5223 1816 5278 uit
1839 5223 1894 5277 3.
1952 5221 2022 5256 33"
2050 5218 2176 5274 add.
2209 5218 2309 5289 qui
2340 5218 2400 5269 in
2428 5220 2526 5270 tuo
2560 5218 2795 5273 nomine
2825 5218 3030 5268 volunt
3058 5218 3296 5287 gloriari
3326 5218 3397 5271 de
3437 5218 3551 5272 mei

152 5292 408 5359 martyrii
441 5292 713 5359 passione
743 5296 797 5346 2.
877 5294 943 5326 ³³⁵
976 5297 1032 5347 et
1060 5292 1263 5348 volunt
1291 5324 1360 5333 ——
1386 5294 1658 5359 passione
1687 5239 1882 5348 desunt
1903 5297 1961 5348 2.
2034 5291 2113 5340 ³⁸⁸.
2134 5288 2249 5344 div.
2284 5305 2373 5359 Sp.
2399 5303 2587 5358 pI'Om-
2609 5290 2665 5341 2-
2736 5285 2804 5321 ³⁸⁷
2836 5283 3099 5343 fOII‘adUS
3126 5288 3194 5343 Α.
3274 5287 3343 5322 ³⁸⁸
3373 5284 3551 5344 00110-

151 5080 202 5132 1.
236 5078 392 5135 Hilas
417 5080 472 5133 3.
531 5079 600 5112 ³⁷0
630 5078 927 5149 navigavit
956 5080 1005 5133 1.
1064 5078 1127 5113 3“
1163 5078 1551 5135 cottidianum

148 5166 333 5204 manu.
410 5149 479 5184 ³⁷⁵
507 5153 643 5204 tura
672 5151 724 5203 1.

152 5292 408 5364 martyrii
441 5292 713 5381 passione
743 5296 797 5346 2.
822 5368 856 5381 Δ
877 5294 1032 5381 38inet
1060 5292 1263 5377 volunt
1291 5324 1360 5333 ——
1384 5294 1658 5381 passiope

2892 5000 2932 5075 9A
2938 4998 3195 5075 restituti
3237 5001 3291 5059 1.
3308 5001 3400 5075 ﬁ“?
3427 5001 3555 5075 ylas

2209 5218 2309 5289 qui
2340 5214 2400 5269 in
2428 5220 2526 5270 tuo
2560 5214 2803 5289 nomine
2825 5212 3030 5289 volunt
3058 5213 3397 5289 gloriariide
3437 5215 3551 5289 mei

152 5359 411 5435 cavitque
440 5359 493 5419 3.
536 5365 603 5396 ³⁸9
627 5363 787 5419 deest.
822 5368 875 5419 2.
920 5366 987 5398 ³⁹⁰
1015 5364 1140 5436 ipsa
1164 5365 1291 5436 jam
1323 5359 1431 5420 su'a
1460 5366 1530 5420 A.
1580 5366 1641 5400 3‘“
1672 5364 1819 5421 deest
1843 5366 1910 5432 A,
1953 5364 2021 5398 39’
2047 5359 2139 5417 dei
2170 5359 2389 5416 summi
2420 5362 2473 5414 2.

1733 5489 1967 5545 NOT/E.

218 5614 743 5694 (159)_Translatioﬁ
759 5614 956 5694 Viti
980 5631 1031 5668 ει.
1058 5616 1163 5669 836
1201 5614 1353 5694 facta
1401 5617 1490 5667 est
1517 5630 1541 5694 ;.
1575 5616 1632 5666 et
1658 5612 1794 5668 inde

152 5684 220 5738 ab
249 5687 418 5740 annis
438 5688 542 5739 8341
565 5690 622 5740 et
641 5687 749 5741 836
779 5685 1292 5741 Nordmannorum
1324 5684 1690 5741 incursiones
1714 5701 1797 5739 re-

151 5757 769 5838 veranipc‘rebuerunt.‘
843 5828 876 5838 ,ι
1015 5830 1058 5838 __
1072 5828 1102 5838 Η
1129 5829 1142 5838 ι
1440 5828 1448 5838 1
1609 5825 1620 5838 ο
1706 5826 1716 5836 ⁸

223 5828 370 5901 (160)
399 5828 558 5888 Hanc
587 5828 773 5887 sancti
804 5828 985 5885 vitam
1015 5828 1168 5886 Wid.
1198 5845 1267 5884 ex
1296 5828 1568 5902 passione
1606 5828 1796 5899 ipsius

1904 5630 2021 5668 sec.
2052 5627 2107 5666 VI
2139 5614 2241 5666 aut
2270 5628 2355 5682 vn,
2374 5610 2592 5682 scripta
2640 5608 2857 5682 hausit,
2892 5626 3072 5680 quam
3119 5609 3250 5666 vide
3295 5608 3355 5665 in
3396 5606 3559 5664 Actis

1905 5686 2011 5741 SS.
2050 5682 2191 5739 B011.
2224 5681 2363 5738 Juni
2394 5680 2627 5763 Vol..II.
2661 5680 2983 5808 ($0.15)“).
3022 5682 3183 5737 1021.
3216 5696 3332 5753 sqq.

1978 5756 2129 5808 (161)
2160 5755 2232 5808 cf.
2263 5752 2591 5808 Translatio
2626 5754 2683 5808 S.
2726 5752 2841 5807 Viti
2950 5769 3045 5807 on.
3090 5751 3160 5808 II.
3211 5768 3267 5808 ι).
3297 5752 3332 5805 5

1978 5756 2129 5824 (161)
2160 5755 2232 5809 cf.
2263 5752 2591 5810 Translatio
2626 5750 2683 5809 S.
2726 5751 2841 5807 Viti
2889 5750 3045 5808 Men.
3090 5751 3160 5809 II.
3211 5750 3403 5823 pIi576
3431 5765 3546 5821 sqq.
