3868 6490
164 540 278 607 153

1192 540 1340 602 RES
1385 538 1661 603 GESTE
1703 536 2139 602 SAXONICE.
2185 569 2264 586 —
2304 539 2451 602 LIB.
2494 537 2547 606 Ῑ.

3459 536 3578 601 154

163 675 504 736 merabilem
550 674 1009 750 multitudinem,
1050 676 1110 731 et
1155 676 1445 731 nocturna
1500 672 1700 747 pluv1a
1747 669 1809 728 in
1845 672 1899 739 Α
1930 671 2294 741 Liudulfum,
2327 673 2519 729 virum
2568 687 2874 747 magnum,
2925 640 3251 745 meritoque
3300 671 3576 729 omnibus

162 771 392 826 tantum
430 766 796 840 impeditam,
830 769 896 821 ut
934 765 1029 821 vix
1056 764 1125 799 ⁸³²
1163 763 1237 820 ab
1284 762 1582 835 equitibus
1630 760 1814 818 coacti
1923 760 2159 833 populis
2216 779 2445 831 carum,
2480 761 2671 818 ﬁliam
2720 778 2954 834 quoque
2998 761 3235 818 nomine
3286 761 3574 835 Liudgar—

164 858 236 914 ad
267 873 527 930 pugnam
559 856 956 928 procederent.
984 852 1169 925 Igitur
1197 851 1318 907 sole
1348 852 1590 907 cadente
1621 850 1680 905 in
1710 850 1817 905 hu~

165 946 326 1003 mida
368 944 717 1001 vestimenta
763 943 1172 1009 barbarorum,
1224 941 1453 996 fumum
1502 940 1817 995 ascendere

1925 851 2153 916 dam‘”,
2185 868 2312 922 qua:
2344 856 2626 923 nupserat
2654 851 2919 907 Conrado
2952 852 3308 906 Francorum
3347 850 3503 906 duci.

1996 941 2086 994 38.
2121 940 2240 994 Rex
2271 945 2467 995 autem
2500 958 2634 996 cum
2659 941 2787 1012 jam
2818 939 3064 995 militem
3097 940 3339 995 haberet
3368 957 3579 1012 eques-

168 1034 302 1090 fecit
331 1050 517 1105 usque
546 1033 606 1087 in
639 1031 871 1099 coelum,
904 1047 1071 1103 spem
1106 1028 1499 1100 ﬁduciamque
1531 1031 1817 1100 prmstans
1927 1028 2001 1083 tri
2052 1027 2249 1099 prmlio
2307 1030 2641 1101 probatum,
2682 1032 2885 1084 contra
2930 1028 3203 1101 antiquos
3254 1029 3474 1094 hostes,
3504 1029 3583 1082 vi-

168 1122 269 1179 Dei
301 1121 515 1195 populo
544 1121 636 1187 ⁸³³,
668 1121 839 1192 cujus
869 1117 1035 1174 faciei
1066 1117 1301 1174 claritas
1332 1122 1506 1189 atque
1536 1116 1818 1172 serenitas

170 1210 561 1269 circumfulsit
588 1209 740 1265 illos.
776 1208 960 1281 Igitur
988 1207 1122 1262 dato
1173 1205 1362 1279 signo,
1392 1208 1449 1261 et
1481 1205 1821 1260 exhortante

169 1299 427 1373 legiones
476 1298 689 1371 legato,
731 1314 866 1352 cum
924 1295 1179 1351 clamore
1236 1294 1427 1350 valido
1479 1295 1713 1349 irruunt
1759 1292 1820 1346 in

169 1389 388 1444 hostes.
424 1388 689 1460 Cumque
718 1386 902 1441 nimia
927 1384 1212 1441 densitate
1241 1384 1352 1441 iter
1372 1379 1822 1456 pertranseundi

171 1477 371 1534 hostes
404 1494 519 1531 non
551 1479 792 1548 pateret,
816 1475 1020 1530 dextra
1050 1473 1306 1545 laevaque
1335 1474 1487 1528 ferro
1519 1487 1825 1543 erumpen-

170 1570 280 1633 tes,
314 1581 718 1637 quoscumque
748 1580 782 1618 a
812 1561 985 1618 sociis
1013 1562 1395 1617 secernebant
1423 1561 1511 1627 ⁸³⁸,
1547 1558 1673 1615 neci
1720 1559 1823 1613 da-

170 1655 337 1710 bant.
388 1653 654 1725 Cumque
682 1653 750 1688 ⁸³⁸⁵
797 1652 923 1724 jam
978 1649 1198 1706 bellum
1254 1653 1593 1721 gravaretur
1620 1648 1708 1716 ⁸³⁸,
1769 1648 1827 1701 et

170 1741 347 1798 multi
380 1740 517 1796 hinc
548 1745 724 1812 atque
752 1740 889 1796 inde
938 1739 1230 1805 caderent,
1264 1742 1320 1793 et
1349 1737 1543 1793 adhuc
1591 1735 1825 1792 barbari

170 1830 411 1888 ordines
458 1832 739 1896 tenerent,
774 1827 1003 1900 legatus
1049 1825 1353 1899 collegam,
1388 1829 1454 1880 ut
1498 1824 1827 1897 legionibus

170 1919 391 1977 auxilio
421 1922 594 1985 esset,
628 1914 978 1988 expostulat.
1012 1914 1114 1970 Ille
1142 1930 1277 1970 vero
1308 1914 1646 1986 praefectum
1691 1928 1826 1968 cum

1907 1115 2135 1171 adelieet
2185 1117 2495 1189 Ungarios,
2546 1118 2923 1189 prtesumpsit
2968 1116 3115 1172 inire
3164 1123 3480 1172 certamen.
3513 1118 3583 1171 Et

1930 1204 2394 1277 (DCCCCXXXII)
2427 1208 2810 1261 convocato“0
2848 1206 3009 1261 omni
3058 1206 3293 1278 populo,
3320 1206 3419 1260 tali
3453 1223 3579 1261 ora-

1932 1294 2157 1349 tionem
2194 1312 2293 1349 eos
2321 1300 2407 1350 est
2440 1296 2505 1329 ‘5’
2525 1296 2741 1351 affatus
2776 1313 2789 1349 :
2825 1294 2967 1350 Olim
2992 1312 3061 1350 ea:
3092 1298 3243 1350 omni
3277 1303 3431 1368 parte
3460 1312 3583 1350 con-

1930 1384 2117 1455 fusum
2145 1402 2178 1438 a
2207 1387 2426 1456 quantis
2454 1385 2714 1456 periculis
2747 1386 3038 1456 imperium
3073 1386 3141 1419 ⁸⁵³
3162 1392 3401 1439 vestrum
3428 1383 3583 1439 modo

1930 1474 2002 1527 sit
2032 1473 2287 1538 liberum,
2318 1490 2409 1529 vos
2430 1474 2751 1545 ipsimelius
2781 1475 2971 1539 nostis,
2997 1474 3094 1545 qui
3113 1473 3367 1528 civilibus
3387 1472 3585 1527 discor-

1932 1559 2041 1615 diis
2069 1569 2121 1615 et
2166 1564 2406 1616 externis
2464 1561 2620 1616 bellis
2664 1563 2856 1617 totiens
2914 1562 3091 1616 attriti
3142 1560 3491 1616 laborabatis.
3524 1560 3589 1615 At

1932 1665 2101 1714 nunc,
2131 1651 2370 1721 propitia
2414 1650 2570 1705 nobis
2618 1666 2835 1705 summa
2863 1649 3148 1705 divinitate
3172 1650 3259 1715 ⁸³⁸,
3291 1656 3474 1705 nostro
3504 1650 3585 1703 la-

1936 1736 2081 1802 bore,
2142 1746 2314 1793 vestra
2346 1739 2412 1773 ⁸⁵⁵
2442 1740 2660 1803 virtute,
2717 1746 2971 1811 pacatum
3028 1738 3412 1809 collectumque
3467 1754 3588 1794 cer-

1933 1826 2088 1893 nitis,
2122 1826 2378 1883 barbaros
2425 1836 2702 1899 superatos
2730 1834 2784 1882 et
2825 1827 3076 1883 servituti
3122 1826 3403 1899 subjectos.
3440 1826 3590 1894 Quod

1934 1922 2216 1985 superest,
2272 1930 2487 1971 necesse
2543 1915 2804 1971 habemus
2827 1957 2844 1981 ,
2895 1924 2957 1971 ut
3021 1922 3210 1971 contra
3279 1931 3590 1971 communes

170 2005 608 2081 quinquaginta
638 2003 881 2110 armatis
929 2002 1097 2110 laLteri
1126 2002 1193 2037 ⁸³⁷
1472 2000 1741 2070 immisit,
1772 2004 1830 2056 et
1859 2045 1908 2110 B
1937 2002 2112 2110 hostes
2141 2003 2340 2059 Avares
2378 2004 2591 2076 pariter
2613 2004 2680 2039 ⁸⁵⁸
2701 2020 3113 2075 consurgamus.
3147 2004 3242 2059 Vos
3289 2003 3587 2076 hucusque,

170 2095 414 2152 ordines
444 2092 847 2161 conturbavit;
881 2107 951 2148 ex
981 2091 1091 2147 hoc
1140 2090 1282 2146 caedi
1312 2090 1382 2126 ⁸³⁸
1413 2090 1681 2163 fugaeque
1710 2093 1832 2145 tota
1859 2090 1908 2110 "
1937 2092 2083 2163 ﬁlios
2103 2093 2357 2165 ﬁliasque
2394 2101 2596 2149 vestras
2644 2094 2941 2165 expoliavi,
2990 2099 3041 2149 et
3085 2095 3354 2148 cerarium
3400 2108 3591 2147 eorum

169 2185 275 2240 die
304 2183 503 2238 hostes
534 2182 831 2254 patebant.
866 2181 1013 2237 Cum
1064 2195 1201 2253 ergo
1251 2196 1355 2252 per
1404 2195 1608 2235 omnes
1657 2194 1829 2251 agros

170 2274 559 2343 caederentur,
615 2271 688 2326 ad
747 2269 955 2325 urbem
1010 2267 1263 2323 vicinam
1312 2268 1513 2340 fugere
1580 2270 1828 2338 tempta-

168 2363 342 2417 bant.
375 2357 609 2431 Collega
635 2362 833 2413 autem
853 2357 963 2413 hoc
984 2356 1069 2412 eis
1090 2360 1466 2428 przecavente,
1497 2355 1830 2428 proximum

171 2465 344 2506 mare
389 2448 535 2521 (170)
584 2445 836 2519 ingressi
891 2449 1050 2513 sunt,
1083 2449 1142 2501 et
1197 2443 1279 2499 ita
1335 2444 1555 2499 factum
1613 2448 1722 2510 est,
1768 2447 1834 2499 ut

171 2536 486 2595 omnisilla
497 2534 683 2591 nimia
712 2532 1027 2589 multitudo
1050 2537 1151 2588 aut
1170 2532 1364 2605 gladio
1387 2536 1834 2588 consumeretur

171 2631 284 2684 aut
313 2626 372 2681 in
402 2624 551 2681 mari
583 2627 964 2697 mergeretur.
999 2622 1115 2678 Nec
1144 2621 1406 2694 peditum
1436 2620 1592 2676 ullus
1623 2639 1832 2694 super-

171 2715 313 2783 fuit,
338 2714 604 2786 equitum
627 2711 990 2779 rarissimus,
1006 2710 1432 2783 deponiturque
1454 2710 1675 2766 bellum
1697 2726 1832 2766 cum

171 2820 324 2861 casu
358 2801 625 2858 omnium
656 2798 1147 2855 adversariorum.
1174 2799 1389 2871 Ingens
1409 2799 1630 2855 interea
1650 2799 1836 2855 oritur

169 2891 389 2949 lietitia
415 2907 483 2947 ex
512 2889 730 2945 recenti
761 2888 830 2924 ⁸³⁹
859 2887 1120 2955 victoria,
1156 2888 1298 2943 dum
1338 2904 1543 2944 omnes
1590 2887 1837 2945 laudant

171 2977 803 3051 duces,unusquisque
829 2993 963 3033 vero
986 2976 1243 3032 militum
1266 2977 1542 3049 prazdicat
1557 2976 1833 3045 alium“°,

173 3071 467 3144 ignavum
498 3083 754 3140 quoque,
784 3070 849 3122 ut
878 3065 937 3121 in
970 3065 1074 3121 tali
1103 3066 1337 3121 fortuna
1381 3066 1529 3121 solet
1561 3066 1705 3122 ﬁeri.
1740 3067 1840 3122 Po-

174 3165 343 3217 stera
371 3158 437 3193 ⁸⁸¹
470 3161 667 3214 autem
698 3156 828 3211 luce
875 3160 1111 3211 movent
1156 3154 1325 3228 signa
1373 3156 1504 3210 urbi
1563 3156 1834 3227 praefatae,

172 3245 400 3304 urbani
427 3261 562 3301 vero
592 3259 758 3300 arma
786 3244 1107 3316 deponunt,
1141 3242 1395 3299 salutem
1427 3245 1837 3299 tantummodo

172 3336 512 3408 deposcunt
543 3349 609 3388 ac
638 3336 957 3388 merentur.
992 3331 1251 3387 Inermes
1278 3330 1460 3403 igitur
1491 3331 1633 3386 urbe
1676 3348 1837 3405 egre-

1938 2181 2176 2252 replevi;
2233 2198 2384 2237 nunc
2440 2181 2639 2253 templa
2702 2182 3130 2254 templorumque
3192 2182 3475 2237 ministros
3533 2188 3594 2236 ut

1938 2270 2209 2340 expoliem
2236 2286 2413 2341 cogor,
2443 2270 2646 2342 absque
2676 2269 2842 2326 nudis
2869 2270 3184 2342 corporibus
3230 2271 3391 2325 nulla
3435 2270 3593 2325 nobis

1938 2356 2059 2412 alia
2090 2366 2402 2414 remanente
2421 2361 2676 2431 pecunia.
2705 2358 2980 2415 Consulite
3022 2360 3195 2429 igitur
3240 2359 3390 2414 vobis
3434 2359 3591 2430 ipsis,

1939 2454 1993 2502 et
2019 2446 2151 2519 quid
2193 2465 2358 2519 super
2405 2448 2507 2504 hac
2553 2464 2614 2504 re
2659 2448 2816 2504 nobis
2872 2449 2946 2504 sit
2996 2447 3334 2519 facimulum,
3387 2448 3589 2519 eligite.

1946 2536 2278 2591 Thesaurum
2306 2537 2511 2593 divinis
2549 2539 2748 2609 ofﬁciis
2796 2539 3169 2609 santiﬁcatum
3214 2537 3476 2593 tollamne
3501 2537 3593 2603 ⁸⁵⁷,

1940 2632 1992 2680 et
2035 2624 2171 2680 dabo
2221 2642 2323 2698 pro
2378 2634 2567 2683 nostra
2620 2626 2990 2698 redemptione
3045 2626 3143 2681 Dei
3196 2626 3481 2680 inimicis?
3521 2641 3596 2679 an

1942 2722 2081 2770 certe
2122 2714 2323 2769 addam
2369 2717 2543 2771 cultui
2585 2714 2772 2770 divino
2820 2716 3072 2787 pecunia:
3100 2715 3168 2749 ‘59
3208 2714 3487 2779 honorem,
3537 2721 3600 2769 ut

1941 2804 2010 2859 ab
2040 2805 2106 2839 ⁸⁵9
2136 2806 2251 2876 ipso
2278 2805 2459 2876 potius
2507 2803 2868 2868 redimamnr,
2901 2804 2998 2875 qui
3044 2819 3168 2858 vere
3208 2810 3392 2859 noster
3447 2809 3598 2858 extat

1943 2900 2152 2949 creator
2202 2895 2412 2965 pariter
2453 2901 2505 2950 et
2533 2894 2601 2929 ⁸⁰⁰
2646 2893 2987 2965 redemptor?
3030 2893 3112 2947 Ad
3161 2891 3285 2946 hinc
3343 2890 3596 2964 pepulus

1945 2980 2154 3037 levavit
2200 2999 2367 3038 voces
2417 2982 2479 3037 in
2528 2981 2761 3049 cmlum,
2812 2981 3107 3053 inquiens,
3142 2998 3204 3036 se
3234 2999 3269 3036 a
3299 2980 3415 3035 Deo
3469 2978 3597 3035 vivo

1945 3074 2002 3126 et
2027 3087 2162 3126 vero
2185 3071 2390 3126 redimi
2415 3071 2771 3128 omnimodis
2793 3070 3146 3137 desiderare,
3167 3069 3309 3142 quia
3327 3068 3518 3124 ﬁdelis
3541 3071 3598 3123 et

1937 3160 2141 3230 justus
2172 3161 2220 3215 si
2252 3160 2311 3215 in
2342 3161 2618 3217 omnibus
2647 3160 2757 3216 viis
2789 3158 2913 3215 suis
2935 3163 2992 3214 et
3020 3162 3260 3215 sanctus
3310 3158 3370 3212 in
3410 3156 3598 3213 omni-

1947 3248 2058 3303 bus
2088 3249 2362 3320 operibus
2384 3250 2527 3305 suis.
2553 3249 2802 3322 Operam
2825 3265 2994 3305 suam
3017 3246 3226 3303 deinde
3249 3246 3598 3319 promittens

1946 3339 2068 3411 regi
2102 3339 2165 3375 ⁸⁶¹
2213 3342 2417 3395 contra
2473 3343 2706 3412 gentem
2767 3337 3115 3394 acerrimam
3146 3336 3235 3403 ⁸⁵³,
3271 3335 3489 3391 dextris
3538 3335 3598 3389 in

170 3424 235 3479 di
263 3423 339 3458 “²
362 3420 560 3494 31³88ίῖ
593 3419 817 3476 servilis
867 3423 1064 3475 ullth
1119 3417 1375 3474 conditio
1415 3424 1473 3475 et
1503 3420 1696 3475 omnis
1743 3436 1841 3492 ΡΘ·
1874 3409 1918 3477 C
1947 3409 2159 3483 coelum
2192 3427 2448 3496 elevatis,
2475 3409 2714 3499 pactum
2747 3426 3023 3482 ﬁrmavit.
3049 3423 3175 3481 Tali
3205 3424 3402 3496 itaque
3433 3427 3602 3496 pacto

169 3510 360 3569 cunia
387 3526 525 3566 cum
563 3508 845 3565 uxoribus
874 3512 932 3565 et
960 3508 1096 3564 ﬁliis
1141 3512 1199 3564 et
1245 3507 1407 3564 omni
1452 3507 1839 3581 suppellectili

168 3602 573 3659 barbarorum
628 3598 783 3672 regis
813 3598 882 3633 ⁸⁸³
930 3596 1327 3670 captivitatem
1389 3596 1688 3653 subibant.
1740 3601 1840 3653 Ce-

169 3691 459 3747 ciderunt
484 3689 664 3745 etiam
692 3704 762 3744 ex
794 3687 1012 3743 nostris
1043 3687 1103 3741 in
1127 3685 1226 3742 illo
1256 3684 1454 3759 praalio
1484 3685 1601 3742 duo
1622 3686 1692 3721 ⁸⁸⁸
1713 3685 1843 3741 Liu-

167 3777 363 3835 tharii
391 3778 461 3812 “3
489 3776 637 3849 (171)
686 3780 745 3832 et
794 3774 891 3832 alii
939 3774 1168 3830 nobiles
1195 3773 1304 3829 viri
1334 3772 1623 3830 nonnulli.
1660 3775 1843 3847 Igitur

168 3867 417 3941 legatus
447 3882 583 3922 cum
612 3864 843 3937 collega
870 3868 928 3920 et
957 3863 1090 3920 aliis
1116 3861 1482 3936 principibus
1528 3862 1839 3919 Saxoniam

164 3955 431 4031 victores
489 3953 724 4022 reversi,
776 3952 1096 4009 honoriﬁce
1127 3969 1162 4006 a
1208 3968 1341 4025 rege
1393 3955 1533 4006 sunt
1579 3952 1839 4024 suscepti

167 4046 449 4116 satisque
478 4041 721 4111 laudati,
754 4041 856 4114 qui
888 4040 1082 4115 parvis
1133 4040 1340 4113 copiis,
1373 4039 1570 4096 divina
1614 4040 1841 4096 favente

165 4132 516 4202 clementia,
567 4132 946 4205 magniﬁcam
997 4129 1462 4202 perpetraverint
1507 4129 1837 4185 victoriam.

165 4224 329 4281 Nam
363 4222 524 4278 fuere
543 4220 646 4293 qui
667 4220 946 4288 dicerent,
980 4219 1366 4275 barbarorum
1399 4218 1655 4273 ducenta
1677 4217 1842 4274 milia

164 4329 354 4369 cassa.
387 4309 612 4384 Captivi
635 4310 702 4346 ⁸⁸⁸
731 4323 936 4366 omnes
982 4311 1217 4380 postera
1245 4307 1338 4363 die
1365 4306 1450 4374 “7,
1475 4310 1542 4362 ut
1586 4307 1840 4380 promis-

164 4417 314 4458 sum
351 4399 670 4469 habebant,
700 4396 1055 4455 obtruncati.

241 4490 345 4546 37.
382 4487 586 4561 Itaque
630 4486 881 4544 recentis
927 4484 1180 4541 victoria:
1232 4483 1497 4540 lzetitiam
1545 4486 1843 4557 augebant

165 4576 405 4651 nuptiis
429 4576 674 4650 regales,
698 4591 827 4649 qum
846 4591 914 4631 eo
936 4578 1196 4647 tempore
1225 4572 1844 4647 magniﬁcazlargitate

168 4665 640 4725 celebrabantur
668 4664 910 4719 “9.Nam
943 4678 1042 4718 rex
1080 4661 1243 4718 dedit
1284 4661 1405 4718 ﬁlio
1458 4679 1565 4718 suo
1615 4662 1841 4719 Oddoni

1951 3533 2086 3571 cum
2135 3515 2352 3589 populo
2409 3522 2664 3589 peracto,
2698 3515 2927 3571 dimisit
2982 3531 3083 3569 rex
3140 3511 3601 3567 multitudinem.

1952 3604 2089 3660 Post
2118 3604 2240 3660 base
2271 3604 2445 3678 legati
2492 3604 2883 3677 Ungariorum
2932 3602 3208 3658 adierunt
3254 3616 3451 3672 regem
3501 3617 3605 3671 pro

1950 3693 2142 3749 solitis
2200 3694 2584 3761 muneribus;
2629 3693 2733 3747 sed
2777 3692 2850 3747 ab
2897 3708 2964 3746 eo
3023 3689 3223 3761 spreti,
3274 3689 3333 3742 in
3388 3692 3606 3743 terram

1952 3797 2122 3837 suam
2153 3782 2319 3837 vacui
2347 3786 2486 3838 sunt
2515 3783 2585 3817 ⁸⁸³
2607 3781 2844 3837 reversi.
2868 3779 2999 3835 Hmc
3030 3777 3335 3834 audientes
3365 3777 3435 3811 ⁸⁶⁸
3461 3777 3606 3831 Ava-

1953 3886 2071 3938 rcs,
2103 3869 2284 3925 nichil
2336 3871 2549 3926 morati
2581 3870 2650 3905 ⁶⁶³
2675 3885 2811 3925 cum
2862 3867 3021 3941 gravi
3070 3863 3389 3935 hostilique
3426 3880 3607 3919 manu

1951 3958 2232 4013 festinant
2260 3959 2478 4015 intrare
2509 3957 2844 4016 Saxoniam.
2877 3958 2947 4012 Et
2977 3955 3087 4010 iter
3135 3956 3377 4026 agentes
3411 3969 3513 4023 per
3542 3952 3609 3987 ⁸⁸⁸

1950 4046 2404 4117 Dalamantiam,
2430 4048 2502 4103 ab
2535 4046 2795 4119 antiquis
2824 4061 2993 4117 opem
3026 4046 3234 4116 petunt
3262 4041 3488 4098 amicis.
3520 4040 3607 4098 Illi

1948 4153 2083 4192 vero
2114 4135 2385 4205 scientes,
2413 4153 2513 4192 eos
2540 4131 2819 4191 festinare
2850 4135 2922 4190 ad
2954 4131 3289 4200 Saxoniam,
3323 4131 3608 4187 Saxones-

1950 4242 2068 4297 que
2089 4226 2156 4261 ⁸⁸⁷
2179 4226 2252 4281 ad
2284 4225 2674 4298 pugnandum
2709 4241 2843 4281 cum
2875 4224 2960 4280 eis
2982 4224 3050 4259 ⁸⁸⁸
3072 4225 3326 4295 paratos,
3353 4220 3613 4293 pinguis-

1952 4313 2171 4370 simum
2198 4330 2303 4387 pro
2334 4329 2575 4370 munere
2597 4314 2683 4371 eis
2702 4314 2772 4349 ⁸⁸⁸
2792 4312 3113 4385 projiciunt
3140 4310 3454 4367 canem.Et
3474 4325 3609 4364 cum

1953 4421 2068 4460 non
2101 4409 2257 4461 esset
2286 4404 2564 4476 injuriam
2597 4401 2934 4459 vindicandi
2966 4401 3131 4457 locus
3157 4400 3230 4455 ad
3273 4397 3449 4454 aliam
3501 4414 3608 4469 pu-

1953 4508 2129 4565 gnam
2161 4492 2596 4559 festinantibus,
2630 4507 2765 4547 cum
2796 4488 3113 4546 ridiculosa
3142 4486 3290 4543 satis
3326 4485 3606 4540 vocifera-

1952 4581 2110 4638 tione
2122 4580 2357 4655 longius
2370 4584 2758 4654 prosecuntur
2768 4576 3099 4650 amicos.1gi
3107 4579 3204 4632 tur
3215 4589 3392 4647 quam
3410 4576 3612 4645 potue-

1952 4672 2092 4725 runt
2115 4671 2417 4742 repentino
2446 4667 2934 4744 (DCCCCXXXIII)
2959 4666 3185 4737 impetu
3208 4664 3431 4719 intrant
3459 4661 3607 4718 ﬁnes

167 4756 501 4827 οοηᾰιιεθω
532 4752 717 4843 illlam
746 4751 1069 4843 Ethmundi
1095 4750 1244 4843 (17?)
1292 4750 1447 4843 {681$
1492 4750 1839 4825 Anglorum,
1872 4780 1921 4843 D
1952 4758 2566 4833 Thuringorumillam
2580 4761 2983 4814 totamterram
2995 4753 3612 4843 bostiliterpervagan-

165 4858 447 4901 sororem
485 4840 810 4910 Adalstani,
844 4858 974 4915 quia
1022 4839 1226 4914 genuit
1272 4838 1324 4895 ei
1368 4838 1557 4895 ﬁlium
1606 4844 1843 4901 nomine
1872 4838 1912 4843 _
1952 4849 2134 4916 tes‘",
2154 4848 2355 4920 ibique
2375 4847 2579 4904 divisis
2599 4846 2795 4914 sociis,
2811 4843 2911 4902 alii
2933 4843 3007 4901 ad
3029 4842 3392 4899 occidentem
3406 4853 3610 4912 perge-

1542 4964 1785 5025 VARI/E
1826 4971 2246 5030 LECTIONES.

242 5093 322 5129 ‘3’
352 5091 500 5150 deest
525 5092 581 5149 3.
601 5162 614 5176 .
657 5091 726 5126 ⁸⁸³
755 5089 972 5164 populo
1003 5090 1095 5145 dei
1126 5091 1181 5144 2.
1259 5090 1329 5124 ⁸³⁸
1357 5106 1419 5146 se
1450 5093 1792 5175 ster_nebant
1820 5097 1873 5154 3.
1952 5099 2021 5134 ⁸³³
2049 5116 2185 5155 cum
2214 5101 2270 5154 2.
2347 5099 2415 5134 ⁸³⁵
2447 5098 2651 5154 dextra
2677 5098 2818 5153 lzeva
2861 5113 2934 5153 ue
2954 5125 3023 5135 —
3086 5096 3389 5175 ravaretur
3420 5090 3617 5147 desunt

242 5168 253 5196 ν
332 5165 403 5199 m
435 5163 619 5220 latam
639 5166 697 5219 2.
772 5163 840 5197 #38
870 5161 1024 5217 caede
1042 5162 1108 5216 A.
1213 5160 1280 5195 ⁸³⁸³
1300 5167 1582 5218 crescenti
1607 5164 1658 5220 1.
1736 5168 1803 5202 ⁸⁸⁰
1833 5169 1958 5224 add.
1983 5170 2349 5224 evangelium
2372 5171 2426 5224 3.
2503 5171 2565 5204 ⁸⁸¹
2597 5174 2800 5224 postea
2948 5168 3017 5201 “’
3037 5110 3275 5224 degredi
3301 5166 3352 5219 1.
3428 5163 3616 5224 ⁸⁸3ροδε

168 5167 198 5222 1
219 5165 253 5222 ‘I
332 5165 403 5199 ⁸³⁷
435 5162 619 5220 laetari
639 5166 697 5219 2.
756 5161 853 5197 ”⁸³³“
870 5161 1024 5217 caede
1042 5162 1108 5216 A.

1213 5160 1280 5195 ⁸³⁸
1300 5162 1582 5242 crescenti
1607 5164 1679 5242 1._
1736 5168 1803 5242 “9
1983 5170 2349 5242 evangelium
2372 5171 2426 5225 3.
2453 5241 2480 5242 κν
2503 5171 2565 5204 ⁸⁸¹
2597 5174 2800 5242 postea

3080 5164 3352 5239 agnati.
3428 5163 3616 5239 feret

168 5235 343 5311 regis
377 5236 429 5290 1.
461 5243 514 5291 et
540 5237 901 5341 A.‘punetum
930 5233 1314 5288 collocantum.
1391 5233 1460 5266 ⁸⁸⁸
1488 5232 1636 5290 deest
1660 5238 1710 5290 1.
1790 5240 1859 5275 ⁸⁸⁵
1882 5232 2165 5297 luithariiv
2164 5246 2219 5297 2.
2248 5241 2485 5297 lutbarii
2505 5243 2570 5295 A.
2598 5232 2616 5242 ’
2647 5240 2941 5312 “captivi
2963 5232 3288 5309 cerrcapiti
3310 5237 3361 5290 1.
3436 5232 3615 5288 “die

168 5313 419 5341 πλειους.
452 5311 489 5341 0
588 5307 609 5340 ι
686 5305 1059 5341 nnlnhnnnhm
1094 5306 1125 5341 Δ
1189 5305 1223 5341 ρ
1322 5305 1390 5338 “9
1419 5303 1774 5341 “nia-nmium
1813 5312 1833 5341 ι
1896 5316 1930 5341 o
2028 5314 2095 5341 ΔΜ
2124 5316 2323 5341 um...“
2355 5315 2374 5341 Α
2482 5314 2544 5341 tm
2581 5314 2803 5341 ..ηιειπη
2844 5314 2869 5341 Α
2932 5315 2965 5341 ς)
3020 5312 3053 5341 9
3151 5309 3219 5341 b5!
3255 5311 3340 5341 ηοι
3392 5323 3488 5341 una
3546 5306 3577 5341 Δ

167 5303 425 5414 pgstera
452 5311 508 5362 2.
588 5303 655 5341 ⁸⁸⁸
685 5305 1059 5361 celebrantur
1087 5306 1153 5358 A.
1188 5305 1243 5358 3.
1322 5305 1390 5338 “9
1419 5303 1500 5358 lin

194 5382 212 5399 "
277 5379 434 5414 dupe!
490 5379 512 5414 4
622 5377 691 5412 “Sb
719 5376 910 5414 diving
942 5380 977 5414 9
1075 5376 1144 5409 ‘55
1171 5379 1478 5414 vaeh‘nnnn

1506 5307 1777 5378 tgardam
1813 5312 1863 5365 1.
1896 5316 1951 5367 2.
2028 5314 2095 5347 ⁸⁵⁰
2124 5316 2325 5369 vocato
2355 5315 2404 5367 1.
2482 5314 2545 5346 ⁸⁵¹
2581 5306 2899 5368 ratione-1t.
2932 5315 2986 5365 2.
3020 5312 3074 5364 3.
3151 5306 3219 5343 ⁸⁵³
3255 5311 3345 5362 est
3391 5323 3491 5361 eos
3540 5306 3606 5358 A.

276 5379 434 5434 deest
490 5379 542 5432 1.
622 5377 691 5412 ⁸⁸⁵⁸
719 5376 917 5432 divina
942 5380 997 5430 2.
1075 5376 1144 5409 ⁸⁵⁵
1171 5379 1480 5479 vestraque
1506 5376 1561 5431 3'.
1642 5379 1707 5412 ⁸⁵⁸
1737 5381 1870 5437 add.
1906 5383 2084 5439 simul
2115 5386 2169 5439 3.
2248 5386 2312 5419 ⁸⁸⁷
2346 5383 2553 5439 tollam
2576 5390 2631 5439 2.
2708 5386 2774 5419 ⁸⁵³
2806 5381 3113 5455 pecuniam
3142 5382 3193 5434 1.
3215 5378 3463 5452 pecunia
3483 5377 3608 5431 Α.3.

279 5451 488 5481 Ληηριο
588 5450 654 5481 ιδο
684 5464 747 5481 nn
795 5450 814 5481 4
923 5448 987 5481 £61
1022 5446 1166 5481 Anno!
1216 5448 1235 5481 4
1343 5447 1386 5481 με
1446 5448 1830 5481 ηαηηκηςηηηη
1866 5459 1899 5481 ς)
2010 5457 2080 5481 m3
2110 5457 2320 5481 -..κων-ε
2376 5461 2510 5481 -.η-ι
2546 5458 2565 5481 Α
2676 5457 2744 5481 Lm.
2777 5455 2917 5481 .1-..”
2957 5458 2991 5481 ς)
3090 5454 3156 5481 tur.
3188 5451 3292 5481 αλλ
3367 5452 3499 5481 nunt
3552 5448 3580 5481 Δ

166 5452 242 5487 ⁸⁵⁸
275 5451 432 5505 deest
452 5453 508 5504 2.
588 5450 654 5483 ⁸⁶⁰
682 5464 749 5504 ac
795 5450 844 5503 1.
923 5448 987 5481 ⁸⁶¹
1021 5446 1166 5502 deest
1216 5448 1266 5500 1.
1343 5447 1375 5479 ⁸⁴

1443 5448 1832 5518 asperrimam
1866 5459 1920 5509 2.
2010 5457 2080 5490 ⁸⁸³
2110 5457 2321 5512 reversi
2375 5461 2516 5511 sunt
2546 5458 2597 5510 1.
2676 5457 2744 5490 ⁸⁸⁸
2772 5448 2917 5510 deest
2957 5458 3012 5508 2.
3090 5454 3156 5486 ⁸⁸⁵
3185 5448 3313 5506 add.
3367 5452 3505 5505 sunt
3544 5448 3609 5502 A.

168 5524 242 5598 ξω
278 5522 432 5598 άᾷςῖιῖί
459 5525 541 5598 2ο,
592 5522 658 5555 ⁴⁶⁷
685 5536 934 5576 saxones
963 5520 1009 5573 A
1082 5519 1149 5553 ⁴⁶⁸
1180 5517 1306 5573 add.
1340 5535 1471 5573 esse
1499 5517 1554 5573 2.
1634 5522 1704 5556 ⁴⁶⁹
1740 5523 1824 5579 eis
1855 5543 1959 5598 pro
2010 5545 2253 5584 munere
2282 5530 2347 5583 A.
2426 5529 2493 5562 ⁸⁷⁰
2520 5531 2704 5585 totam
2753 5526 2916 5584 illam
2964 5529 3181 5581 terram
3231 5522 3614 5596 pervagantes

1787 5665 2021 5726 NOT/E.

167 5592 487 5652 hostiliter
513 5595 570 5647 2.

244 5760 408 5833 (170)
441 5760 625 5832 Prope
654 5760 879 5818 Lenzen
911 5759 1026 5816 duo
1058 5758 1327 5829 quamvis
1374 5757 1633 5817 minores
1683 5760 1849 5822 lacus

165 5836 347 5892 sunt.

2031 5768 2178 5895 (171)
2209 5769 2289 5825 De
2319 5769 2412 5851 his
2443 5770 2516 5825 cf.
2550 5769 2926 5852 Thietmarus
2958 5767 3109 5895 Lép.
3142 5763 3221 5845 8.)

2031 5845 2048 5895 f
2057 5842 2157 5895 172
2208 5841 2521 5895 Edmtham
2552 5840 2736 5895 ﬁliam
2768 5840 3010 5895 Ethwar
3053 5856 3071 5893 1
3098 5851 3216 5895 rem

2028 5840 2178 5913 (172)
2208 5841 2521 5915 Edgitham
2552 5840 2736 5899 ﬁliam
2768 5840 3071 5900 Ethwardi
3098 5840 3274 5906 regis.
