3868 6434
314 400 431 467 155

1327 395 1762 458 WIDUKINDI
1807 393 2316 457 CORBEIENSIS
2362 392 2716 455 MONACHI

3606 391 3732 453 156

313 534 456 590 bant
484 534 555 589 ab
588 530 883 587 occidente
914 532 971 585 et
1003 526 1242 582 meridie
1293 528 1601 583 Saxoniam
1636 530 1958 598 quaerentes
1992 529 2045 594 Α
2074 524 2334 581 solvebat
2363 542 2466 596 pro
2496 523 2736 580 victoria
2765 524 2836 579 de
2858 523 3127 581 hostibus
3149 522 3261 580 sibi
3293 522 3576 580 divinitus
3591 542 3732 581 con-

313 626 547 680 intrarc.
583 621 693 676 Sed
728 620 789 653 ‘7‘
814 620 1069 672 Saxones
1092 617 1308 688 pariter
1328 632 1463 669 cum
1487 616 1805 685 Thuringis
1827 632 1961 670 con-

310 711 552 785 gregati,
588 709 728 762 inito
772 722 907 760 cum
957 705 1041 759 cis
1092 704 1427 769 certamine,
1460 704 1624 757 cmsis
1682 704 1953 770 ducibus,

309 796 715 857 caeterosillins
729 795 1013 849 exercitus
1028 792 1773 863 occidentalis‘73pertotam
1794 791 1953 846 illam

308 889 601 957 regionem
634 902 824 939 errare
867 885 1144 938 fecerunt.
1182 885 1437 946 Quorum
1476 881 1572 934 alii
1623 882 1774 935 fame
1818 899 1952 934 con-

308 958 547 1047 sumpti,
584 974 750 1029 aliim
783 973 991 1041 frigore
1024 970 1316 1035 dissoluti,
1351 968 1447 1023 alii
1479 973 1675 1023 autem
1708 968 1837 1023 cmsi
1868 970 1951 1023 vel

306 1068 477 1137 capti,
513 1069 577 1119 ut
608 1063 765 1133 digni
816 1065 1002 1125 crint,
1042 1059 1451 1113 miserabiliter
1501 1059 1815 1129 perierunt.
1847 1059 1952 1123 Qui

305 1161 498 1211 autem
534 1154 590 1206 in
624 1153 841 1205 oriente
874 1149 1153 1203 remansit
1184 1148 1488 1211 exercitus,
1515 1147 1735 1200 audivit
1767 1147 1836 1199 de
1869 1164 1954 1199 so-

306 1262 430 1299 rore
465 1243 614 1315 regis
648 1259 775 1312 qua:
808 1242 1085 1309 nupserat
1112 1237 1347 1290 \Vidoni
1382 1238 1528 1305 (175)
1562 1236 1863 1307 Thuringo
1888 1237 1953 1269 ω

303 1365 371 1373 -
400 1336 522 1387 erat
553 1344 804 1400 namque
848 1327 947 1381 illa
976 1327 1041 1360 ‘75
1072 1343 1139 1380 ex
1169 1324 1494 1379 concubina
1525 1329 1680 1390 nata,
1716 1356 1781 1364 —
1815 1325 1953 1395 quia

300 1421 553 1476 vicinam
588 1419 791 1472 urbem
817 1417 881 1450 ‘7“
915 1415 1268 1469 inhabitarct
1298 1415 1362 1447 “7
1395 1416 1451 1466 et
1482 1412 1670 1473 multa
1701 1414 1949 1483 pecunia

303 1510 352 1565 ei
385 1511 541 1565 esset
572 1505 695 1561 auri
727 1510 784 1559 et
810 1504 1053 1574 argenti.
1077 1502 1241 1556 Unde
1266 1505 1429 1555 tanta
1453 1502 1503 1554 vi
1536 1501 1739 1555 urbem
1774 1501 1953 1571 obpu-

303 1612 479 1671 gnare
502 1597 567 1629 ⁸⁷⁸
592 1596 905 1665 cmperunt,
941 1596 1004 1645 ut
1032 1590 1146 1644 nisi
1180 1606 1291 1644 nox
1322 1590 1513 1643 visum
1546 1589 1950 1660 pugnantibus

302 1684 630 1758 impediret,
656 1683 859 1736 urbem
883 1682 1173 1749 caperent.
1199 1679 1278 1733 Ea
1299 1694 1430 1733 vero
1455 1682 1622 1731 nocte
1646 1678 1949 1733 audientes

302 1777 373 1829 dc
403 1790 542 1828 casu
576 1769 867 1826 sociorum
901 1769 1170 1839 regisque
1203 1784 1379 1837 super
1408 1782 1507 1822 eos
1530 1768 1781 1821 adventu
1814 1783 1948 1821 cum

297 1861 488 1918 valido
518 1858 769 1915 exercitu
793 1890 861 1898 —
882 1874 1019 1911 nam
1050 1860 1241 1911 castra
1272 1859 1525 1910 metatus
1559 1859 1648 1909 est
1669 1871 1766 1909 rex
1779 1855 1950 1925 juxta

524 1911 861 2021 quvi—dicitur
893 1945 1152 2002 Iliade“9
1176 1943 1344 2015 (174,)
1369 1944 1577 1998 timore
1600 1911 1945 2015 perculsi“,
1981 1911 2028 1976 B

299 2039 519 2095 relictis
531 2037 738 2093 castris
753 2052 912 2090 more
926 2033 1699 2106 suofignefumoqucingenti
1714 2033 1950 2105 agmina

301 2128 516 2185 diffusa
545 2125 922 2197 collegerunt.
950 2125 1067 2179 Rex
1089 2139 1219 2177 vero
1244 2127 1474 2192 postera
1496 2122 1587 2176 die
1620 2122 1950 2192 producens

298 2217 637 2283 exercitum,
670 2214 1008 2269 exhortatus
1052 2216 1158 2278 est,
1194 2217 1258 2266 ut
1308 2227 1470 2282 spem
1523 2227 1690 2265 suam
1741 2210 1949 2265 divina)

299 2304 620 2361 clementiae
670 2302 1125 2367 committerent,
1180 2300 1444 2354 divinum
1500 2298 1613 2353 sibi
1665 2298 1948 2353 auxilium

301 2392 799 2469 quemadmodum
834 2391 889 2446 in
924 2390 1052 2446 aliis
1083 2388 1298 2461 praeliis
1332 2390 1536 2444 adesse
1569 2404 1683 2441 non
1718 2387 1946 2442 dubita-

300 2488 460 2549 rent;
490 2498 833 2537 communes
864 2480 1129 2534 omnium
1161 2478 1359 2534 hostes
1380 2494 1507 2531 esse
1532 2476 1814 2548 Ungarios
1836 2494 1850 2543 ;
1876 2477 1947 2530 ad

298 2570 613 2626 vindictam
646 2569 844 2641 patria:
878 2572 1303 2639 parentumque
1336 2564 1706 2620 solummodo
1735 2565 1950 2637 cogita-

301 2664 460 2723 rent;
496 2660 693 2715 hostes
725 2659 839 2714 cito
870 2659 932 2691 ⁴⁸¹
967 2661 1130 2728 terga
1177 2659 1398 2711 vertere
1446 2654 1750 2721 vidissent,
1784 2654 1831 2708 si
1863 2654 1947 2707 vi-

300 2748 483 2804 riliter
507 2748 781 2804 certando
815 2747 1211 2820 persisterent.
1236 2744 1336 2799 His
1358 2742 1595 2814 Optimis
1618 2742 1809 2798 verbis
1832 2758 1950 2797 ere-

299 2840 374 2893 cti
408 2839 474 2872 ‘8’
505 2837 744 2904 milites,
780 2837 1309 2907 imperatoremque
1332 2832 1390 2887 in
1422 2831 1629 2903 primis
1662 2832 1872 2887 mediis
1894 2836 1951 2887 et

298 2928 524 2982 ultimis
535 2929 863 2983 versantem
873 2923 1157 2989 videntes,
1172 2936 1487 2992 coramque
1504 2935 1569 2975 eo
1591 2919 1866 2991 angelum
1882 2950 1947 2960 —

298 3016 407 3071 hoc
427 3015 584 3070 enim
604 3010 885 3069 vocabulo
908 3010 1216 3082 effigieque
1236 3009 1473 3081 signum
1488 3008 1810 3063 maximum
1825 3012 1950 3064 erat

297 3102 645 3174 insignitum
669 3099 841 3174 (175,)
863 3102 1213 3171 acceperunt
1243 3095 1522 3152 ﬁduciam
1554 3113 1949 3168 magnamque

297 3189 710 3248 constantiam.
747 3187 865 3243 Rex
892 3202 1025 3243 vero
1054 3184 1272 3241 veritus
1305 3188 1413 3252 est,
1447 3185 1947 3255 quemadmodum

2068 630 2266 681 cessa;
2299 615 2705 685 tributumque
2727 615 2811 680 ‘87,
2838 614 2993 685 quod
3017 612 3287 669 hostibus
3309 614 3448 669 dare
3479 631 3732 670 consue-

2066 703 2367 768 νὴ,άὶνὶηο
2399 702 2581 757 cultui
2612 702 2965 772 mancipavit
2989 706 3048 757 et
3070 701 3479 773 largitionibus
3511 720 3730 775 paupe-

2068 810 2197 847 rum
2230 793 2517 847 deservire
2550 792 2873 846 constituit.
2909 790 3129 845 Deinde
3176 796 3339 861 pater
3371 793 3594 863 patrim,
3629 810 3727 847 re-

2067 898 2195 935 rum
2244 882 2518 935 dominus
2576 881 3007 951 imperatorque
3052 881 3124 934 ah
3175 881 3428 935 exercitu
3470 880 3729 951 appella-

2064 974 2160 1024 tus
2192 970 2335 1039 (176,
2373 970 2587 1025 famam
2621 969 2886 1039 potentia)
2911 969 3262 1039 virtutisque
3284 970 3512 1023 cunctis
3535 972 3727 1039 genti-

2066 1059 2177 1113 bus
2208 1064 2263 1111 et
2295 1059 2530 1129 regibus
2560 1060 2623 1091 ‘83
2660 1058 2827 1129 longe
2874 1057 3106 1128 lateque
3151 1058 3405 1112 dilfudit.
3449 1058 3616 1113 Unde
3664 1064 3725 1114 et

2064 1146 2312 1201 aliorum
2348 1164 2657 1217 regnorum
2688 1164 2951 1217 proceres
2974 1163 3106 1201 eum
3128 1146 3415 1212 adierunt,
3442 1149 3722 1218 gratiam-

2064 1253 2174 1307 que
2209 1237 2265 1289 in
2299 1242 2611 1307 conspectu
2642 1238 2770 1305 ejus
2793 1236 3049 1291 invenire
3071 1238 3615 1307 quazrentcs,1idem
3640 1243 3725 1292 ta—

2064 1323 2134 1379 lis
2161 1342 2225 1378 ac
2250 1326 2392 1378 tanti
2421 1325 2521 1379 viri
2550 1326 2851 1395 probatam
2882 1324 3163 1381 habentes
3186 1325 3532 1380 dilexerunt.
3561 1326 3724 1381 Inter

2062 1430 2208 1484 quos
2242 1414 2611 1468 Hiriberthus
2640 1415 2707 1448 “‘9
2737 1430 2913 1485 gener
2958 1413 3221 1486 Hugonis
3268 1414 3438 1485 (177),
3489 1431 3627 1469 cum
3662 1416 3714 1470 ei

2060 1503 2466 1557 adversaretur
2495 1502 2780 1557 Rodulfus
2812 1505 2899 1570 ‘9”,
2933 1506 3135 1558 contra
3155 1503 3258 1573 jus
3304 1489 3509 1574 fasque
3539 1520 3723 1559 omne

2061 1607 2159 1645 rex
2178 1591 2554 1660 constitutus,
2571 1596 2635 1647 ut
2655 1592 2706 1647 ei
2725 1593 2785 1626 ⁸⁰¹
2816 1593 2970 1663 apud
2994 1590 3301 1647 dominum
3325 1607 3500 1647 suum
3515 1608 3622 1663 pro
3646 1594 3717 1628 ‘9’

2060 1679 2329 1751 praesidio
2357 1686 2534 1748 esset,
2568 1680 2934 1752 supplicavit.
2960 1681 3089 1754 Ipse
3111 1680 3266 1736 enim
3287 1698 3383 1736 rex
3403 1681 3540 1736 talis
3565 1688 3718 1748 erat,

2060 1769 2157 1840 qui
2193 1768 2371 1823 nichil
2397 1775 2633 1841 negaret
2653 1771 2879 1825 amicis.
2897 1769 3150 1826 Perrexit
3173 1771 3351 1842 igitur
3368 1771 3434 1804 "’3
3459 1770 3723 1827 Galliam

2059 1874 2177 1925 rex,
2212 1874 2405 1929 regem
2439 1858 2774 1930 alloquitur,
2799 1864 2857 1914 et
2876 1858 3127 1930 perfecto
3159 1858 3409 1931 negotio,
3443 1876 3721 1917 reversus

2059 1950 2147 2001 est
2166 1946 2225 2000 in
2251 1947 2584 2002 Saxoniam.
2600 1947 2861 2019 Cumque
2883 1952 3039 2006 esset
3058 1949 3116 2003 in
3139 1948 3453 2003 exaltando
3474 1954 3716 2021 gentem

2061 2052 2249 2102 suam,
2284 2053 2451 2090 rarus
2481 2036 2588 2090 fuit
2618 2041 2719 2091 aut
2751 2036 2959 2103 nullus
2984 2037 3418 2093 nominatorum
3447 2038 3715 2093 virorum

2060 2124 2119 2178 in
2150 2124 2309 2178 omni
2337 2126 2403 2159 ‘9‘
2444 2125 2714 2191 Saxonia,
2764 2139 2941 2197 quem
2993 2125 3269 2197 praeclaro
3318 2142 3561 2182 munere
3609 2132 3722 2182 aut

2060 2212 2250 2267 ofﬁcio
2282 2212 2369 2267 vel
2405 2212 2601 2285 aliqua
2632 2219 3062 2285 quaesturam
3087 2217 3557 2286 promoveret.Et
3577 2233 3721 2272 cum

2060 2301 2279 2373 ingenti
2309 2300 2551 2373 polleret
2579 2302 2890 2375 prudentia
2910 2303 3343 2375 sapientiaque,
3378 2305 3629 2361 accessit
3661 2310 3726 2361 et

2061 2389 2244 2445 moles
2266 2390 2545 2461 corporis,
2562 2390 2730 2463 regiae
2754 2390 3023 2462 dignitati
3047 2408 3281 2447 omnem
3305 2394 3526 2449 addens
3550 2395 3727 2450 deco-

2061 2496 2203 2533 rem.
2239 2480 2303 2534 In
2334 2480 2624 2535 exercitiis
2649 2496 2880 2552 quoque
2924 2480 3047 2535 ludi
3082 2482 3148 2516 ‘95
3181 2485 3343 2537 tanta
3391 2482 3727 2539 eminentia

2060 2569 2375 2639 superabat
2400 2584 2626 2637 omnes,
2652 2573 2715 2623 ut
2737 2573 3015 2626 terrorem
3038 2570 3260 2625 cazteris
3281 2574 3623 2627 ostentaret.
3650 2572 3719 2627 In

2056 2658 2363 2711 venatione
2392 2658 2459 2694 ⁴⁹⁶
2489 2662 2609 2713 tam
2644 2657 3047 2713 acerrimusm
3077 2664 3219 2727 erat,
3254 2663 3318 2714 ut
3348 2676 3467 2714 una
3495 2658 3623 2716 vice
3646 2662 3722 2696 ‘93

2059 2745 2448 2817 quadraginta
2478 2750 2579 2802 aut
2609 2762 2675 2802 eo
2702 2745 2958 2818 amplius
2990 2747 3142 2804 feras
3186 2752 3452 2819 caperet;
3488 2751 3546 2803 et
3574 2747 3726 2804 licet

2059 2834 2116 2888 in
2146 2832 2424 2889 conviviis
2446 2835 2592 2889 satis
2606 2835 2911 2905 jucundus
2931 2840 3104 2901 esset,
3128 2839 3320 2891 tamen
3348 2836 3529 2891 nichil
3554 2853 3729 2908 rega-

2058 2921 2130 2977 lis
2163 2921 2482 2993 disciplinae
2516 2923 2852 2989 minuebat;
2886 2926 3117 2979 tantum
3148 2924 3306 2978 enim
3352 2924 3609 2981 favorem
3650 2928 3727 2961 ‘99

2058 3009 2942 3082 pariterettimoremZmilitibus
2962 3009 3308 3065 infundebat
3328 3013 3416 3079 ⁵ου,
3443 3014 3723 3069 utetiam

2057 3096 2280 3153 ludenti
2314 3113 2430 3151 non
2459 3098 2761 3153 crederent
2792 3098 2861 3152 ad
2888 3096 3141 3168 aliquam
3177 3097 3476 3154 lasciviam
3502 3118 3565 3157 se
3589 3103 3722 3161 dis-

2058 3185 2404 3242 solvendum
2436 3186 2499 3220 ⁵⁰¹

296 3279 505 3346 evenit,
539 3280 604 3333 ut
632 3277 851 3343 hostes,
881 3275 1007 3330 viso
1037 3272 1223 3329 milite
1267 3277 1511 3341 armato,
1546 3273 1695 3345 fugae
1742 3274 1945 3329 statim
1979 3275 2023 3344 ο
2096 3312 2105 3319 ς
2130 3275 2218 3329 40.
2250 3273 2731 3346 (DCCCCXXXIV)
2761 3275 2906 3331 Cum
2930 3280 3124 3331 autem
3148 3292 3352 3331 omnes
3376 3278 3433 3331 in
3457 3279 3722 3337 circuitu

295 3367 713 3433 indulsissent;
729 3363 1189 3435 misitlegionem
1203 3361 1639 3435 Thuringorum
1656 3379 1788 3418 cum
1814 3378 1943 3418 raro

298 3457 481 3513 milite
506 3459 752 3523 armato,
782 3458 847 3510 ut
878 3454 1131 3508 inermes
1162 3456 1674 3525 prosequerentur,
1690 3455 1946 3523 etnsque

296 3547 368 3603 ad
399 3545 712 3601 exercitum
738 3543 1217 3615 protraherentur
1244 3542 1331 3595 ‘33.
1355 3542 1679 3614 Actumque
1714 3545 1803 3596 est
1832 3541 1942 3608 ita;

296 3636 398 3692 sed
414 3633 830 3690 nichilominus
842 3632 1103 3687 videntes
1116 3630 1435 3686 exercitum
1450 3634 1765 3695 armatum,
1782 3630 1942 3701 fuge-

297 3728 436 3780 runt
456 3724 542 3789 ‘3‘,
573 3727 637 3778 ut
666 3739 769 3793 per
798 3726 926 3776 octo
958 3719 1235 3776 milliaria
1256 3721 1321 3754 “‘5
1342 3720 1435 3775 vix
1466 3718 1635 3791 pauci
1662 3719 1946 3775 cmdercn-

298 3817 396 3869 tur
424 3812 513 3867 vel
544 3813 609 3845 εδδ
639 3814 1002 3881 caperentur.
1026 3809 1230 3864 Castra
1257 3825 1391 3863 vero
1425 3807 1644 3877 invasa,
1669 3812 1727 3863 et
1750 3807 1943 3863 omnis

296 3901 601 3974 captivitas
634 3898 880 3954 liberata
908 3901 1015 3952 est.

362 3988 457 4044 39.
492 3987 609 4042 Rex
662 4002 796 4041 vero
852 3986 1036 4041 victor
1095 4000 1378 4051 reversus,
1430 3985 1621 4039 modis
1667 3987 1942 4041 omnibus

294 4076 613 4150 gratiarum
647 4074 904 4130 actiones
934 4073 1128 4129 divino
1159 4073 1386 4142 honeri,
1422 4078 1487 4130 ut
1519 4074 1762 4147 dignum
1794 4080 1939 4142 erat,

2055 3364 2319 3419 nationes
2365 3363 2733 3434 subjecisset,
2769 3364 2984 3433 Danos,
3019 3364 3118 3436 qui
3164 3363 3355 3420 navali
3403 3364 3723 3426 latrocinio

2056 3454 2335 3508 Fresones
2366 3451 2765 3521 incursabant,
2790 3469 2926 3509 cum
2957 3454 3210 3510 exercitu
3256 3454 3401 3511 adiit
3429 3454 3717 3528 vicitque,

2053 3540 2462 3598 ettributarios
2480 3541 2716 3609 faciens,
2732 3558 2928 3613 regem
2952 3558 3155 3598 eorum
3170 3543 3236 3577 δοῖ
3254 3543 3492 3598 nomine
3513 3544 3722 3601 Chnu-

2054 3631 2190 3685 bam
2222 3631 2288 3665 ⁵0³
2319 3630 2467 3702 (178)
2498 3630 2861 3703 baptismum
2893 3631 3190 3703 percipere
3223 3632 3373 3687 fecit.
3411 3632 3714 3690 Perdomi-

2052 3720 2128 3774 tis
2143 3719 2337 3791 itaque
2365 3720 2594 3775 cunctis
2617 3720 3075 3793 circumquaque
3094 3721 3390 3794 gentibus,
3408 3725 3715 3792 postremo

2054 3810 2297 3864 Romam
2326 3808 2615 3881 proficisci
2647 3810 2871 3877 statuit,
2896 3811 2997 3867 sed
3029 3810 3374 3867 infirmitate
3403 3816 3714 3883 correptus

2052 3898 2163 3955 iter
2193 3897 2530 3953 intermisit.

2124 3989 2213 4042 41.
2245 3990 2507 4057 Cumque
2537 4004 2599 4043 se
2621 3989 2747 4059 jam
2790 3989 3016 4061 gravari
3048 3989 3115 4023 50‘
3148 3989 3350 4045 morbo
3399 3988 3710 4055 sensisset,

2051 4078 2363 4132 convocato
2385 4076 2545 4132 omni
2568 4075 2806 4148 populo,
2835 4076 3163 4150 designavit
3187 4076 3374 4133 filium
3392 4092 3575 4133 suum
3596 4075 3710 4134 0d-

1650 4198 1893 4255 VARI.‘E
1933 4196 2352 4256 LECTIONES.

797 4298 864 4332 ⁴⁷²
893 4296 1280 4352 occidentales
1308 4300 1362 4351 2.
1458 4299 1527 4332 ⁴⁷³
1556 4298 1701 4353 deest
1754 4299 1821 4353 Α·

1132 4369 1199 4403 m
1230 4367 1388 4423 riede
1440 4369 1507 4424 A.
1565 4372 1620 4424 7.

364 4300 426 4332 ⁸⁷³
457 4298 602 4353 deest
649 4302 703 4352 2.

293 4374 348 4425 2.
381 4372 446 4425 A.
524 4370 589 4405 ⁸⁷⁸
620 4384 955 4442 expugnare
998 4369 1053 4423 3.

1900 4299 1967 4371 ἔτι
1998 4298 2415 4371 thuringorum
2472 4301 2526 4353 2.

2624 4300 2711 4365 ιτδ,
2762 4301 2830 4334 ⁴⁷⁶
2864 4299 3008 4356 deest
3068 4301 3116 4355 1.
3196 4300 3262 4334 ‘7'
3306 4297 3706 4355 inhabitarent

1682 4369 1855 4442 rimde
1884 4370 1940 4442 3.
2015 4371 2086 4404 ‘30
2119 4369 2398 4441 pereulsae
2456 4386 2598 4427 corr.
2661 4370 2914 4442 perculsi
2944 4373 3000 4425 2.
3077 4372 3142 4406 ⁴⁸¹
3174 4387 3307 4426 vero
3354 4370 3420 4425 A.
3453 4370 3523 4405 ⁴⁸¹
3561 4371 3704 4426 certi

437 4442 503 4476 ⁴⁸³
535 4446 594 4523 et
622 4438 719 4523 -ζ
737 4438 1214 4523 protraherentur
1270 4439 1466 4523 desunt
1671 4441 2073 4523 ‘Sf‘nfugierunt
2099 4438 2154 4496 2.
2178 4516 2203 4523 Α
2234 4438 2679 4523 ‘Bf'utheraeto'
2722 4442 2974 4523 miliario
3005 4442 3080 4523 3..
3138 4444 3206 4478 ⁸⁸6
3236 4446 3420 4523 aut-.2.
3487 4442 3566 4523 f9"
3596 4442 3705 4497 tri-

819 4512 883 4546 ⁴⁸⁸
914 4516 970 4566 et
1028 4509 1264 4567 renibus
1320 4510 1516 4565 desunt
1566 4514 1614 4567 1.

763 4581 1027 4637 rudolfus
1084 4581 1149 4635 A.
1214 4581 1536 4637 Ruodoli'us
1568 4584 1620 4637 3.

766 4655 833 4689 ‘96
872 4652 1243 4708 veneratione
1271 4655 1320 4707 1.
1398 4655 1463 4689 ‘97
1497 4671 1629 4709 acer
1676 4658 1730 4709 2.
1781 4656 1835 4709 6.

295 4513 506 4569 butum
561 4514 626 4568 A.
684 4514 739 4567 7.

294 4584 589 4639 rothuli‘us
650 4583 698 4637 1.

366 4655 432 4689 ‘95
461 4654 606 4709 deest
637 4655 686 4707 1.

293 4724 488 4780 desunt
508 4730 563 4779 2.
640 4726 702 4759 δθι
735 4724 1139 4779 dissolvendos
1167 4724 1223 4778 3.
1256 4725 1310 4779 6.
1388 4727 1454 4760 ⁵0³
1484 4726 1628 4781 deest
1655 4730 1710 4780 2.

290 4795 466 4870 detur,
499 4794 644 4870 apud
675 4812 829 4868 quem
859 4797 999 4870 regis
1029 4811 1224 4851 nomen
1250 4795 1498 4868 Chuipia
1526 4804 1623 4853 aut
1650 4796 1876 4870 Chinpa
1903 4794 2200 4867 scribitur,-
2232 4794 2486 4855 enubam
2518 4801 2569 4852 2.
2598 4794 2828 4856 Nubam
2849 4800 2901 4855 3.
2943 4800 3001 4857 7.
3028 4798 3321 4855 Chnutam
3354 4800 3401 4866 β,

295 4866 349 4921 vi
382 4868 431 4921 1.
463 4865 924 4939 morbo'gravari
954 4869 1007 4921 2.

1713 4512 2124 4568 ‘3911iribertus
2176 4516 2228 4567 2.
2292 4512 2661 4568 Hiriberthus
2721 4513 2777 4569 3.
2830 4513 3163 4570 heribertus
3220 4515 3286 4568 A.
3336 4515 3402 4548 ⁴⁹⁰
3433 4513 3707 4569 adverses

1699 4585 1763 4618 ‘9‘
1797 4583 1946 4639 deest
1999 4587 2054 4638 2.
2134 4584 2201 4618 ‘93
2232 4582 2377 4639 deest
2430 4586 2494 4638 A.
2553 4585 2606 4639 3.
2657 4586 2711 4639 6.
2757 4587 2813 4639 7.
2891 4585 2958 4619 ‘93
2986 4584 3113 4639 add.
3175 4585 3235 4639 in
3291 4585 3344 4639 3.
3381 4586 3447 4618 ‘9‘
3477 4584 3623 4639 deest
3648 4588 3705 4639 2.

1865 4601 1946 4639 οδε
1999 4601 2054 4638 Ζ.

1915 4657 1980 4690 ‘93
2003 4654 2151 4711 deest
2195 4659 2249 4709 2.

2891 4585 2958 4619 ‘93
2986 4584 3113 4641 add.
3175 4585 3235 4640 in
3291 4585 3344 4641 3.
3381 4586 3447 4618 ‘9‘
3477 4584 3623 4641 deest
3648 4588 3705 4639 2.

2892 4656 2960 4691 ⁵⁰⁰
2989 4660 3219 4712 tantum
3250 4685 3320 4696 —
3359 4653 3709 4711 infundebat

2134 4584 2201 4618 ‘93
2232 4582 2377 4640 deest
2430 4586 2494 4638 A.
2553 4585 2606 4639 3.
2657 4586 2711 4639 6.
2757 4587 2813 4639 7.

2328 4656 2395 4690 ‘9’
2427 4656 2711 4711 fervorem
2760 4656 2813 4711 3.

1788 4727 1855 4760 ⁵⁰³
1885 4726 2178 4798 chonpam
2214 4729 2263 4781 1.
2296 4728 2453 4798 cujus
2484 4727 2707 4782 lectioni
2734 4726 3044 4798 Sigebertus
3094 4726 3295 4783 Gembl.
3343 4725 3594 4783 accedere
3622 4729 3705 4781 vi-

3479 4799 3549 4834 δοι
3580 4813 3707 4870 gm-

1884 4959 2118 5016 NOT/E.

366 5054 513 5127 (173)
546 5054 626 5109 De
672 5055 942 5117 Widone,
984 5055 1338 5127 ejusguxore
1387 5059 1559 5127 atque
1609 5056 1754 5113 urbe
1802 5058 1943 5113 certi
1974 5061 2023 5124 Β
2053 5074 2218 5120 eum.
2256 5058 2523 5112 Fortasse
2569 5074 2702 5112 vero
2738 5058 3076 5114 Heribertus
3127 5072 3393 5113 sororum
3442 5054 3708 5127 Hugonis

297 5124 731 5233 nilii‘lrcpnstzit;
766 5128 839 5180 cf.
876 5124 1029 5182 Gott.
1063 5125 1175 5198 gel.
1227 5128 1366 5181 Anz.
1426 5124 1577 5183 1v38.
1631 5131 1764 5185 Nrc.
1815 5132 1942 5184 204.

346 5238 357 5249 .
391 5204 550 5250 2036.

300 5214 335 5267 p
370 5270 515 5341 (174)
550 5270 627 5322 De
659 5270 836 5340 hujus
871 5268 974 5324 loci
1019 5270 1133 5322 situ
1169 5270 1437 5341 equidem
1492 5271 1635 5326 nihil
1689 5276 1946 5327 statuere

304 5340 507 5393 audeo.

370 5413 621 5481 (175)01'.
662 5412 752 5466 111.
789 5414 875 5466 liii.

398 5484 515 5539 176i
552 5484 705 5537 Ideni
739 5484 807 5537 de
838 5488 1043 5539 Uttone
1074 5483 1287 5537 dicitur
1320 5482 1354 5538 l.
1396 5485 1443 5537 1.

398 5484 515 5535 176ἱ
552 5484 705 5537 Ideni
739 5484 807 5537 de
838 5488 1043 5539 Uttone
1074 5483 1287 5537 dicitur
1320 5482 1354 5538 l.
1396 5485 1443 5537 1.

370 5482 514 5621 i177)
550 5554 711 5625 Hugo
746 5555 902 5609 [ilius
932 5563 1054 5611 erat
1085 5555 1362 5610 Beatricis
1398 5556 1527 5609 filiae
1561 5557 1839 5612 lIcriberti
1874 5557 1941 5624 I.,

340 5625 480 5703 atris
512 5626 690 5695 hujus
718 5627 1019 5703 lleriberti,
1045 5646 1107 5703 ac
1134 5626 1372 5703 proinde
1397 5628 1611 5684 sororis
1635 5628 1940 5703 lleriberti.

351 5698 443 5750 ine
473 5714 575 5769 per
605 5715 884 5769 generum
916 5700 1010 5755 hic
1042 5698 1387 5770 intelligitur
1416 5700 1761 5757 avunculus.
1793 5700 1941 5755 Bou-

2055 5128 2431 5183 matrimonie
2464 5128 2573 5183 sibi
2600 5130 2833 5200 junxit;
2869 5147 3007 5186 nam
3030 5129 3189 5186 ﬁlius
3210 5130 3337 5200 ejus
3363 5132 3564 5200 postea
3586 5127 3707 5199 (ΙΙΙ.

2058 5218 2108 5255 c.
2141 5200 2219 5270 3.)
2252 5216 2431 5270 nepos
2464 5200 2725 5271 llugonis
2757 5206 3013 5257 vocatur.

2129 5272 2275 5343 (178)
2311 5269 2388 5343 De
2419 5269 2681 5343 Cnutone
2714 5272 2815 5343 (ita
2844 5272 3217 5329 'I‘hietmarus
3251 5270 3293 5326 Ι.
3318 5287 3374 5342 p.
3412 5269 3522 5337 12.)
3549 5269 3709 5343 regis

2056 5340 2252 5415 Gormi
2290 5341 2429 5415 tilio,
2454 5342 2519 5415 in
2548 5340 2792 5399 australi
2825 5348 2986 5415 parte
3008 5343 3202 5399 Daniaz
3226 5340 3524 5415 regnante,
3549 5340 3706 5395 Wid.

2055 5414 2344 5484 cogitasse
2374 5414 2637 5482 videtur;
2675 5412 2884 5470 nomen
2914 5418 3111 5470 tamen
3147 5412 3344 5483 procul
3372 5412 3551 5466 dubio
3573 5429 3704 5484 cum

2058 5485 2091 5539 b
2119 5490 2222 5557 aut
2253 5502 2288 5555 p
2319 5485 2574 5557 séripsit.
2612 5487 2769 5541 Kunt
2798 5504 2901 5557 pro
2934 5488 3089 5545 Knut
3117 5486 3291 5557 etiam
3327 5484 3505 5539 codex
3535 5483 3707 5557 Vien-

2057 5556 2257 5610 nensis
2286 5555 2492 5610 Adami
2526 5555 2859 5613 Bremensis
2907 5558 3159 5613 exhibet.
3199 5555 3370 5611 Illum
3419 5572 3555 5609 vero
3608 5556 3705 5610 ba-

2057 5628 2340 5699 ptismum
2370 5628 2682 5700 accepisse,
2716 5629 2901 5686 nostri
2932 5643 3095 5686 error
3123 5644 3252 5685 esse
3279 5628 3527 5681 videtur.
