3868 6498
292 499 402 557 171

1300 495 1737 556 WIDUKINDI
1782 490 2292 554 CORBEIENSIS
2338 488 2695 551 MONACHI

3596 484 3724 544 172

293 630 578 703 perimere
591 628 867 704 cogitant.
883 629 1011 701 Ipse
1032 630 1098 663 755
1123 628 1327 683 dolum
1347 626 1478 682 dolo
1502 641 1938 699 praeoccupans,
1971 626 2025 692 Α
2057 623 2218 679 illius
2249 621 2462 679 melius
2487 620 2909 678 arbitratusest
2927 632 3187 692 pugnare
3200 634 3378 691 quam
3392 616 3727 674 armilele

292 717 550 775 convivio
581 717 736 773 claro
759 717 1051 773 delibutos
1076 734 1143 773 ac
1167 718 1301 773 vino
1328 715 1592 788 sepultos
1610 715 1683 771 ad
1708 714 1952 785 triginta
2058 729 2213 779 vero,
2229 716 2294 768 ut
2312 715 2438 768 erat
2450 711 2879 778 astutissimus,
2897 708 3124 764 meliori
3146 724 3212 764 ac
3240 707 3448 779 majori
3481 724 3545 763 se
3571 707 3727 763 sub-

294 806 413 864 fere
451 805 784 880 principum
806 806 1198 862 barbarorum
1223 822 1343 861 una
1363 808 1532 860 nocte
1555 802 1818 859 extinxit.
1837 801 1949 857 Sed

293 911 430 952 cum
463 911 577 951 non
607 895 905 951 sufficeret
923 900 1126 951 contra
1155 912 1362 951 omnes
1385 893 1654 949 nationes
1678 892 1952 947 barbaro-

292 1000 428 1039 rum
448 1013 518 1025 -ο
537 1000 604 1039 eo
645 983 861 1056 quippe
882 988 1144 1057 tempore
1186 989 1243 1040 et
1262 984 1329 1017 ⁷⁵⁸
1359 981 1627 1056 Apodriti
1663 983 1730 1016 ⁷³⁷
1764 979 1949 1035 rebel-

295 1071 575 1141 laverant,
609 1076 667 1128 et
715 1090 863 1128 casso
914 1073 1174 1129 exercitu
1227 1076 1446 1139 nostro,
1496 1072 1702 1125 ducem
1756 1069 1950 1140 ipsum

295 1162 534 1218 nomine
582 1161 821 1218 Haicam
860 1164 926 1198 ⁷⁵⁸
958 1163 1353 1227 extinxerunt,
1406 1192 1474 1201 -κ
1526 1160 1598 1214 ab
1650 1160 1776 1230 ipso
1822 1172 1954 1229 rege

296 1251 511 1325 saepius
522 1251 736 1307 ductus
755 1252 1043 1309 exercitus
1068 1269 1166 1308 eos
1191 1249 1339 1305 laesit
1359 1255 1418 1305 et
1438 1248 1497 1305 in
1520 1246 1727 1303 multis
1747 1245 1954 1300 afﬂixit

296 1344 354 1398 et
380 1340 441 1396 in
469 1339 742 1397 ultimam
774 1357 921 1413 pene
952 1339 1352 1397 calamitatem
1383 1336 1678 1410 perduxit.
1702 1334 1790 1390 llli
1819 1351 1953 1389 vero

296 1428 719 1486 nichilominus
730 1429 952 1495 bellum
966 1446 1143 1502 quam
1167 1444 1371 1500 pacem
1388 1425 1953 1498 elegerunt,omuem

299 1517 599 1574 miseriam
620 1533 771 1574 carm
802 1517 1058 1573 libertati
1094 1520 1537 1590 postponentcs.
1566 1514 1667 1569 Est
1700 1527 1954 1583 namque

299 1606 710 1679 hujuscemodi
742 1623 931 1680 genus
961 1606 1275 1662 hominum
1305 1606 1373 1640 759
1404 1605 1621 1659 durum
1651 1607 1711 1657 et
1738 1600 1956 1657 laboris

302 1695 553 1769 patiens,
584 1696 742 1752 victu
772 1695 1071 1754 levissimo
1115 1697 1518 1761 assuetum,et
1549 1692 1705 1764 quod
1738 1689 1957 1746 nostris

303 1784 463 1858 gravi
479 1783 642 1840 oneri
662 1785 730 1820 ⁷⁵0
742 1800 870 1841 esse
895 1783 1062 1852 solet,
1084 1782 1237 1840 Slavi
1260 1798 1364 1855 pro
1385 1781 1639 1853 quadam
1661 1777 1957 1851 voluptate

304 1872 549 1928 ducunt.
571 1872 903 1928 Transeunt
923 1888 1066 1927 sane
1089 1870 1213 1928 dies
1236 1868 1499 1943 plurimi,
1534 1868 1628 1923 his
1650 1884 1753 1940 pro
1774 1866 1961 1940 gloria

2060 802 2225 869 dens,
2261 817 2426 857 arma
2456 799 2639 855 sumit
2679 801 2883 855 contra
2930 799 3180 866 ducem;
3210 797 3367 868 quod
3419 795 3546 868 ipse
3600 796 3734 851 dux

2061 890 2327 946 omnium
2360 888 2629 945 laborum
2660 886 3004 961 gravissime
3035 886 3191 955 tulit,
3226 885 3365 959 quia
3410 901 3552 940 eum
3607 885 3730 941 sibi

2063 980 2374 1035 adversum
2389 978 2682 1033 sustinere
2706 976 3029 1043 debuisset,
3046 977 3218 1047 cujus
3231 974 3476 1031 eonsilio
3500 992 3570 1029 ac
3584 975 3729 1029 fidei

2064 1066 2352 1124 hactenus
2373 1083 2435 1121 se
2447 1066 2699 1121 maxime
2727 1065 3023 1120 credebat.
3041 1065 3305 1137 Augebat
3323 1080 3563 1136 quoque
3577 1062 3736 1117 indi-

2064 1157 2402 1230 gnationem
2427 1156 2594 1211 ducis
2611 1157 2677 1189 ⁷⁷⁸
2700 1172 2837 1227 grex
2862 1170 3172 1226 porcorum
3203 1153 3276 1209 ab
3311 1152 3576 1208 Immone
3601 1150 3735 1207 cal-

2065 1245 2183 1302 lide
2203 1249 2433 1318 captus.
2453 1245 2599 1301 Nam
2621 1242 2853 1300 subulci
2875 1243 3042 1299 ducis
3055 1259 3189 1298 cum
3212 1246 3416 1297 contra
3436 1243 3735 1313 portas?”

2064 1334 2229 1390 urbis
2249 1333 2588 1401 transirent,
2604 1334 2790 1390 Immo
2812 1331 3134 1404 porcellum
3177 1347 3281 1403 pro
3317 1334 3486 1403 porta
3507 1330 3733 1403 agitari

2071 1423 2229 1492 fecit,
2264 1428 2322 1478 et
2350 1440 2587 1479 omnem
2618 1439 2856 1496 gregem
2906 1438 3214 1493 porcorum
3264 1420 3479 1492 apertis
3530 1421 3732 1492 portis

2070 1512 2229 1569 intra
2252 1512 2458 1569 urbem
2482 1512 2722 1584 recepit.
2747 1510 3235 1582 Quamiujuriam
3274 1510 3393 1565 dux
3423 1509 3575 1565 ferre
3608 1526 3734 1564 non

2066 1598 2506 1671 valens,coacto
2532 1601 2808 1671 exercitu,
2838 1599 3069 1656 obsedit
3097 1599 3443 1655 Immonem.
3479 1596 3586 1655 Ille
3620 1615 3733 1654 au-

2068 1693 2189 1748 tem
2218 1689 2475 1763 plurima
2505 1707 2683 1763 apum
2715 1689 2986 1746 examina
3024 1688 3306 1745 habuisse
3335 1687 3521 1744 fertur
3545 1689 3736 1760 (221),

2068 1795 2199 1851 qum
2230 1779 2507 1851 frangens
2538 1778 2783 1852 projecit
2811 1778 2878 1814 ⁷⁸0
2916 1779 3119 1833 contra
3163 1777 3412 1850 equites.
3441 1778 3601 1849 Apes
3630 1793 3739 1833 au-

2072 1872 2192 1925 tem
2224 1867 2444 1925 aculeis
2474 1883 2656 1941 equos
2688 1865 3082 1932 stimulantes,
3111 1865 3171 1921 in
3201 1865 3494 1922 insaniam
3532 1870 3735 1921 verte-

302 1965 490 2063 ethpro
513 1975 726 2063 magno
745 1958 982 2063 latoque
1018 1958 1289 2063 imperio,
1326 1956 1446 2063 illis
1468 1974 1571 2063 pro
1595 1956 1962 2063 libertate“ac
1990 1995 2039 2063 Β
2073 1957 2236 2063 bant.
2262 1957 2347 2014 ita
2372 1961 2438 2013 ut
2467 1955 3038 2063 equitcs’periclitari
3069 1954 3404 2063 ccepissent.
3443 1956 3570 2020 Quo
3603 1954 3739 2057 viso

305 2048 516 2116 ultima
527 2047 805 2104 servitute
819 2047 976 2104 varie
989 2044 1601 2104 certantibus.Multos
1614 2045 1829 2118 quippe
1840 2043 1960 2100 illis

304 2137 514 2193 diebus
526 2137 783 2193 Saxones
795 2135 1174 2208 patiebantur
1185 2133 1615 2202 hostes,Slavos
1628 2134 1701 2189 ab
1714 2133 1954 2201 oriente,

305 2227 559 2283 Francos
590 2242 625 2281 a
654 2224 920 2292 meridie,
957 2223 1265 2280 Lotharios
1306 2223 1379 2279 ab
1420 2222 1723 2279 occidente
1753 2223 1840 2289 ⁷⁶¹,
1885 2221 1957 2276 ab

304 2310 578 2388 aquilone
608 2313 803 2371 Danos
833 2312 1096 2385 itemque
1128 2311 1361 2380 Slavos;
1384 2314 1802 2383 preptcreaque
1826 2310 1958 2364 bar-

304 2402 432 2459 bari
461 2400 703 2475 longum
735 2399 1048 2457 trahebant
1078 2404 1396 2456 certamen.

375 2491 465 2546 21.
499 2490 634 2547 Fuit
663 2493 860 2546 autem
888 2488 1128 2561 quidam
1155 2490 1223 2523 ⁷⁶²
1246 2487 1457 2546 Slavus
1480 2505 1515 2543 a
1536 2504 1668 2560 rege
1691 2487 1958 2543 Ileinrico

306 2578 566 2647 relictus,
582 2578 682 2652 qui
695 2579 830 2651 jure
842 2578 1034 2651 gentis
1044 2581 1288 2651 paterna
1301 2575 1669 2631 successione
1683 2575 1959 2631 dominus

306 2672 463 2725 esset
489 2683 692 2726 eorum
724 2667 824 2739 qui
847 2665 1125 2722 dicuntur
1154 2663 1390 2721 Heveldi
1412 2665 1501 2733 ⁷⁵³,
1543 2663 1735 2718 dictus
1758 2664 1956 2736 Tugu-

308 2756 440 2813 mir.
476 2755 589 2813 Hic
607 2756 855 2829 pecunia
882 2754 1073 2811 multa
1103 2758 1309 2826 captus
1358 2756 1415 2808 et
1445 2752 1654 2824 majori
1708 2752 1958 2824 promis-

307 2847 472 2903 sione
492 2845 1150 2919 persuasus,professus
1170 2847 1260 2899 est
1280 2859 1342 2897 se
1372 2843 1449 2877 7“
1485 2842 1731 2914 prodere
1770 2841 1958 2914 regio-

308 2950 465 2997 nem.
483 2934 649 2991 Unde
669 2934 838 3007 quasi
858 2934 927 2969 ⁷⁶⁵
947 2931 1175 2989 occulte
1195 2930 1630 3003 elapsus,venit
1660 2930 1720 2985 in
1751 2930 1959 2985 urbem

309 3040 437 3096 quas
460 3021 676 3078 dicitur
695 3023 1079 3093 Brennaburg
1095 3022 1183 3088 ⁷⁸⁸,
1199 3038 1231 3076 a
1271 3018 1609 3093 pepuloque
1628 3020 1693 3054 ⁷⁸⁷
1724 3019 1960 3091 agnitus

309 3112 455 3183 et'ut
475 3109 754 3166 dominus
775 3108 1181 3181 suseeptus,in
1203 3108 1361 3163 brevi
1387 3124 1513 3179 qua:
1554 3107 1827 3178 promisit
1857 3107 1962 3162 im-

309 3195 505 3270 plevit.
519 3197 669 3252 Nam
694 3201 965 3269 nepotem
986 3196 1302 3267 suum,qui
1325 3211 1394 3251 ex
1428 3195 1704 3250 omnibus
1743 3195 1959 3267 princi-

308 3285 485 3359 pibus
513 3284 704 3357 gentis
741 3285 809 3319 ⁷⁸⁸
848 3286 1158 3354 supererat
1195 3283 1286 3350 ⁷⁸⁷,
1320 3282 1392 3337 ad
1426 3299 1487 3338 se
1517 3282 1791 3351 invitans,
1826 3282 1959 3339 dolo

2073 2045 2260 2103 Immo
2289 2045 2653 2119 prospiciens
2684 2045 2755 2101 de
2787 2043 3358 2117 muro,eruptionem
3379 2060 3518 2100 cum
3549 2045 3737 2100 sociis

2069 2134 2364 2192 minitavit
2390 2136 2479 2189 ⁷⁸¹.
2529 2134 2948 2206 Ilujuscemodi
3004 2132 3188 2206 igitur
3227 2133 3456 2189 artibus
3506 2134 3739 2206 sepius

2070 2224 2191 2281 dux
2218 2224 2292 2279 ab
2324 2223 2586 2279 Immone
2617 2221 2880 2291 delusus,
2913 2221 3084 2278 solvit
3112 2221 3500 2278 obsidionem.
3533 2221 3738 2279 Disce-

2070 2313 2216 2369 dens
2246 2328 2381 2367 vero
2412 2313 2597 2368 fertur
2618 2309 2834 2367 dixisse
2869 2327 2881 2365 :
2914 2310 3155 2366 Immone
3181 2326 3395 2366 meeum
3437 2312 3732 2377 sentiente,

2069 2415 2255 2457 omnes
2288 2401 2570 2457 Lotharios
2597 2401 2762 2472 facile
2790 2407 2971 2472 captos
3000 2401 3172 2467 tenui,
3202 2398 3357 2456 modo
3407 2401 3592 2472 ipsum
3640 2417 3733 2457 so-

2071 2489 2192 2545 lum
2219 2505 2345 2545 cum
2374 2489 2626 2545 omnibus
2656 2488 2929 2545 Lothariis
2958 2503 3147 2560 capere
3173 2503 3398 2560 nequeo.

2140 2579 2233 2635 24.
2265 2579 2544 2634 Tractum
2566 2578 2793 2633 tamdiu
2823 2576 3044 2633 bellum
3065 2575 3442 2633 Evurhardus
3463 2579 3735 2635 conside-

2071 2683 2235 2735 rans,
2269 2665 2426 2723 ultra
2457 2683 2574 2722 non
2607 2666 2877 2739 quiescit.
2910 2666 3060 2732 Quin
3093 2662 3426 2739 contempto
3475 2683 3637 2740 rege,
3673 2672 3733 2723 et

2062 2756 2204 2828 jure
2235 2760 2431 2827 spreto
2473 2757 2975 2827 juramentorum,
3009 2759 3076 2810 ut
3125 2756 3291 2810 initio
3337 2757 3424 2823 ⁷⁸²,
3457 2762 3735 2812 conserta

2067 2861 2257 2901 manu
2289 2861 2425 2900 cum
2459 2844 2769 2900 Isilbertho
2800 2845 2868 2880 ⁷⁸³
2898 2843 2970 2899 ad
3002 2844 3294 2900 incentiva
3313 2844 3602 2900 bellorum
3636 2862 3736 2917 pa-

2069 2934 2214 2990 riter
2243 2934 2585 3006 conspirant
2614 2934 2703 2987 7“.
2738 2933 2853 2989 Nec
2875 2932 3134 2988 contenti
3166 2934 3234 2968 ⁷³⁵
3256 2950 3435 3006 regno
3464 2934 3736 2990 occiden-

2070 3021 2184 3079 tali
2219 3020 2611 3088 solummodo,
2644 3020 2706 3075 in
2738 3020 2881 3076 Reni
2913 3019 3257 3075 orientalem
3294 3038 3504 3094 agrum
3551 3022 3737 3094 depo~

2069 3110 2402 3183 pulandum
2460 3125 2597 3164 cum
2644 3107 2901 3164 exercitu
2949 3108 3394 3179 demerguntur.
3427 3110 3562 3165 Haec
3591 3126 3733 3166 cum

2071 3198 2397 3254 audiuntur
2426 3197 2486 3252 in
2518 3195 2727 3251 castris
2748 3195 2902 3266 regis
2929 3226 3000 3236 —-—
3030 3211 3166 3249 nam
3199 3212 3269 3250 ea
3287 3200 3648 3267 tempestate
3667 3200 3734 3234 ⁷⁸⁵

2068 3302 2169 3342 rex
2199 3291 2323 3341 erat
2352 3302 2624 3358 pugnans
2653 3289 2857 3340 contra
2899 3284 3102 3355 Briseg
3147 3285 3212 3318 ⁷⁸⁷
3264 3287 3416 3353 (222)
3470 3289 3528 3340 et
3582 3288 3731 3345 alias

308 3372 547 3447 captum
576 3372 868 3428 interfecit
886 3373 974 3441 ⁷⁷0,
998 3372 1328 3443 urbemque
1347 3387 1481 3425 cum
1504 3371 1664 3425 omni
1688 3372 1752 3405 7'”
1777 3371 1959 3444 regio-
1988 3364 2033 3432 C
2071 3375 2267 3443 urbes,
2301 3391 2429 3446 qum
2460 3378 2627 3429 erant
2660 3372 2953 3428 Evuhardi
2984 3372 3246 3441 ditionis,
3282 3400 3348 3413 --
3378 3374 3554 3429 multi
3599 3392 3669 3432 se
3696 3395 3731 3434 a

309 3478 380 3519 ne
410 3461 621 3518 ditioni
651 3461 822 3534 regite
854 3460 1119 3517 tradidit.
1155 3462 1278 3526 Quo
1311 3459 1483 3528 facto,
1517 3475 1720 3514 omnes
1751 3460 1959 3515 barba-

308 3551 678 3608 uenationes
717 3566 905 3623 usque
953 3550 1014 3606 in
1064 3548 1315 3605 Oderam
1362 3549 1431 3584 “‘7’
1478 3548 1721 3604 fluvium
1775 3547 1958 3604 simili

309 3639 482 3698 modo
513 3639 751 3696 tributis
781 3638 1078 3713 regalibus
1112 3654 1174 3695 se
1207 3638 1623 3711 subjugarunt.

377 3732 469 3787 22.
504 3728 811 3786 Heinricus
842 3729 1027 3803 igitur
1056 3727 1363 3784 discedens
1396 3744 1429 3782 a
1455 3726 1725 3796 Saxonis,
1751 3727 1960 3783 Lotha-

308 3819 426 3876 rios
457 3819 671 3875 iterum
703 3817 931 3887 adiit,et
960 3833 1095 3874 cum
1140 3833 1350 3889 genere
1383 3833 1510 3882 suo,
1542 3817 1689 3872 duce
1734 3815 1958 3872 scilicet

309 3905 620 3965 Isilbertho
650 3907 738 3976 ⁷⁷³,
772 3922 908 3962 cum
940 3905 1066 3961 suis
1098 3904 1387 3961 militibus
1426 3903 1791 3977 aliquamdiu
1830 3922 1955 3960 mo-

307 4000 472 4052 ratus
501 3997 612 4051 est.
647 3994 869 4061 Iterum
901 3994 1139 4051 ducitur
1166 3994 1453 4050 exercitus
1502 4011 1536 4049 a
1587 4009 1719 4065 rege
1751 3998 1956 4049 contra

305 4082 688 4142 Isilberthum
717 4083 819 4151 77‘,
839 4086 898 4153 et
926 4082 1122 4138 omnis
1151 4081 1309 4154 regio
1353 4081 1761 4138 Lothariorum
1792 4080 1954 4137 illius

303 4171 549 4243 imperio
598 4170 913 4242 subjacens
960 4169 1083 4242 igni
1132 4170 1403 4225 traditur.
1437 4170 1842 4242 Obsessusque
1893 4172 1953 4226 in

304 4260 449 4316 urbe
480 4260 548 4293 ⁷⁷⁸
578 4275 706 4331 quae
738 4256 953 4314 dicitur
984 4258 1357 4313 Kievermont
1379 4257 1797 4329 (220),elapsus
1819 4259 1954 4316 inde

304 4346 717 4422 proﬁciscitur.
750 4347 823 4421 Et
851 4363 987 4402 cum
1027 4345 1254 4401 obsidio
1302 4345 1646 4401 difﬁcultate
1692 4346 1951 4403 locorum

302 4453 510 4509 parum
542 4436 903 4509 procederet,
934 4439 1162 4491 vastata
1192 4433 1451 4506 undique
1481 4434 1736 4506 regione,
1765 4452 1863 4492 rex
1892 4437 1952 4492 in

302 4526 613 4583 Saxoniam
648 4523 978 4580 revertitur.

370 4615 462 4671 23.
487 4613 689 4671 Sciens
710 4614 908 4669 autem
930 4610 1205 4666 comitem
1229 4609 1519 4665 Isilberthi
1552 4611 1617 4645 "6
1645 4618 1948 4669 versutum

2070 3464 2137 3499 ⁷⁸⁸
2170 3462 2380 3519 castris
2411 3463 2715 3532 eruebant,
2750 3478 2856 3516 nec
2890 3459 3046 3517 ultra
3071 3478 3207 3533 spes
3262 3465 3389 3518 erat
3435 3467 3729 3537 regnandi

2070 3553 2349 3609 Saxones.
2385 3552 2504 3608 Rex
2533 3567 2665 3607 vero
2695 3568 2763 3607 ea
2791 3552 2859 3586 739
2889 3550 3223 3606 turbatione
3253 3555 3421 3607 tanta
3451 3558 3730 3611 constan-

2067 3640 2151 3697 tia
2179 3656 2244 3697 ao
2275 3639 2518 3714 imperio
2549 3657 2695 3696 usus
2725 3644 2834 3710 est,
2867 3639 3002 3695 licet
3033 3656 3161 3695 raro
3192 3640 3259 3675 ⁷⁹⁰
3289 3639 3475 3697 milite
3507 3643 3728 3699 consti-

2068 3734 2325 3802 paretur,
2359 3746 2426 3785 ac
2457 3728 2507 3783 si
2538 3727 2719 3785 nichil
2750 3730 2801 3785 ei
2834 3726 3198 3784 difficultatis
3229 3728 3540 3784 obviasset.
3570 3731 3725 3787 Nam

2067 3817 2289 3874 summi
2319 3816 2646 3890 pontifices,
2679 3816 2900 3874 relictis
2930 3815 3196 3873 tentoriis
3226 3820 3284 3873 et
3312 3816 3429 3873 alia
3459 3818 3728 3890 qualibet

2067 3904 2478 3978 suppellectili,
2512 3905 2627 3978 ipsi
2659 3906 2837 3963 etiam
2870 3905 3205 3961 defecerunt
3233 3923 3269 3961 a
3296 3906 3431 3962 fide.

2136 3996 2228 4050 25.
2244 3994 2595 4052 Defectionis
2615 4011 2856 4052 causam
2890 3994 3117 4050 edicere
3138 3999 3195 4050 et
3214 3993 3434 4068 regalia
3456 3996 3728 4055 misteria

2065 4084 2342 4156 pandere,
2366 4100 2546 4156 super
2564 4101 2680 4140 non
2702 4088 2820 4152 est;
2842 4100 3046 4139 verum
3078 4083 3337 4139 historias
3356 4085 3727 4142 satisfacien-

2065 4174 2211 4228 dum
2243 4171 2632 4239 arbitramur;
2654 4173 2938 4245 quicquid
2970 4172 3029 4227 in
3059 4172 3170 4227 hac
3200 4177 3366 4244 parte
3408 4190 3721 4245 peccemus

2063 4260 2350 4317 veniabile
2381 4262 2445 4297 ⁷⁹¹
2480 4261 2577 4316 sit.
2607 4262 2891 4317 Summus
2916 4260 3178 4333 pontifex
3208 4262 3428 4317 missus
3450 4262 3524 4317 ad
3544 4262 3723 4319 Evur»

2064 4349 2315 4405 bardum
2348 4366 2451 4422 pro
2478 4350 2789 4406 concordia
2836 4355 2895 4407 et
2923 4366 3085 4422 pace,
3123 4367 3259 4406 cum
3306 4354 3464 4407 esset
3510 4366 3715 4409 earnm

2064 4454 2261 4495 rerum
2280 4438 2868 4495 desiderantissimus
2897 4440 2987 4510 7”,
3000 4444 3172 4511 pacto
3193 4444 3399 4495 mutuo
3420 4455 3596 4496 suum
3632 4442 3715 4497 in-

1978 4517 2028 4583 D
2058 4526 2347 4599 terposuit
2368 4528 2803 4598 juramentum,
2822 4533 2881 4584 et
2909 4528 3040 4583 ideo
3073 4528 3147 4584 ab
3177 4545 3244 4584 eo
3275 4545 3391 4584 non
3423 4545 3599 4601 posse
3619 4530 3713 4587 de—

2061 4617 2254 4672 sinere
2272 4617 2341 4651 ⁷⁹³
2370 4616 2556 4672 fertur
2576 4632 2867 4673 narrasse.
2887 4620 3005 4672 Rex
3034 4622 3232 4672 autem
3244 4633 3349 4689 per
3369 4618 3709 4688 pontiﬁcem

303 4707 361 4760 et
389 4701 669 4759 callidum
720 4700 918 4770 nimis,
951 4698 1186 4755 nomine
1238 4698 1562 4755 Immonem
1594 4701 1687 4769 ⁷⁷⁷,
1719 4702 1950 4760 artibus
2060 4705 2252 4762 officio
2284 4721 2392 4762 suo
2422 4705 2808 4778 congruentia
2838 4705 3097 4778 dirigens
3128 4721 3430 4779 responsa,
3444 4704 3528 4760 nil
3554 4708 3629 4764 ad
3650 4725 3712 4766 se

392 4798 401 4801 '
1655 4825 1898 4883 vimus
1938 4828 2357 4887 LECTIONES.

375 4926 443 4961 ⁷⁵⁵
473 4923 599 4979 add.
634 4939 768 4977 vero
799 4946 850 4977 α.

924 4923 1000 4998 ⁷⁷⁵⁷
1022 4921 1166 4998 deest
1196 4922 1249 4975 3.
1326 4923 1392 4955 ⁷⁵⁷
1423 4922 1669 4998 Abotriti
1702 4948 1753 4979 α.
1773 4941 2020 4998 _semper.
2098 4928 2164 4962 ⁷³⁸
2198 4926 2471 4982 haincam
2496 4928 2545 4981 1.
2622 4929 2690 4963 ⁷⁵⁷
2720 4928 3031 4984 hominum

3101 4946 3249 4985 enus
3275 4950 3328 4987 α.
3404 4928 3473 4963 ⁷⁶⁰
3503 4943 3561 5000 g.
3587 4945 3717 4986 one-

306 4998 386 5071 ris
414 5000 469 5071 2.
498 4994 793 5071 gravioris
813 4996 862 5048 1.
914 4994 1002 5071 _'"”
1040 4994 1302 5071 Francos
1320 5025 1388 5031 —
1420 4994 1948 5071 ocei_dente_desu7it
1979 5000 2029 5053 1.
2060 4998 2116 5053 7.
2144 5069 2152 5071 ᾗ
2195 5000 2263 5033 ⁷6⁷
2293 4999 2536 5070 quidam
2591 5004 2786 5055 autem
2830 5002 2884 5055 3.
2963 5003 3030 5035 ⁷⁸³
3062 4994 3277 5056 llevelli
3308 5024 3359 5054 α.
3408 4994 3643 5071 senator.

304 5068 372 5103 ⁷⁶⁴
400 5064 545 5122 deeEt
574 5067 623 5120 1.
727 5065 795 5099 ⁷⁸⁵
827 5064 964 5136 quia
993 5082 1045 5117 α.

302 5138 514 5194 terticit
545 5138 594 5191 1.
700 5136 763 5169 ⁷⁷¹
796 5136 942 5191 deest
968 5136 1021 5189 3.
1052 5137 1108 5189 7.

302 5211 369 5245 ⁷⁷⁶
400 5207 811 5276 Giselbertum,
844 5209 899 5261 3.

1147 5065 1690 5139 7““__Bra_n(lenbnrg
1720 5068 1772 5121 3.

1213 5136 1281 5169 ⁷⁷⁵⁵
1312 5135 1564 5191 Odorem
1600 5138 1653 5191 3.

1038 5207 1103 5279 ⁸⁷⁷
1134 5206 1478 5279 Ymmonem
1510 5227 1541 5257 α
1570 5225 1799 5279 semper.

299 5350 504 5421 tempti
534 5350 584 5421 1.
662 5350 730 5383 ⁷⁸⁸
760 5352 1042 5421 potestate
1067 5353 1121 5403 2.
1200 5350 1263 5383 ⁷⁸⁷
1299 5348 1503 5421 Briseg
1532 5366 1586 5405 α.

1880 5070 1947 5141 737
2226 5095 2278 5126 α.
2384 5071 2449 5104 ’ἱ68

1754 5138 1821 5172 ⁷⁷³
1854 5138 2114 5196 isbertlio
2165 5141 2214 5195 1.
2253 5138 2562 5195 Isilbertho
2583 5143 2637 5196 3.

1944 5212 2010 5285 ⁷⁷⁸
2044 5211 2195 5285 _du_ci
2247 5213 2299 5285 3.
2344 5211 2533 5285 ipsius
2561 5229 2614 5266 α.

301 5281 364 5316 ⁷⁸³
399 5278 708 5359 minitatus
737 5286 825 5333 est
852 5280 907 5333 3.
984 5279 1051 5312 ⁷⁸³
1080 5277 1141 5331 in
1168 5278 1334 5332 initio
1367 5297 1417 5358 ᾳ.
1497 5278 1564 5313 ⁷⁸³
1599 5277 1900 5357 hisbertho
1936 5284 1986 5337 1.
2040 5277 2453 5338 iselbertho'3.
2487 5286 2707 5355 saepius.
2787 5277 2853 5318 737‘
2902 5277 3266 5355 conspiraret
3308 5306 3359 5340 α.

301 5354 504 5410 temeti
534 5350 584 5404 1.
669 5350 730 5383 ⁸⁸⁸
760 5352 1042 5410 potestate
1067 5353 1121 5403 2.
1200 5350 1263 5383 ⁷⁸⁷
1299 5350 1503 5410 Briseg
1532 5366 1586 5405 α.
1664 5354 1729 5386 ⁷⁸⁸
1760 5352 1907 5408 deest
1933 5355 1987 5410 3.
2066 5354 2135 5389 ⁷⁸⁷
2165 5354 2224 5408 in
2259 5369 2326 5409 ea
2357 5355 2411 5409 3.
2489 5356 2557 5389 ⁷⁹⁰
2586 5371 2782 5410 coram
2814 5355 2867 5410 3.
2946 5358 3009 5391 ⁷⁷⁷
3043 5355 3265 5410 veniale
3293 5360 3350 5410 2.

1671 5361 1729 5386 ’δυ
1760 5361 1907 5408 deest
1933 5361 1987 5410 3.
2066 5361 2135 5389 7“
2165 5361 2224 5408 in
2259 5369 2326 5409 ea
2357 5361 2411 5409 3.
2489 5361 2557 5389 πυ
2586 5371 2782 5411 coram
2814 5361 2867 5410 3.

2523 5071 2757 5127 entibus
2792 5072 2853 5143 1._
2890 5142 2897 5143 ί
2942 5073 3009 5106 ⁷⁵⁷
3041 5076 3343 5143 superaret
3372 5075 3424 5126 2.
3536 5072 3603 5105 ⁷⁷⁰
3635 5073 3715 5126 in-

2743 5143 2813 5176 ⁷⁷⁴
2841 5141 3215 5198 hisberthum
3250 5145 3302 5197 1.
3406 5143 3473 5176 ⁷⁷⁵
3500 5159 3634 5198 arce
3658 5146 3707 5198 4.

2727 5214 2795 5248 ⁷⁷⁷
2826 5230 3031 5284 porcos
3061 5214 3114 5283 3,
3252 5216 3320 5248 ⁷⁸0
3370 5214 3633 5285 progccit
3660 5217 3709 5269 1.

2787 5285 2853 5318 785
2902 5284 3263 5319 ηηηωηῖκηκηι
3310 5306 3338 5319 ι.
3458 5285 3525 5319 ηδ
3577 5302 3708 5319 nnn_

3503 5302 3525 5317 "
3577 5302 3710 5341 COD-

2946 5358 3009 5391 ⁷⁷¹
3043 5355 3265 5413 veniale
3293 5360 3350 5412 2.
3425 5357 3494 5390 79’
3547 5356 3703 5412 desi-

302 5418 710 5478 deratissimus
734 5418 786 5474 3'.
818 5423 867 5490 1,
900 5422 946 5475 A
966 5420 993 5474 ‘?
1066 5421 1133 5454 ⁷9³
1164 5421 1244 5475 ita
1270 5418 1651 5493 corrigeizduiiz
1682 5423 1937 5493 videtur;
1970 5423 2232 5498 desipere
2266 5427 2313 5479 1.
2346 5429 2401 5480 2.
2435 5424 2680 5483 deficere
2709 5428 2762 5482 3.

1881 5532 2122 5595 NOTIE.

300 5624 836 5699 Nordthuringowe
868 5625 1033 5699 rexit,
1070 5630 1127 5681 et
1156 5625 1249 5680 his
1281 5627 1450 5699 annis
1498 5628 1759 5684 marchio
1792 5629 1947 5684 limi-

300 5697 378 5754 tis
398 5697 1051 5756 Saxonicfconstitutas
1081 5714 1212 5751 esse
1241 5697 1491 5753 videtur.

373 5770 518 5842 (220)
551 5769 936 5826 Chevremont
966 5784 1144 5841 prope
1178 5769 1477 5824 Lcodium.

2126 5626 2282 5698 (221)
2314 5630 2638 5702 Suntiqui,
2680 5647 2750 5688 ex
2791 5630 3075 5699 vocabulo
3124 5632 3471 5689 Germanico
3520 5633 3703 5701 Immo,

2057 5703 2261 5773 (impi),
2296 5701 2883 5777 ap_is,_lianc_famam
2917 5708 3117 5777 natam
3148 5720 3297 5773 esse,
3332 5707 3563 5777 putent.

2127 5767 2282 5846 (222)
2309 5767 2395 5829 Cf.
2425 5767 2528 5830 ss.
2563 5773 2755 5830 1.618.
2791 5767 2892 5831 ιιι.
2917 5775 3043 5831 324.
