3868 6486
147 532 254 593 181

1146 529 1293 591 RES
1340 530 1618 592 GEST/E
1660 529 2093 593 SAXONleE.
2126 568 2204 580 —
2247 536 2396 597 LIB.
2446 538 2549 599 Ill.

3442 540 3559 601 182

148 671 230 725 10.
271 666 592 725 Celebratis
623 682 722 722 rex
752 664 975 737 nuptiis
1008 663 1318 719 revertitur
1347 661 1408 717 in
1451 662 1787 731 Saxoniam,
1818 665 1875 732 Α
1905 666 1997 722 43.
2040 666 2300 733 Qualiter
2348 669 2731 744 Rmiuesburg
2780 688 2841 727 se
2892 672 3093 738 tradit,
3145 675 3202 726 et
3258 673 3556 745 regionem

250 762 605 828 secutusque
636 771 771 811 eum
805 752 1161 810 Bernharius
1189 752 1252 788 9“
1304 767 1509 824 pacem
1557 768 1693 807 cum
1725 768 1793 808 eo

250 850 562 902 secuturus
592 845 680 901 9".

144 938 228 993 11.
271 936 352 993 De
384 937 673 991 conventu
704 930 904 1005 populi
939 931 1094 1003 apud
1127 930 1334 986 urbem
1384 932 1789 1003 Angustanam

248 1026 315 1061 “3
345 1028 402 1081 et
432 1023 715 1080 miraculo
748 1022 903 1095 quod
938 1021 1018 1075 ibi
1050 1020 1280 1077 accidit.

145 1116 228 1170 12.
271 1113 352 1169 De
385 1113 520 1168 ﬁliis
554 1112 729 1185 regis.

144 1205 227 1260 13.
270 1204 349 1260 De
383 1202 617 1259 insidiis
652 1218 801 1273 quas
830 1202 1183 1272 paraverunt
1211 1198 1355 1270 regi.

143 1294 226 1347 14.
270 1293 349 1348 De
380 1294 665 1364 apparatu
697 1288 981 1363 paschali.

213 1383 298 1437 15.
339 1381 420 1437 De
452 1380 572 1435 ﬁlio
604 1394 934 1453 generoque
966 1376 1119 1448 regis
1154 1381 1212 1430 et
1241 1374 1516 1448 pontiﬁce
1554 1374 1783 1430 Frithu-

244 1487 384 1526 I‘lCO.

138 1563 222 1619 16.
267 1562 349 1618 De
380 1564 668 1617 conventu
699 1556 899 1630 pepuli
934 1556 1087 1627 apud
1122 1552 1421 1610 Fridislcri
1458 1558 1517 1608 et
1546 1553 1784 1608 Dadano

244 1651 313 1685 9“
346 1655 404 1705 et
433 1647 749 1705 Wilhelmo
781 1646 847 1682 9‘5
880 1643 1219 1699 comitibus.

132 1741 221 1794 17.
265 1740 346 1795 De
377 1754 576 1811 pugna
605 1733 1016 1792 Lothariorum
1037 1748 1173 1786 cum
1205 1730 1470 1786 Conrado
1503 1730 1671 1785 duce.

120 1829 211 1885 18.
255 1827 336 1884 De
369 1825 674 1882 obsidione
708 1821 1077 1895 Mogantiaca
1105 1824 1162 1875 et
1192 1817 1569 1875 altercatione
1601 1818 1781 1875 Hein-

229 1916 336 1971 rici
372 1920 429 1971 et
462 1912 740 1971 Liudulﬁ.

112 2005 205 2061 19.
250 2005 333 2060 De
368 2001 655 2060 Ecbertho
689 2002 759 2036 9“
784 2000 938 2072 regis
970 1996 1344 2054 consobrino.

98 2096 200 2150 20.
244 2093 328 2149 De
360 2089 647 2164 Bojoariis
673 2089 965 2162 quomodo
989 2085 1185 2159 juncti
1216 2090 1357 2141 sunt
1388 2085 1689 2143 Liudulfo.

98 2184 196 2238 21.
240 2180 326 2236 De
354 2179 598 2235 Arnulfo
628 2184 687 2233 et
719 2176 998 2233 fratribus
1031 2176 1160 2246 ejus
1193 2178 1252 2229 et
1297 2174 1439 2246 quia
1470 2175 1763 2230 exercitus

211 2269 564 2326 missionem
593 2265 763 2339 petiit
793 2270 852 2321 et
880 2263 1093 2335 accipit
1122 2263 1212 2317 9“.

107 2363 203 2415 22.
249 2358 333 2414 De
366 2371 522 2430 rege,
556 2359 613 2410 et
645 2354 786 2426 quia
816 2351 989 2408 multi
1024 2351 1366 2407 defecerunt
1394 2368 1428 2405 a
1460 2351 1593 2405 ﬁde.

110 2450 205 2505 23.
251 2447 335 2504 De
368 2445 624 2501 exercitu
656 2441 939 2499 Saxonico
973 2440 1071 2512 qui
1106 2439 1468 2512 Mogontiam
1496 2440 1662 2496 adiit.

105 2539 202 2593 24.
245 2535 330 2592 De
363 2532 675 2590 Thiadrico
707 2536 765 2587 et
794 2530 1162 2585 Wicmanno.

106 2628 201 2683 25.
246 2624 331 2683 De
364 2622 650 2680 Ecbertho
683 2626 741 2677 et
779 2620 1129 2677 Wicmanno
1176 2621 1233 2673 et
1282 2618 1429 2672 duce
1473 2617 1773 2672 Heriman-

222 2731 304 2769 no
337 2714 425 2771 ³⁸⁸.

106 2805 201 2861 26.
244 2804 331 2860 De
362 2801 515 2876 regis
545 2802 798 2856 adventu
829 2798 887 2853 in
921 2795 1269 2854 Boioariam.

107 2895 200 2948 27.
244 2892 330 2948 De
363 2888 638 2963 pontiﬁce
671 2887 1000 2944 Frithurico
1022 2890 1079 2941 et
1109 2884 1335 2940 caeteris
1365 2884 1767 2956 pontiﬁcibus.

106 2982 199 3038 28.
244 2979 552 3048 Quomodo
583 2995 683 3034 rex
712 2977 926 3033 infecto
957 2974 1190 3048 negotio
1223 2972 1537 3030 revertitur
1566 2974 1626 3028 in
1661 2974 1770 3031 Sa-

216 3069 487 3125 xoniam.

104 3158 196 3213 29.
241 3158 327 3214 De
360 3154 559 3212 causis
591 3153 930 3210 Herimanni
963 3158 1021 3209 et
1051 3155 1332 3223 nepotum
1364 3152 1516 3222 ejus.

102 3248 193 3302 30.
235 3247 457 3302 Avares
506 3244 835 3317 funguntur
880 3241 1164 3313 Bojoariis
1213 3240 1299 3308 “9,
1335 3256 1434 3295 rex
1480 3256 1614 3296 vero
1667 3257 1760 3296 oc-

210 3335 405 3392 currit
434 3333 519 3388 cis
548 3350 684 3388 cum
710 3331 908 3387 valida
938 3346 1139 3386 manu.

97 3424 188 3478 31.
234 3419 492 3494 Bojoarii
526 3419 678 3474 bello
711 3418 939 3491 fatigati
972 3418 1043 3473 de
1073 3433 1215 3489 pace
1250 3420 1537 3472 tractant.

100 3513 192 3567 32.
235 3512 322 3567 De
358 3509 575 3582 placito
608 3508 764 3580 regis
795 3508 950 3580 apud
983 3505 1254 3562 Cinnam.

100 3601 191 3656 33.
235 3601 323 3656 De
358 3597 636 3670 pontiﬁce
669 3595 997 3652 Frithurico
1030 3599 1089 3650 et
1118 3594 1385 3649 Conrado
1420 3594 1590 3650 duce.

101 3687 193 3744 34.
235 3689 323 3745 De
354 3685 606 3742 liudulfo
637 3683 736 3757 qui
769 3702 802 3740 a
831 3688 997 3756 patre
1029 3682 1217 3740 iratus
1249 3682 1548 3751 discessit,
1582 3687 1641 3738 et
1670 3699 1770 3738 rex

209 3794 357 3833 eum
393 3773 783 3847 persequitur.

101 3868 191 3922 35.
237 3868 456 3937 Pugna
486 3863 641 3935 apud
675 3860 978 3917 Horsadal.

100 3954 191 4011 36.
238 3952 496 4027 Obsipio
531 3950 694 4006 urbis
721 3966 848 4023 qua;
879 3950 949 3985 πο
979 3947 1196 4003 dicitur
1228 3947 1594 4020 Renesburg.

101 4044 194 4098 37.
239 4040 571 4099 Liudulfos
616 4056 728 4112 pax
769 4039 965 4106 datur,
1013 4040 1071 4092 et
1103 4053 1202 4091 rex
1232 4036 1547 4093 Saxoniam
1579 4052 1769 4092 rever-

212 4131 389 4186 titur.

98 4220 190 4275 38.
236 4217 530 4275 Liudulfo
564 4231 767 4288 pacem
796 4213 1056 4286 postulat
1086 4228 1187 4284 sep
1218 4229 1333 4269 non
1365 4214 1665 4285 impetrat,
1706 4218 1765 4269 et

207 4308 284 4363 de
318 4309 513 4361 morte
541 4303 787 4359 Arnulﬁ.

93 4395 186 4451 39.
230 4394 554 4451 Heinricus
583 4393 803 4449 Novam
835 4391 1044 4447 urbem
1076 4390 1244 4446 adiit.

96 4484 187 4539 40.
229 4482 506 4551 Qualiter
534 4496 634 4537 rex
665 4480 855 4536 ﬁlium
886 4479 1207 4535 clementer
1237 4479 1507 4551 suscipit.

97 4574 187 4629 41.
230 4573 319 4630 De
352 4574 473 4627 ﬁne
503 4569 801 4643 pontiﬁcis
834 4568 1169 4625 Frithurici.

99 4662 191 4718 42.
234 4660 511 4730 Qualiter
541 4659 674 4716 Ucri
705 4676 741 4716 a
769 4658 991 4716 Gerone
1022 4658 1357 4730 capiuntur.

2012 755 2177 810 fratri
2211 757 2494 813 restituit.

1901 845 1995 900 44.
2037 844 2119 902 De
2145 845 2368 902 famoso
2401 848 2702 920 triumpho
2735 863 2911 920 quem
2939 864 3038 904 rex
3061 850 3133 905 de
3157 849 3429 922 Ungariis
3461 852 3557 908 ob-

2011 934 2212 990 tinuit.

1902 1024 1989 1078 45.
2033 1023 2113 1079 De
2145 1042 2345 1097 pugna
2374 1025 2671 1082 Thiadrici
2702 1027 2981 1083 adversus
3007 1027 3263 1084 Sclavos.

1902 1113 1989 1167 46.
2033 1112 2112 1168 De
2144 1115 2430 1185 portentis
2462 1133 2588 1187 qua:
2622 1116 2859 1171 interim
2893 1117 3255 1174 acciderunt.

1900 1203 1986 1257 47.
2031 1202 2111 1257 De
2143 1219 2280 1258 casu
2311 1203 2557 1259 Conradi
2595 1206 2783 1260 ducis.

1900 1292 1988 1344 48.
2029 1289 2111 1346 De
2146 1291 2335 1346 tribus
2367 1293 2618 1349 ducibus
2648 1296 2987 1349 Avarorum.

1901 1378 1989 1432 49.
2031 1378 2111 1433 De
2144 1379 2442 1450 triumpho
2475 1381 2650 1452 regis.

1894 1465 1986 1519 50.
2028 1464 2109 1520 De
2143 1481 2275 1539 rege
2309 1471 2366 1522 et
2393 1468 2669 1523 versutiis
2700 1468 3056 1524 Wicmanni.

1893 1555 1984 1609 51.
2026 1554 2107 1610 De
2139 1556 2395 1611 exercitu
2427 1556 2525 1627 qui
2550 1556 2965 1612 Wicmannum
2997 1573 3144 1629 pene
3175 1558 3329 1630 cepit
3361 1559 3420 1614 in
3452 1577 3545 1615 ur-

2002 1642 2075 1698 be
2104 1643 2502 1700 Suitleiscare.

1890 1733 1980 1788 52.
2025 1733 2324 1800 Quomodo
2357 1737 2528 1805 capta
2557 1738 2647 1788 est
2669 1733 2809 1788 urbs
2839 1732 3430 1791 Cocarescemiorum.
3516 1792 3539 1799 ,

1890 1821 1981 1877 53.
2025 1823 2327 1888 Quomodo
2358 1821 2521 1877 ultus
2552 1825 2642 1877 est
2671 1835 2771 1877 rex
2800 1821 2962 1877 illam
3002 1822 3535 1894 depopulationem.

1888 1910 1980 1965 54.
2023 1910 2104 1966 De
2125 1911 2350 1966 Gerone
2376 1910 2631 1982 preside.

1887 1998 1978 2052 55.
2020 1997 2103 2052 De
2136 1996 2417 2053 Stoineﬁ'o
2467 1997 2853 2053 barbarorum
2906 2011 3042 2070 rege
3092 2002 3153 2053 et
3200 1999 3389 2057 milite
3434 2002 3531 2074 qni

1995 2100 2131 2142 eum
2164 2085 2399 2141 occidit.

1884 2175 1976 2231 56.
2020 2175 2101 2232 De
2131 2191 2265 2247 rege
2298 2173 2437 2247 quia
2470 2175 2692 2231 crebris
2722 2175 2983 2231 victoriis
3014 2175 3306 2248 gloriosus
3340 2178 3532 2236 factus

1992 2267 2102 2318 est.

1881 2352 1973 2406 57.
2015 2351 2097 2408 De
2131 2351 2404 2407 Liudulfo
2438 2352 2577 2423 quia
2607 2352 2797 2423 patria
2825 2352 3004 2408 cessit
3020 2357 3256 2425 propter
3287 2358 3528 2413 amicos.

1880 2440 1972 2495 58.
2017 2440 2097 2496 De
2128 2439 2343 2495 litteris
2374 2440 2601 2495 obitum
2636 2441 2767 2510 ejus
2798 2441 3297 2513 signiﬁcantibus.

1880 2528 1971 2583 59.
2016 2529 2095 2584 De
2127 2529 2474 2584 Wicmanno
2507 2530 2607 2601 qui
2643 2530 2956 2586 Saxoniam
3007 2531 3235 2588 occulte
3269 2533 3528 2592 intravit.

1880 2619 1973 2674 60.
2014 2619 2315 2685 Quomodo
2348 2619 2463 2674 ﬁde
2494 2619 2737 2675 Geronis
2768 2626 3080 2692 susceptus
3109 2625 3201 2677 est
3230 2623 3534 2680 Wicman-

1990 2724 2125 2762 D118.

1879 2796 1969 2852 61.
2013 2796 2092 2853 De
2119 2795 2401 2869 prodigiis
2435 2813 2562 2868 qua;
2594 2803 2995 2868 apparuerunt
3026 2798 3083 2852 in
3135 2799 3527 2856 vestimentis.

1878 2888 1968 2941 62.
2011 2885 2093 2941 De
2122 2884 2468 2941 inﬁrmitate
2498 2884 2892 2957 imperatoris.

1877 2975 1968 3030 63.
2011 2974 2091 3030 De
2120 2973 2479 3046 profectione
2510 2976 2771 3031 secunda
2802 2975 2958 3049 regis
2987 2977 3046 3032 in
3079 2976 3330 3033 Italiam.

1876 3063 1970 3119 64.
2014 3063 2094 3118 De
2124 3063 2496 3132 Wicmanno,
2530 3066 2824 3137 quomodo
2853 3065 3068 3121 iterum
3092 3065 3417 3123 rebellavit.

1875 3153 1965 3207 65.
2009 3151 2089 3208 De
2134 3152 2333 3220 Danis,
2388 3155 2680 3225 quomodo
2723 3153 3037 3210 Christiani
3084 3156 3337 3228 perfecte
3389 3157 3526 3214 facti

1984 3244 2144 3297 sunt.

1873 3331 1964 3386 66.
2007 3331 2154 3387 Gero
2178 3336 2417 3404 propter
2424 3333 2832 3403 juramentum
2848 3330 3524 3391 dimisitWicmannum.

1798 3404 1841 3472 C
1878 3419 1968 3473 67.
2011 3420 2312 3485 Quomodo
2336 3420 2482 3475 Gero
2514 3422 2578 3457 '51
2612 3421 2815 3477 Lusiki
2847 3422 3008 3478 vicit.

1877 3507 1969 3561 68.
2011 3507 2091 3562 De
2121 3509 2353 3564 duobus
2383 3510 2604 3582 regulis
2637 3514 2696 3587 et
2727 3510 3095 3566 Wicmanno.

1876 3596 1967 3651 69.
2014 3597 2094 3652 De
2124 3613 2263 3652 nece
2292 3598 2647 3653 Wicmanni.

1875 3685 1966 3738 70.
2005 3685 2273 3756 Acceptis
2307 3685 2487 3739 armis
2504 3685 2833 3740 Wicmanni
2854 3685 3172 3756 imperator
3184 3687 3313 3757 jam
3338 3687 3530 3742 factus

1987 3772 2225 3844 scripsit
2255 3773 2565 3844 epistolam
2596 3773 2656 3827 in
2693 3773 3007 3828 Saxoniam
3042 3773 3418 3830 mittendam.

1874 3864 1965 3916 71.
2008 3862 2089 3918 De
2121 3862 2329 3935 legatis
2363 3862 2680 3918 Grecorum
2712 3867 2771 3917 et
2801 3878 3002 3917 eorum
3038 3863 3263 3918 fraude.

1874 3951 1965 4004 72.
2008 3949 2088 4004 De
2121 3949 2488 4006 Gundthario
2521 3953 2577 4005 et
2610 3948 2848 4015 Sifrido,

1872 4039 1965 4093 73.
2006 4038 2088 4094 De
2119 4037 2332 4110 populo
2363 4037 3014 4109 Constantinopolitano
3046 4042 3104 4094 et
3154 4054 3363 4094 eorum
3419 4040 3532 4095 im-

1983 4125 2377 4197 peratoribus.

1870 4215 1962 4268 74.
2004 4214 2085 4269 De
2118 4213 2400 4269 Mathilda
2431 4217 2620 4268 matre
2650 4214 3023 4286 imperatoris
3055 4220 3114 4270 et
3159 4215 3327 4271 obitu
3377 4216 3529 4289 epis-

1979 4318 2259 4373 coporum
2292 4302 2611 4358 Bernhardi
2645 4306 2703 4357 et
2733 4301 3056 4371 Wilhelmi,

1868 4394 1959 4448 75.
2001 4391 2083 4448 De
2112 4391 2439 4448 reversione
2462 4390 2831 4462 imperatoris
2861 4390 2936 4447 ab
2967 4390 3137 4448 Italia
3164 4396 3224 4447 et
3252 4393 3324 4449 de
3354 4391 3523 4449 obitu

1977 4481 2126 4553 ejus.

1790 4555 1840 4622 D
1867 4571 1959 4625 76.
2002 4570 2303 4637 Quomodo
2334 4568 2587 4642 populus
2620 4586 2721 4640 pro
2752 4572 2916 4640 parte
2949 4568 3125 4642 elegit
3167 4567 3357 4624 ﬁlium
3391 4569 3522 4640 ejus

1984 4657 2042 4713 in
2073 4657 2421 4728 principem.

1440 4815 1783 4857 EXPLICIUNT
1810 4801 1879 4837 ⁵⁸³
1907 4816 2203 4857 caurum.

1382 4968 1385 4969 ν
1474 4923 1717 4981 VARLE
1753 4923 2169 4983 LECTIONES.

178 5054 243 5088 ⁰⁴²
278 5052 626 5109 bertharius
663 5051 780 5107 cod.
876 5051 943 5085 9"
971 5049 1281 5105 facturus?
1373 5050 1440 5083 9‘3
1478 5054 1872 5109 aueustanam
1921 5049 2036 5105 cod.
2134 5050 2203 5084 9“
2253 5049 2403 5103 dano
2455 5065 2599 5105 corr.
2633 5051 2863 5105 dadano
2915 5051 3032 5107 cod.
3111 5051 3178 5087 9“
3233 5051 3541 5108 uulhelmo

100 5124 223 5180 cod.
303 5126 377 5160 9‘“
409 5122 679 5179 etberhto
709 5121 825 5178 cod.
857 5123 1079 5192 saepius.
1160 5122 1225 5156 9‘7
1258 5120 1438 5192 acipit
1479 5120 1595 5178 cod.

102 5196 168 5230 ’δι
212 5212 364 5269 ergo
396 5212 444 5249 ε.
524 5195 593 5229 9⁵³
624 5192 864 5265 explicit
895 5209 943 5250 c.

1672 5122 1739 5157 9‘3
1792 5120 2130 5177 hirimanno
2182 5119 2298 5175 cod.
2348 5123 2572 5191 saepius.
2653 5123 2719 5156 9“
2770 5122 3059 5178 boioarios
3109 5139 3157 5183 ε.
3236 5124 3305 5158 θδο
3337 5124 3437 5195 qui
3489 5140 3539 5182 ε.
