3868 6476
1083 127 1160 142 ⁷
1196 127 1265 139 ν
1339 127 1393 138 ν
1448 127 1515 142 ⁷
1610 127 1735 143 w
1780 127 2371 147 T'ﬁ‘
2473 131 2538 145 -

262 513 374 578 187

1270 512 1709 576 WIDUKINDI
1754 508 2262 573 CORBEIENSIS
2307 510 2662 574 MONACHI

3554 517 3673 579 188

257 648 600 725 designatus
647 649 815 721 (267),
866 662 1042 720 quem
1093 647 1222 719 jam
1271 651 1403 719 post
1440 649 1666 718 patrem
1719 642 1905 701 domi-
1930 647 1984 714 Α
2015 644 2233 700 multas
2250 659 2536 719 acgraves
2553 663 3014 711 causassummo
3036 649 3666 725 pontiﬁciobjiciebat;

256 758 398 796 num
423 742 510 776 ¹⁰⁰⁶
539 756 605 795 ac
636 740 1047 811 imperatorem
1075 736 1383 791 universus
1406 738 1601 806 sperat
1622 732 1809 800 orbis;
1842 732 1907 787 ﬁ-

254 830 394 885 liam
426 843 657 901 quoque
687 829 900 883 sancta
934 824 1140 880 matris
1172 824 1302 893 ejus
1332 821 1613 877 vocabulo
1654 819 1901 893 insigni-

251 921 370 972 tam
392 919 561 986 (268),
595 916 665 971 de
695 932 813 988 qua
843 931 955 968 non
989 910 1406 986 praesumimus
1438 908 1659 982 aliquid
1687 909 1897 977 dicere,

249 1022 384 1060 cum
415 1008 545 1077 ejus
566 1004 795 1060 claritrs
826 1001 1119 1075 praecellat
1148 1017 1324 1057 omne
1355 1000 1512 1072 quod
1562 999 1753 1055 dicere
1800 1002 1903 1055 aut

248 1095 502 1150 scribere
530 1094 794 1149 valemus
811 1093 920 1146 "’0".

322 1184 406 1238 12.
432 1182 852 1252 (DCCCCLIII.)
892 1179 1062 1235 Enim
1109 1195 1243 1233 vero
1296 1194 1392 1231 rex
1451 1192 1585 1231 cum
1634 1174 1899 1248 regiones

248 1272 603 1326 Francorum
636 1271 929 1341 urbesque
960 1267 1253 1335 circuiret,
1288 1264 1531 1332 audivit,
1564 1264 1702 1336 quia
1734 1264 1782 1319 ei
1816 1264 1899 1319 in-

243 1360 406 1415 sidia:
428 1364 772 1433 pararentur
787 1376 821 1414 a
842 1357 960 1413 ﬁlio
980 1371 1340 1430 generoque;
1369 1358 1726 1426 quapropter
1741 1369 1897 1408 sum-

243 1467 378 1504 mus
397 1449 654 1520 pontifex
670 1452 994 1513 revocatus,
1012 1445 1109 1501 ubi
1132 1445 1511 1501 austeriorem
1533 1444 1711 1497 vitam
1734 1436 1895 1496 more

242 1538 411 1594 solito
442 1553 576 1593 cum
604 1535 906 1592 hemeritis
936 1537 994 1590 et
1030 1532 1306 1590 solitariis
1332 1536 1465 1588 ante
1494 1530 1716 1587 Pascha
1759 1545 1893 1601 age-

239 1628 358 1693 bat,
383 1625 644 1697 suscepit
690 1640 884 1697 regem
936 1622 1265 1695 Mogontiaa,
1298 1621 1377 1677 ibi
1422 1620 1473 1676 ei
1524 1618 1889 1692 aliquamdiu

239 1714 587 1771 ministrans
608 1716 717 1768 10°“.
758 1712 1023 1769 Nefanda
1073 1710 1319 1767 consilia
1364 1709 1616 1782 prodita,
1680 1725 1715 1764 a
1769 1706 1889 1763 ﬁlio

236 1820 568 1877 generoque
597 1802 1035 1867 animadversa;
1070 1799 1359 1871 purgandi
1390 1799 1583 1854 locum
1628 1795 1889 1852 criminis

236 1911 371 1950 cum
403 1892 647 1949 consilio
673 1890 966 1965 pontiﬁcis
991 1892 1198 1961 petunt
1220 1888 1309 1923 1°09
1335 1890 1394 1944 et
1424 1887 1762 1959 impetrant.
1779 1882 1887 1951 Qui

235 1981 370 2038 licet
397 1980 633 2038 sceleris
662 1979 971 2036 manifeste
1011 1979 1416 2049 arguerentur,
1443 1974 1639 2047 paruit
1686 1978 1885 2030 tamen

232 2089 332 2127 rex
358 2087 563 2128 eorum
600 2068 909 2125 sententiis
939 2066 1000 2122 in
1030 2064 1306 2122 omnibus
1329 2063 1704 2134 ‘°‘°,locorum
1737 2066 1884 2117 tem-

231 2176 560 2233 porumque
591 2158 886 2232 angustia.

304 2251 394 2306 14.
425 2251 497 2306 Et
525 2264 661 2306 cum
690 2249 1011 2319 apparatus
1040 2243 1341 2317 paschalis
1390 2242 1547 2314 apud
1570 2240 1653 2276 ¹⁰¹¹
1684 2240 1882 2311 Aquas

229 2339 355 2395 ﬁeri
382 2340 697 2411 oporteret,
716 2334 1020 2407 comperit,
1039 2333 1181 2407 quia
1199 2330 1381 2388 nichil
1405 2329 1517 2387 sibi
1533 2330 1781 2402 dignum
1800 2327 1880 2383 ibi

230 2431 507 2500 paratum
534 2430 691 2483 esset
715 2425 805 2461 ¹⁰¹²
835 2424 1015 2494 (269);
1045 2427 1379 2479 maternum
1409 2420 1644 2493 gaudiis
1664 2421 1721 2473 et
1748 2417 1880 2473 ofﬁ-

228 2517 337 2574 ciis
352 2518 625 2574 decenter
643 2517 903 2581 curatur,
918 2527 1233 2584 regemque
1253 2526 1429 2582 quem
1450 2509 1509 2564 in
1533 2506 1780 2564 Francia
1793 2506 1880 2541 ¹⁰¹³

229 2623 377 2679 pene
406 2603 679 2677 perdidit,
715 2602 776 2658 in
809 2600 998 2674 patria
1028 2599 1340 2672 magniﬁce
1374 2597 1610 2669 recepit.

303 2697 371 2751 15
388 2695 495 2749 ¹⁰¹⁴.
514 2693 662 2749 Nam
686 2692 1051 2747 confortatus
1074 2687 1399 2745 amicorum
1420 2683 1731 2760 gentisque
1753 2698 1882 2755 pro-

227 2785 365 2857 prie)
398 2780 746 2855 praesentiae,
778 2778 1014 2835 irritum
1038 2778 1126 2813 ¹⁰²³
1158 2777 1294 2833 fecit
1315 2776 1403 2812 ¹⁰¹⁶
1436 2779 1697 2849 pactum,
1721 2772 1878 2846 quod

225 2875 464 2929 coactus
511 2868 658 2926 inire
693 2868 1001 2925 confessus
1046 2871 1165 2935 est;
1208 2866 1588 2937 edictumque
1633 2865 1724 2944 est
1758 2861 1877 2917 ﬁlio

224 2975 577 3034 generoque,
597 2960 864 3014 auctores
895 2954 1132 3012 sceleris
1160 2954 1490 3027 puniendos
1510 2953 1759 3019 tradere,
1776 2954 1881 3006 aut

224 3053 379 3105 certe
399 3064 462 3104 se
476 3049 562 3083 ¹⁰¹⁷
580 3045 880 3102 hostesmm
903 3042 1170 3115 publicos
1193 3058 1387 3098 nosse.
1405 3041 1596 3097 Paetis
1610 3038 1878 3113 pristinis

226 3138 484 3209 pontifex
529 3132 880 3199 intercessit,
914 3135 1219 3203 tamquam
1272 3130 1399 3202 paci
1450 3134 1508 3185 et
1551 3126 1872 3186 concordia;

222 3225 643 3287 consulturus;
658 3222 732 3277 ob
758 3220 817 3276 id
850 3218 972 3291 regi
1006 3220 1072 3274 ﬁt
1100 3221 1432 3290 suspectus,
1453 3216 1660 3273 amicis
1682 3215 1891 3296 regali_

223 3317 336 3371 bus
366 3309 834 3381 consiliariisque
866 3306 1222 3365 omnimodis
1270 3306 1657 3378 spernendus.
1691 3305 1772 3360 De
1802 3321 1870 3360 eo

221 3405 493 3458 nostrum
516 3399 605 3435 ‘0“
631 3396 991 3454 arbitramur
1019 3411 1393 3468 nequaquam
1442 3393 1669 3466 aliquid
1694 3395 1782 3429 ¹⁰³⁰
1813 3396 1894 3449 te‘

221 3507 379 3547 mere
400 3486 699 3560 judicare;
734 3486 835 3543 sed
868 3485 1026 3558 quod
1050 3485 1124 3542 de
1142 3502 1209 3541 eo
1241 3484 1528 3558 probamu
1544 3500 1592 3552 s,
1611 3482 1751 3556 quia
1769 3499 1888 3539 ma-

219 3595 374 3652 gnus
420 3592 542 3632 erat
588 3575 749 3631 in“m
801 3573 1071 3631 oratione
1121 3573 1215 3630 die
1275 3577 1596 3645 noctuque,
1632 3588 1885 3645 magnus

219 3666 675 3724 elemosinarum
708 3663 997 3736 largitate,
1028 3662 1368 3735 praecipuus
1396 3662 1571 3717 verbo
1604 3660 1881 3733 praedica-

218 3755 418 3824 tionis,
452 3772 568 3811 non
619 3754 790 3810 silere
839 3751 1089 3825 dignum
1139 3752 1449 3817 duximus;
1481 3753 1756 3806 caaterum
1807 3749 1878 3804 de

220 3844 515 3901 accusatis
538 3845 626 3880 ¹⁰²²
655 3842 853 3899 causis
878 3840 980 3913 qui
1001 3840 1232 3912 judicat
1261 3838 1548 3895 Dominus
1569 3842 1678 3895 est.

292 3933 378 3988 16.
415 3933 631 3988 Earum
652 3946 860 3999 rerum
878 3929 1023 3997 dum
1045 3928 1125 3983 ibi
1150 3927 1285 3983 ﬁnis
1308 3943 1424 3982 non
1446 3928 1631 3996 ﬁeret,
1652 3925 1877 3983 univer-

220 4020 362 4078 salis
378 4019 579 4093 populi
592 4019 915 4081 conventus
934 4032 1063 4072 esse
1075 4017 1323 4087 jubetur
1342 4016 1500 4087 apud
1520 4014 1719 4070 villam
1743 4031 1871 4087 qua;

221 4110 439 4164 dicitur
468 4105 776 4163 Fridesleri
802 4104 913 4171 “’33,
946 4120 1123 4175 super
1170 4103 1262 4158 his
1307 4101 1504 4159 causis
1549 4102 1869 4158 discutien-

2014 738 2434 807 proptereaque
2447 734 2601 808 regis
2612 736 2913 810 totiusque
2923 753 3071 809 pene
3082 740 3372 797 exercitus
3384 741 3668 798 offensam

2012 821 2282 893 incurrit,
2316 824 2460 879 dum
2491 840 2627 879 eum
2657 826 2896 897 penitus
2926 824 3281 899 culpabilem
3312 845 3382 885 ex
3403 828 3669 885 illius“.m

2012 912 2188 968 dictis
2236 916 2562 968 censerent.
2613 913 2895 970 Praeterea
2916 915 3005 951 ¹⁰²⁶
3050 932 3149 972 rex
3196 917 3543 974 severiorem
3578 918 3666 953 1°”

2009 1002 2277 1057 animum
2304 1018 2515 1074 gerens
2544 1018 2613 1057 ex
2643 1003 2860 1058 recenti
2892 1003 3134 1076 injuria,
3156 1005 3665 1063 eminentissimos

2007 1090 2162 1144 viros
2192 1105 2259 1143 ac
2300 1090 2411 1144 sibi
2460 1091 2756 1162 quondam
2809 1109 2975 1148 caros
3007 1097 3065 1148 et
3113 1094 3172 1148 in
3220 1094 3665 1150 Biertanico'm

2008 1178 2193 1234 bellos
2224 1178 2445 1246 ﬁdeles,
2480 1179 2645 1234 fratri
2669 1180 2757 1215 1°29
2787 1181 3034 1237 traditos
3068 1181 3242 1239 exilio
3292 1184 3662 1255 dampnavit,

2006 1266 2147 1321 dum
2172 1267 2426 1322 accusati
2453 1267 2737 1323 rationem
2758 1268 3086 1333 redderent.
3106 1272 3312 1326 nec1030
3335 1288 3398 1327 se
3413 1272 3495 1306 ¹⁰³¹
3518 1288 3662 1344 pur-

2004 1371 2141 1427 gare
2175 1356 2262 1390 ¹⁰³²
2292 1356 2649 1412 sufﬁcerent.
2684 1356 2749 1411 Hi
2784 1362 2952 1413 erant
2974 1360 3060 1394 “’33
3091 1360 3375 1433 Thuringi
3422 1378 3662 1433 genere,

2004 1444 2313 1515 potestatis
2344 1445 2738 1515 przefectoriae,
2769 1446 3046 1503 Dadanus
3066 1451 3217 1517 (270)
3250 1454 3308 1504 et
3355 1448 3658 1505 Willehel-

2003 1549 2139 1588 mus
2162 1533 2252 1567 "’3‘
2284 1533 2542 1588 nomine.
2576 1533 2694 1589 Hoc
2729 1534 2880 1590 facto
2913 1535 3086 1591 multi
3118 1536 3407 1593 scelerum
3437 1538 3659 1595 conscii

2000 1621 2258 1677 satis”35
2316 1621 2633 1693 perterriti,
2685 1623 2877 1679 soluta
2935 1626 3225 1694 contione,
3273 1627 3660 1689 multitudine

1998 1710 2266 1777 dimissa,
2300 1727 2428 1766 sese
2461 1726 2559 1766 rex
2588 1711 2647 1765 in
2679 1711 2991 1769 orientales
3022 1720 3219 1786 partes
3250 1715 3521 1775 contulit.

2070 1801 2156 1855 17.
2184 1799 2439 1855 Lotharii
2457 1805 2654 1855 autem
2692 1817 2827 1855 cum
2851 1818 3050 1874 regem
3071 1804 3207 1859 duci
3233 1804 3497 1861 Conrado
3513 1822 3650 1862 sen-

1995 1888 2216 1944 sissent
2245 1889 2705 1954 oﬂ‘ensum,cum
2728 1890 2859 1961 jam
2888 1891 3029 1946 olim
3051 1892 3101 1948 ei
3127 1892 3325 1963 infesti
3345 1898 3653 1961 essent,eo

1995 1978 2148 2050 quod
2169 1977 2451 2033 ducatum
2474 1993 2653 2049 super
2681 1994 2781 2034 eos
2803 1979 3246 2038 administraret
3264 1981 3408 2055 ipsis
3429 1982 3658 2054 invitis,

1993 2083 2159 2122 arma
2184 2071 2388 2121 contra
2414 2081 2549 2121 eum
2583 2072 2831 2122 sumunt
2851 2069 2961 2123 ¹⁰³⁶.
2999 2068 3101 2125 Ille
3132 2087 3267 2126 vero
3299 2071 3662 2145 imperterri-

1991 2158 2112 2225 tus,
2126 2154 2427 2209 leoninum
2445 2169 2686 2210 exerens
2709 2156 2798 2191 ¹⁰³⁷
2816 2156 3105 2227 animum,
3122 2158 3291 2232 signo
3312 2159 3500 2233 signis
3516 2178 3662 2217 con-

1990 2243 2172 2299 traria
2201 2242 2436 2311 invexit,
2457 2248 2517 2299 et
2545 2244 2951 2301 incredibilem
2985 2246 3435 2306 multitudinem
3472 2266 3541 2306 ex
3571 2251 3667 2308 eis
3700 2270 3703 2271 ν

1990 2331 2227 2403 propria
2257 2348 2437 2387 manu
2469 2331 2643 2400 fudit,
2670 2333 2811 2389 dum
2846 2335 3139 2408 sanguine
3172 2337 3563 2411 amici,quem
3596 2341 3666 2396 in

1989 2419 2188 2492 praelio
2220 2418 2713 2485 amisit,Conradi
2738 2421 2964 2479 scilicet
2984 2424 3312 2481 Evurhardi
3347 2426 3451 2481 ﬁlii
3473 2429 3664 2497 (271),

1989 2512 2057 2564 ut
2087 2509 2207 2564 fera
2236 2508 2325 2543 ¹⁰³⁸
2356 2508 2697 2564 saevissima
2728 2514 3057 2568 acueretur.
3092 2514 3296 2586 Itaque
3340 2515 3425 2570 illi
3458 2516 3667 2572 fortis-

1988 2597 2139 2654 simo
2170 2597 2698 2670 subpeditante1m
2730 2599 2983 2658 fortium
3025 2602 3286 2660 militum
3320 2622 3523 2674 manu,
3555 2607 3666 2663 ad-

1986 2703 2153 2744 verso
2182 2686 2460 2743 exercitui
2492 2688 2634 2744 dum
2659 2705 2857 2747 novus
2883 2706 3117 2764 semper
3142 2693 3451 2766 additur,a
3480 2697 3666 2752 meri-

1988 2775 2083 2831 die
2114 2790 2301 2848 usque
2331 2773 2391 2831 in
2428 2791 2746 2847 vesperum
2780 2779 3148 2849 protrahitur
3197 2781 3450 2852 bellum;
3486 2788 3669 2841 nocte

1986 2864 2254 2936 praelium
2283 2863 2656 2932 dissolvitur,
2681 2865 2880 2922 nullus
2909 2867 3158 2925 victoria
3187 2869 3439 2928 laetatur.

2061 2954 2147 3010 18.
2173 2953 2292 3009 Rex
2315 2957 2512 3009 autem
2547 2953 2702 3010 circa
2743 2953 3034 3013 Kalendas
3048 2956 3191 3012 Julii
3208 2959 3297 2995 ¹⁰⁴⁰
3314 2963 3472 3016 moto
3493 2976 3672 3017 exer—

1986 3043 2129 3109 citu,
2145 3041 2328 3098 armis
2358 3040 2548 3096 ﬁlium
2581 3057 2982 3116 generumque
3013 3061 3281 3116 quaerere
3317 3049 3672 3121 temptavit;

1986 3130 2186 3187 obvias
2217 3129 2392 3184 urbes
2421 3130 2607 3200 partis
2640 3129 2896 3185 adversa:
2933 3135 3036 3187 aut
3071 3134 3257 3190 armis
3282 3136 3439 3208 cepit
3468 3141 3575 3193 aut
3610 3139 3675 3194 in

1996 3218 2355 3274 deditionem
2385 3217 2631 3289 accepit,
2654 3233 2958 3291 quousque
2997 3220 3363 3291 Mogontiam
3394 3227 3677 3295 perveni—

2002 3311 2111 3373 ret,
2134 3322 2310 3378 quam
2343 3304 2502 3361 ﬁlius
2533 3321 2668 3361 cum
2698 3306 2956 3362 exercitu
2990 3307 3257 3377 intravit,
3291 3315 3679 3387 patremque,

2000 3395 2162 3452 dictu
2184 3393 2269 3429 1°“
2305 3392 3011 3461 miserabilius,armatus
3042 3398 3390 3468 expectavit.
3412 3399 3500 3456 lbi
3530 3402 3677 3474 plus

1998 3498 2176 3555 quam
2214 3479 2382 3535 civile
2402 3484 2462 3536 et
2477 3479 2637 3536 omni
2668 3479 3003 3539 calamitate
3022 3485 3292 3541 acerbius
3309 3486 3536 3546 bellum
3556 3508 3676 3548 cm-

1994 3576 2192 3644 ptum;
2226 3568 2424 3625 multae
2458 3569 2743 3625 machinae
2767 3573 2956 3630 muris
2977 3574 3251 3640 admotae,
3268 3576 3370 3631 sed
3395 3576 3469 3633 ab
3492 3579 3674 3637 urba-

1994 3661 2087 3717 nis
2115 3660 2428 3715 destructm
2454 3658 2543 3694 ¹⁰⁴²
2571 3657 2662 3714 vel
2693 3658 2973 3728 incensae;
3008 3663 3224 3718 crebras
3271 3668 3408 3720 ante
3456 3670 3670 3738 portas

1989 3765 2220 3822 pugnaa,
2234 3763 2365 3803 raro
2383 3747 2713 3804 forinsecus
2732 3749 3018 3806 stationes
3033 3750 3121 3786 ¹⁰⁴³
3142 3752 3666 3814 fusaa.Cunctando

1986 3836 2146 3893 enim
2169 3853 2263 3892 res
2276 3837 2371 3871 ¹⁰⁴⁸
2391 3836 2675 3891 universae
2707 3836 3034 3898 variavere.
3058 3838 3201 3896 dum
3224 3841 3663 3900 dominatorem

1985 3926 2149 3998 regni
2176 3927 2264 3961 ¹⁰⁴⁵
2292 3924 2461 3992 foris,
2487 3924 2653 3980 intus
2675 3942 3079 3983 successorem
3104 3928 3467 3985 metuebant.
3490 3931 3666 3987 Obsi-

1983 4016 2079 4070 dio
2114 4014 2311 4087 itaque
2346 4014 2492 4068 dum
2526 4012 2834 4086 sexaginta
2862 4015 3044 4071 ferme
3076 4015 3202 4073 dies
3222 4018 3310 4053 ¹⁰⁴⁶
3329 4020 3662 4092 excederet,

1981 4120 2174 4159 sermo
2205 4103 2270 4157 ﬁt
2296 4103 2366 4157 de
2407 4117 2578 4174 pace;
2612 4103 2772 4157 unde
2804 4103 2982 4158 datus
3011 4108 3103 4161 est
3132 4105 3306 4162 obses
3338 4105 3397 4160 in
3444 4107 3658 4165 urbem

222 4198 366 4253 dum
384 4197 493 4250 1°".
529 4193 638 4251 Ubi
665 4209 801 4248 cum
831 4193 1011 4249 frater
1056 4191 1209 4266 regis
1257 4190 1567 4247 Heinricus
1613 4192 1865 4259 adesset,
1902 4177 1946 4241 Ι)
1990 4190 2387 4248 consobrinus
2404 4190 2561 4263 regis
2584 4192 2715 4259 (272
2730 4190 3338 4266 Ecberhtus)‘°"',quo
3358 4193 3543 4252 libera
3559 4197 3660 4253 via

1570 4313 1834 4372 VARL/E
1872 4314 2293 4372 LECTIONES.

1329 4437 1416 4473 ¹⁰⁰⁷
1446 4437 1747 4494 valeamus
1770 4440 1826 4495 3.

1246 4510 1333 4545 non
1355 4525 1484 4566 esse
1513 4510 1580 4566 Α⁸
1695 4510 1783 4545 1013

1142 4581 1230 4621 ιοίτ
1256 4580 1486 4646 (186312,
1516 4583 1571 4635 7.
1671 4581 1759 4616 ams

1330 4652 1418 4687 ¹⁰²³
1450 4649 1710 4707 fridislar
1737 4649 1801 4709 Α.

294 4445 380 4480 ίοοθ
405 4442 712 4499 dominum
742 4444 876 4513 post
903 4444 1129 4512 patrem
1158 4442 1213 4495 2.

220 4518 333 4572 bus
363 4516 560 4571 desunt
590 4515 644 4569 1.
752 4512 844 4547 ⁷¹⁰¹¹
879 4516 1042 4584 aput.
1115 4554 1129 4566 .

222 4588 310 4623 ¹⁰¹⁵
332 4587 571 4642 initium
603 4587 653 4641 1.
687 4585 775 4620 ¹⁰¹⁶
805 4583 945 4639 facit
972 4586 1024 4638 2.

222 4660 307 4695 ιοει
340 4658 484 4714 deest
511 4660 577 4712 A.
608 4660 665 4724 2,
695 4657 750 4711 3.
866 4655 953 4689 ιοεε
983 4653 1138 4724 actis
1160 4655 1212 4708 2.

222 4731 308 4765 ¹⁰³⁷
335 4729 635 4784 εωνίοιιθω
654 4722 731 4781 VA.
762 4726 814 4780 3.
932 4725 1021 4759 ¹⁰²³
1052 4722 1390 4779 Britannico
1418 4723 1474 4778 3.

221 4801 310 4835 ¹ο³³
339 4799 435 4854 hic
464 4802 589 4854 erat
622 4798 671 4852 1.
784 4796 875 4832 “’3‘
904 4792 1202 4850 uulelmus
1236 4796 1286 4850 1.
1319 4792 1664 4850 wilhelmus
1695 4796 1760 4849 A.
1794 4796 1847 4850 3.

219 4872 365 4925 bene
393 4872 449 4923 7.
563 4868 651 4903 ¹⁰³⁸
682 4883 813 4921 sera
844 4867 895 4920 1.
968 4936 971 4937 ν
1010 4867 1099 4901 ¹⁰³⁹
1129 4869 1479 4937 suppetente
1507 4866 1561 4920 3.

218 4942 414 4997 desunt
438 4942 504 4994 A.
619 4938 707 4972 1°“
739 4936 1013 4992 stationis
1042 4939 1107 4992 A.
1208 4936 1313 4972 "0“
1344 4954 1443 4991 rex
1474 4936 1519 4993 1.

217 5016 272 5082 2,
303 5014 359 5067 6.
389 5025 616 5081 semper.
652 5008 923 5064 echertus
952 5010 1018 5063 A.
1052 5009 1108 5065 3.
1136 5024 1365 5080 semper.

1941 4440 2030 4475 ¹⁰⁰⁸
2057 4439 2441 4495 ministrabat
2470 4442 2527 4493 2.

1814 4528 1871 4583 q.
1904 4509 2155 4583 infantia
2183 4514 2238 4566 2.

1791 4580 2069 4654 publicos,
2086 4580 2295 4654 hostes
2319 4581 2372 4654 3.

1918 4654 2009 4689 ¹⁰²⁴
2039 4650 2433 4707 discutiendis
2463 4651 2522 4720 3,
2550 4653 2608 4706 7.

1589 4723 1679 4759 ¹⁰²⁹
1702 4723 1847 4780 deest
1872 4725 1927 4780 3.

1963 4793 2052 4828 1035

1695 4796 1760 4849 A.
1794 4796 1847 4850 3.
1963 4794 2052 4828 ¹⁰³⁵
2080 4794 2226 4850 deest
2254 4794 2308 4849 3.
2424 4794 2515 4828 ¹⁰³⁶
2545 4794 2734 4849 sumit
2765 4796 2813 4850 1.
2900 4794 2989 4829 ¹⁰³⁷
3023 4809 3300 4850 exercens
3325 4798 3382 4860 2,
3417 4796 3473 4864 3,
3490 4794 3647 4851 exhi-

1674 4866 1765 4900 ¹⁰⁴⁰
1792 4868 1838 4921 Α
1858 4862 2045 4936 julias
2078 4866 2129 4920 3.
2214 4865 2299 4900 ¹⁰⁴¹
2328 4863 2484 4936 dicto
2517 4865 2569 4920 1.
2597 4863 2743 4921 deest
2769 4865 2825 4921 3.
2903 4865 2993 4936 ’0‘?
3023 4865 3210 4921 muris
3231 4896 3301 4906 —
3331 4865 3647 4921 destructas

1639 4937 1727 4971 ¹⁰⁶⁸
1752 4954 1958 5011 regens
1986 4939 2042 4991 2.

2646 4437 2748 4510 ¹⁰⁰⁹ί
2761 4438 3063 4510 petierunt
3089 4441 3144 4497 3.
3259 4440 3346 4476 ¹⁰¹⁰
3369 4440 3431 4495 in
3461 4440 3652 4496 omni.

2358 4510 2450 4545 ¹⁰¹⁸
2485 4511 2534 4565 1.
2568 4526 2604 4564 a
2635 4509 2818 4566 verbis
2846 4513 2941 4566 est
2967 4510 3088 4565 ﬁlio
3119 4510 3217 4567 hoc
3245 4512 3361 4567 inci
3402 4513 3444 4567 it
3467 4528 3532 4566 ea

2360 4622 2372 4635 .
2490 4580 2579 4615 ¹⁰¹⁹
2615 4580 3016 4636 necessarium
3049 4583 3100 4639 3.
3203 4582 3292 4618 ¹⁰²⁰
3321 4522 3623 4639 aiiauodmi

2717 4598 3016 4636 :essarlum
3049 4598 3100 4639 ὅ.
3204 4598 3292 4618 ³¹¹¹υ
3321 4598 3559 4655 auquou
3599 4598 3649 4637 1ο

2726 4652 2817 4725 ιβιδ
2849 4651 2970 4707 illis
2997 4654 3052 4708 3.
3074 4653 3225 4725 “itm
3244 4657 3562 4725 propterea
3591 4653 3648 4707 3.

2044 4670 2433 4707 discutiendis
2463 4670 2522 4720 δ,
2560 4670 2608 4706 ι.
2726 4670 2817 4687 ww
2849 4670 2970 4707 uns
2997 4670 3052 4708 ὅ.
3138 4670 3225 4687 ww
3297 4670 3562 4725 ropterea
3591 4670 3648 4707 ὅ.

2044 4724 2133 4758 ¹⁰³⁰
2163 4728 2223 4778 et
2248 4724 2304 4778 3.
2338 4739 2426 4779 ac.
2450 4724 2487 4776 7
2600 4722 2687 4757 ¹⁰⁸¹
2720 4722 2866 4779 deest
2892 4727 2948 4778 2.
3069 4723 3159 4758 “’3’
3345 4740 3460 4781 non
3509 4725 3565 4790 3,
3590 4726 3653 4777 7-

2424 4793 2515 4828 ¹⁰³⁶
2545 4793 2734 4864 sumit
2765 4796 2813 4850 1.
2900 4794 2989 4829 ¹⁰³⁷
3023 4809 3300 4850 exercens
3325 4798 3382 4860 2,
3417 4796 3473 4864 3,
3490 4793 3651 4851 exhi-

2157 4936 2245 4972 ¹⁰⁴⁶
2279 4935 2567 4992 desierme
2602 4937 2653 5003 1,
2682 4936 2735 4993 3.
2825 4936 2913 4971 ¹⁰⁴⁷
2934 4935 3234 4993 elberhtus
3265 4937 3318 4992 1.
3341 4935 3643 5003 ekbertuS.

1808 5112 2043 5169 ΝΟΤᾸΞ.

208 5280 217 5285 -
290 5232 442 5299 (267)
472 5229 604 5285 Otto
636 5227 793 5283 ﬁlius
824 5232 1000 5285 natus
1030 5232 1120 5285 est
1149 5244 1202 5284 a.
1233 5227 1364 5297 955,
1396 5227 1442 5283 si
1496 5225 1662 5284 Cont.
1700 5226 1869 5300 Regi-

224 5303 399 5360 nonis
431 5302 605 5355 ﬁdem
642 5301 989 5371 praebemus.

293 5377 438 5441 (268)
471 5374 514 5426 l.
547 5389 596 5437 e,
631 5368 949 5438 Mahtildis,
983 5387 1159 5441 quam
1192 5372 1342 5424 Ann.
1363 5368 1565 5436 Quedl.
1590 5371 1647 5424 et
1677 5371 1869 5440 ipsam

293 5389 438 5441 (208)
472 5389 514 5426 ι.
547 5389 596 5437 e,
632 5389 949 5438 manumis,
983 5389 1159 5496 (suam

222 5464 276 5501 a.
312 5447 417 5499 955
449 5449 646 5497 natam
685 5441 867 5496 fuisse
897 5447 987 5497 tra
1035 5445 1159 5495 unt.

292 5515 442 5585 (209)
472 5514 589 5567 Hoc
614 5513 737 5567 loco
760 5513 1030 5585 quamvis
1064 5529 1177 5567 non
1204 5511 1710 5585 addendum,cum
1746 5510 1871 5566 Rei-

224 5582 419 5642 neccio
448 5589 646 5640 tamen
678 5582 1073 5654 supplendum
1095 5600 1223 5638 esse
1240 5583 1502 5637 videtur:
1533 5583 1710 5650 Quare
1745 5599 1871 5637 cum

224 5662 284 5713 in
312 5658 612 5712 StL’lftlItillm
639 5659 984 5727 perrexisset.
1021 5655 1105 5710 Cf.
1137 5655 1301 5727 Cont.
1340 5655 1477 5727 Reg.
1512 5670 1565 5708 a.
1596 5654 1722 5708 953.

292 5729 441 5797 (270)
474 5724 747 5797 Datianus
778 5724 977 5797 procul
1032 5726 1209 5781 dubio
1257 5724 1445 5790 idem,
1470 5742 1644 5797 quem
1689 5741 1868 5797 supra

222 5795 316 5867 (Il.
356 5800 442 5867 18)
474 5796 620 5854 Dadi
674 5795 1017 5853 nominavit.
1067 5798 1151 5853 Cf.
1205 5795 1526 5854 Wedekin’d
1578 5795 1761 5852 Noten
1814 5796 1863 5849 1.

2051 5227 2202 5296 (271)
2223 5226 2556 5283 Conradum
2596 5226 2921 5283 Eberhardi
2964 5226 3132 5283 ducis
3172 5227 3525 5283 Francorum
3577 5225 3646 5279 ﬁ-

1980 5297 2155 5371 lium,
2185 5314 2315 5353 esse
2371 5297 2745 5371 habendum,
2772 5296 2871 5353 alii
2934 5301 3223 5371 negarunt
3265 5296 3544 5371 (Wpeﬁnck:
3564 5296 3645 5371 11,

1979 5384 2038 5495 Β.
2070 5369 2179 5424 655
2210 5386 2267 5449 n.
2290 5368 2506 5437 a.),a1ii
2540 5367 2931 5450 defenderunt
2952 5367 3230 5439 (L'eutsch
3260 5369 3413 5449 p.310
3443 5386 3500 5424 n.
3520 5368 3642 5434 75).

2031 5456 2061 5495 e
2092 5440 2290 5495 nrzelio
2341 5439 2450 5495 hoc
2507 5444 2714 5495 contra
2773 5441 3131 5495 Reginorum
3176 5443 3453 5495 conntem
3488 5455 3642 5493 com-

2031 5456 2061 5495 e
2091 5440 2290 5511 praelio
2341 5439 2450 5511 hoc
2507 5444 2714 5496 contra
2773 5440 3131 5511 Reginorum
3176 5439 3453 5496 comitem
3488 5455 3647 5493 com-

1981 5510 2163 5565 misso
2195 5510 2269 5565 cf.
2303 5510 2666 5567 Flodoardus
2706 5528 2758 5566 a.
2793 5510 2920 5567 953.

2049 5584 2201 5650 (272)
2233 5581 2312 5637 De
2348 5582 2695 5653 cognatione
2725 5582 2854 5653 ejus
2888 5581 2960 5637 cf.
2991 5582 3143 5637 Ann.
3175 5579 3380 5653 Quedl.
3414 5595 3469 5653 a_.
3499 5576 3638 5653 955;

1978 5652 2175 5779 ignium
2226 5656 2284 5708 et
2337 5649 2794 5709 Wibhmannum
2836 5653 3137 5731 juniorem
3185 5652 3395 5707 fratres
3430 5649 3639 5730 fuisse,

2022 5723 2210 5779 chcidl
2244 5724 2368 5779 Orr.
2407 5724 2595 5779 Guelf.
2630 5723 2727 5779 IV.
2760 5742 2818 5779 ο.
2850 5726 2956 5779 568
2988 5741 3117 5779 sua.
3142 5741 3201 5779 n.
3236 5722 3527 5779 nmbawt.

2022 5723 2210 5780 chcidl
2244 5724 2368 5781 Orr.
2407 5724 2595 5782 Guelf.
2630 5723 2727 5785 IV.
2760 5742 2818 5795 p.
2839 5720 2956 5779 568
2988 5741 3117 5796 sqq.
3142 5741 3201 5779 n.
3236 5720 3527 5795 probavit.
