3868 6498
175 542 284 599 19³1

1176 540 1320 600 RES
1367 535 1644 601 GESTIE
1689 533 2130 599 SAXONICIE.
2180 570 2254 580 -—
2300 535 2444 597 LIB.
2495 534 2577 598 lll

3466 540 3581 600 198

167 677 433 729 emerunt
462 674 553 709 ¹²⁰⁶
582 689 650 728 ex
679 673 765 729 eis
796 674 868 730 ad
901 674 990 709 ¹²⁰⁷
1024 673 1452 746 quinquaointa
1480 672 1635 727 viros
1670 671 1820 727 fmda
1847 672 1903 739 Α
1933 670 2048 726 Sed
2100 681 2217 726 neu
2249 671 2391 726 adeo
2425 671 2533 739 ωδ,
2570 671 2876 726 incruenta
2923 672 3164 726 victoria
3219 673 3327 727 fuit
3357 674 3430 728 de
3461 680 3581 730 tam

169 763 254 798 ¹²⁰⁰
282 763 421 835 fuga
449 768 787 819 nostrorum
822 764 995 819 facta.

234 852 318 907 46.
354 853 457 908 “0’.
497 853 712 925 Ingens
742 853 970 908 interea
1000 869 1179 925 pavor
1223 867 1461 907 omnem
1511 851 1823 907 Saxoniam

163 938 452 1013 trepidam
484 959 588 1013 pro
628 958 762 1015 rege
794 946 851 997 et
882 941 1139 996 exercitu
1174 942 1263 976 ¹¹¹⁰
1294 942 1422 1011 ejus
1470 957 1575 1012 pro
1625 940 1734 994 hac
1766 954 1825 993 re

166 1030 411 1087 adversa
446 1031 531 1064 ¹²¹¹
566 1030 799 1085 invasit.
836 1030 1161 1085 Terrebant
1208 1045 1315 1083 nos
1367 1033 1646 1100 przeterea
1688 1044 1825 1098 por-

165 1120 327 1174 tenta
355 1118 661 1174 inusitata.
701 1117 947 1190 Templa
978 1118 1230 1190 denique
1263 1117 1558 1189 plerisque
1592 1116 1651 1169 in
1683 1115 1828 1171 locis

168 1209 517 1278 tempestate
527 1206 723 1263 valida
734 1224 1022 1263 concussa
1034 1207 1366 1262 visentibus
1380 1210 1437 1260 et
1449 1204 1828 1261 audientibus

169 1294 467 1351 horrorem
495 1296 747 1352 nimium
766 1297 1068 1351 incussere
1089 1313 1102 1362 ;
1125 1295 1432 1367 utriusque
1452 1311 1627 1349 sexus
1644 1310 1831 1350 sacer-

176 1384 344 1439 dotes
378 1384 499 1443 ictu
534 1383 802 1442 fulminis
831 1384 1203 1451 interierunt,
1240 1388 1298 1439 et
1329 1382 1445 1438 alia
1493 1382 1683 1438 multa
1728 1380 1830 1438 illo

171 1477 435 1544 tempore
467 1473 842 1545 contigerunt
875 1474 1036 1527 dictu
1079 1472 1371 1527 horrenda
1420 1476 1478 1526 et
1524 1475 1831 1542 propterea

174 1560 344 1617 nobis
360 1562 781 1632 praetereunda.
799 1561 1015 1616 Totum
1034 1560 1266 1631 pondus
1288 1558 1830 1629 praeliiexadverso

160 1648 292 1718 jam
325 1650 534 1705 adesse
564 1652 656 1685 ¹¹¹²
679 1649 1050 1721 conspiciens
1084 1665 1202 1714 rex,
1236 1646 1582 1702 exhortandi
1605 1647 1830 1717 αδδιτι-

171 1737 257 1793 tia
280 1737 573 1796 allocutus
602 1745 693 1796 est
723 1739 913 1795 socios
947 1739 1037 1775 ¹²¹⁴
1067 1738 1175 1793 hoc
1207 1736 1380 1792 modo
1407 1752 1421 1792 :
1450 1734 1594 1808 Opus
1624 1735 1832 1790 essems

168 1827 329 1883 nobis
362 1828 624 1885 bonorum
674 1830 992 1884 animorum
1014 1827 1103 1863 ¹²¹⁶
1136 1829 1196 1882 in
1246 1825 1349 1881 hac
1392 1832 1542 1882 tanta
1594 1825 1832 1880 necessi-

167 1924 299 1982 tate,
331 1918 537 1973 milites
582 1919 712 1986 mei,
756 1931 849 1971 vos
899 1917 1016 1987 ipse
1061 1914 1282 1981 videtis,
1315 1915 1412 1986 qui
1460 1912 1667 1969 hostem
1722 1927 1834 1968 non

167 2007 330 2077 longe
358 2005 452 2061 sed
478 2021 661 2062 coram
688 2006 928 2077 positum
966 2005 1230 2060 toleratis.
1265 2006 1544 2058 Hactenus
1573 2003 1724 2057 enim
1753 2002 1837 2056 in-

161 2095 348 2165 pigris
361 2093 621 2149 manibus
637 2095 829 2149 vestris
850 2109 914 2149 ac
941 2094 1115 2148 armis
1135 2107 1347 2164 semper
1368 2092 1588 2147 invictis
1605 2090 1842 2163 gloriose

165 2197 331 2249 usus,
358 2190 514 2238 extra
540 2182 719 2238 solum
744 2190 797 2238 et
826 2182 1121 2253 imperium
1144 2196 1329 2236 meum
1352 2179 1565 2251 ubique
1592 2181 1706 2234 vici
1726 2179 1838 2250 "‘7,

164 2277 225 2327 et
251 2286 402 2325 nunc
430 2272 489 2326 in
528 2278 679 2326 terra
730 2285 849 2326 mea
895 2278 946 2325 et
993 2285 1158 2341 regno
1214 2284 1332 2325 meo
1391 2276 1542 2339 terga
1593 2271 1839 2323 vertam!

165 2360 515 2431 Superamur
540 2361 653 2416 seio
681 2358 1061 2424 multitudine,
1089 2357 1183 2414 sed
1206 2374 1317 2413 non
1347 2358 1568 2421 virtute,
1599 2357 1691 2412 sed
1726 2372 1839 2411 non

166 2451 386 2515 armis;
414 2450 663 2503 maxime
688 2450 840 2503 enim
864 2464 936 2503 ea:
960 2456 1118 2519 parte
1143 2446 1320 2502 nudos
1354 2447 1481 2502 illos
1532 2449 1704 2501 armis
1730 2462 1840 2501 om-

164 2538 339 2593 nibus
361 2538 579 2609 penitus
607 2538 976 2607 cegnovimus,
1010 2543 1060 2591 et
1089 2534 1231 2607 quod
1278 2536 1519 2590 maximi
1557 2542 1637 2590 est
1679 2535 1837 2590 nobis

166 2627 383 2696 solatii,
413 2626 630 2681 auxilio
666 2626 785 2680 Dei.
818 2625 937 2680 Illis
987 2632 1067 2680 est
1111 2624 1230 2680 sola
1281 2639 1383 2695 pro
1437 2639 1598 2679 muro
1655 2623 1837 2680 auda-

166 2717 276 2780 tia,
315 2714 401 2749 ¹²¹⁸
432 2713 590 2769 nobis
637 2730 757 2785 spes
805 2721 858 2769 et
909 2715 1166 2785 protectio
1223 2712 1436 2769 divina.
1474 2712 1684 2768 Pudeat
1718 2714 1840 2785 jam

163 2820 327 2858 nunc
353 2802 600 2859 dominos
647 2806 788 2874 pene
835 2804 999 2859 totius
1045 2803 1293 2875 Europae
1345 2803 1592 2858 inimicis
1636 2819 1837 2857 manus

163 2891 326 2948 dare.
364 2892 556 2947 Melius
605 2891 766 2959 bello,
795 2892 846 2946 si
881 2893 1013 2963 ﬁnis
1056 2890 1287 2963 adjacet,
1316 2891 1522 2947 milites
1566 2888 1698 2958 mei,
1729 2890 1839 2962 glo-

163 2984 322 3037 riose
346 2982 677 3049 moriamur,
712 2997 877 3053 quam
904 2981 1135 3053 subjecti
1160 2978 1403 3036 hostibus
1443 2982 1613 3035 vitam
1658 2983 1837 3035 servi-

162 3072 308 3127 liter
349 3070 632 3140 ducamus,
674 3077 771 3126 aut
815 3078 957 3126 certe
998 3086 1150 3125 more
1202 3069 1482 3124 malarum
1541 3069 1839 3124 bestiarum

159 3159 462 3230 strangqu
490 3158 828 3229 deﬁciamus.
863 3158 1039 3213 Plura
1069 3157 1343 3229 loquerer.
1372 3157 1578 3213 milites
1625 3159 1758 3218 mei.
1787 3158 1838 3211 si

158 3265 393 3306 nossem
420 3248 601 3303 verbis
637 3250 895 3303 virtutem
941 3247 1026 3303 vel
1073 3246 1377 3302 audatiam.
1403 3246 1611 3301 animis
1644 3248 1837 3301 vestris

160 3339 393 3411 augeri.
427 3336 577 3392 Modo
597 3337 798 3391 melius
826 3334 1030 3407 gladiis
1060 3351 1227 3407 quam
1257 3335 1466 3405 linguis
1504 3334 1839 3405 colloquium

1934 775 2085 814 sazva
2114 762 2298 831 gente.

2008 866 2092 920 47.
2127 865 2428 921 Conradus
2471 865 2685 938 quippe
2720 866 2838 921 dux
2870 866 2978 934 “’7,
3014 866 3243 921 fortiter
3287 882 3580 939 pugnans,

1938 953 2120 1009 animi
2155 955 2373 1009 fervore
2405 953 2663 1026 solisque
2701 955 2929 1022 ardore,
2960 955 3057 1026 qui
3107 972 3173 1009 eo
3221 955 3315 1011 die
3365 955 3586 1011 nimius

1938 1048 2081 1109 erat,
2115 1059 2430 1098 acccensus
2462 1045 2690 1110 :estuat,
2724 1043 3048 1115 vinclisque
3082 1045 3167 1078 ¹²²⁸
3198 1043 3584 1114 solutis,dum

1899 1153 1902 1158 ·
1939 1146 2148 1185 aurum
2179 1134 2394 1200 captat,
2428 1128 2668 1185 vulnere
2701 1132 2925 1202 sagitta:
2958 1131 3198 1185 adverso
3220 1132 3476 1201 gutturis
3497 1132 3590 1186 de-

1938 1219 2064 1272 fixa:
2088 1218 2263 1273 cadit.
2285 1219 2466 1290 Cujus
2486 1221 2881 1290 corpusjuxta
2902 1218 3054 1289 regis
3078 1218 3389 1291 imperium
3414 1220 3589 1275 hono-

1939 1305 2098 1361 riﬁce
2130 1305 2437 1362 collectum
2470 1311 2908 1380 transportatur
2936 1308 3319 1364 Wormatiam
3345 1308 3452 1377 “’9,
3477 1309 3586 1363 ibi-

1941 1411 2054 1468 que
2088 1396 2371 1467 sepelitur
2417 1397 2503 1451 vir
2549 1397 2707 1453 omni
2756 1397 2970 1452 virtute
3022 1397 3204 1453 animi
3244 1401 3301 1453 et
3333 1397 3590 1470 corporis

1942 1501 2194 1558 magnus
2208 1490 2382 1557 atque
2399 1486 2820 1553 famosus,cum
2840 1486 2975 1540 fletu
2993 1491 3049 1541 et
3066 1486 3303 1557 planctu
3325 1487 3591 1542 omnium

1942 1573 2320 1629 Francorum.

2015 1690 2100 1744 48.
2138 1690 2281 1744 Tres
2331 1690 2509 1745 duces
2558 1691 2751 1763 gentis
2802 1690 3066 1763 Ungariae
3126 1692 3301 1763 capti.
3344 1692 3595 1767 ducique

1944 1776 2212 1833 Heinrico
2243 1779 2599 1849 praesentati,
2635 1778 2792 1835 mala
2839 1784 3044 1848 morte,
3077 1785 3144 1835 ut
3193 1779 3353 1853 digni
3404 1787 3592 1849 erant,

1945 1865 2180 1922 multati
2234 1867 2323 1901 ¹³³⁰
2376 1872 2556 1936 sunt;
2621 1868 2942 1940 suspendio
3025 1885 3280 1942 namque
3355 1886 3594 1942 crepue-

1945 1959 2100 2011 runt

1867 2040 1916 2107 Β
2016 2060 2104 2118 49.
2139 2063 2462 2135 Triumpho
2494 2063 2707 2120 celebri
2743 2081 2842 2120 rex
2875 2065 3064 2121 factus
3085 2065 3379 2138 gloriosus
3402 2067 3594 2134 ‘9‘",ab

1948 2151 2205 2208 exercitu
2236 2157 2402 2224 pater
2428 2154 2630 2226 patria:
2662 2154 3094 2227 imperatorque
3123 2154 3452 2227 appellatus
3484 2161 3591 2214 est.

1948 2238 2208 2296 Decretis
2238 2241 2482 2312 proinde
2510 2241 2832 2298 honoribus
2852 2245 2910 2298 et
2929 2243 3124 2316 dignis
3144 2243 3421 2300 laudibus
3443 2262 3599 2302 sum-

1948 2343 2057 2383 mie
2090 2329 2381 2385 divinitati
2412 2346 2517 2402 per
2547 2329 2812 2404 singulas
2850 2330 3147 2401 ecclesias,
3177 2337 3235 2389 et
3283 2333 3393 2389 hoc
3442 2334 3598 2390 idem

1947 2421 2165 2472 sanctae
2196 2419 2372 2475 matri
2402 2420 2531 2491 ejus
2562 2436 2666 2492 per
2694 2420 2934 2476 nuntios
2958 2421 3321 2480 demandans
3345 2424 3597 2492 m’,cum

1948 2506 2205 2578 tripudio
2223 2524 2288 2563 ac
2307 2525 2541 2565 summa
2561 2508 2759 2564 laetitir
2779 2509 3089 2567 Saxoniam
3107 2510 3292 2567 victor
3306 2530 3595 2581 reversus,

1945 2611 1980 2649 a
2010 2594 2227 2666 populo
2273 2612 2381 2652 suo
2414 2598 2524 2667 "33,
2573 2597 2969 2655 libentissime
3017 2599 3375 2672 suscipitur;
3410 2618 3599 2674 neque

1947 2685 2104 2739 enim
2138 2689 2304 2741 tanta
2323 2686 2568 2742 victoria
2587 2687 2903 2761 quisquam
2921 2706 3124 2761 regum
3141 2689 3298 2747 intra
3314 2692 3599 2749 ducentos

1948 2788 2139 2828 annos
2169 2773 2321 2843 (290)
2352 2778 2487 2830 ante
2517 2792 2652 2831 eum
2685 2777 2917 2833 fietatus
2945 2783 3051 2833 est.
3088 2779 3257 2849 [Nam
3300 2779 3411 2851 ipsi
3445 2780 3598 2837 bello

1946 2860 2235 2934 Ungarico
2284 2865 2546 2933 aberant,
2594 2864 2899 2922 Slavanico
2930 2867 3022 2902 "3‘
3052 2868 3358 2923 certamini
3406 2886 3597 2925 reser-

1944 2951 2060 3005 vati
2094 2952 2229 3023 ¹²³⁵.]

2016 3069 2106 3122 50.
2139 3068 2343 3140 Igitur,
2379 3073 2445 3124 ut
2474 3087 2654 3142 supra
2683 3070 3017 3140 retulimus,
3050 3089 3185 3127 cum
3237 3073 3507 3129 deﬁceret
3537 3075 3597 3129 in

1947 3156 2174 3211 ratione
2207 3142 2507 3214 reddenda
2536 3164 2739 3215 contra
2769 3178 2944 3216 suum
2965 3162 3604 3233 patruum‘Wichman-

1946 3260 2079 3312 nus,
2114 3245 2267 3300 intra
2293 3246 2585 3319 palatium
2616 3250 2966 3306 custoditur.
2995 3249 3141 3306 Cum
3173 3253 3519 3307 vero'mrex
3542 3252 3600 3307 in

1946 3333 2274 3406 Bojoariam
2306 3336 2600 3406 proﬁcisci
2631 3337 2808 3394 vellet
2840 3340 3014 3411 (291,)
3043 3340 3323 3396 simulata
3354 3341 3601 3396 inﬁrmi-

163 3405 521 3497 ineipiamus
540 3431 577 3481 !’
609 3425 683 3480 Et
728 3405 840 3479 his
880 3405 1083 3491 dictis,
1128 3427 1359 3496 arrepto
1417 3421 1603 3493 clipeo
1634 3422 1724 3457 ¹²¹⁹
1771 3434 1837 3476 ac
1869 3405 1912 3473 (ἶ
1950 3405 2089 3490 tate,
2124 3422 2249 3494 ipse
2274 3405 2381 3478 iter
2397 3425 2661 3497 negavit;
2689 3405 3125 3483 unde-monitus
3141 3428 3598 3501 abimperatore,

161 3533 353 3573 sacra
383 3513 605 3580 lancea,
640 3514 767 3585 ipse
798 3513 1026 3584 primus
1059 3528 1277 3583 equum
1306 3511 1366 3566 in
1397 3510 1599 3566 hostes
1643 3510 1839 3577 vertit,

164 3602 496 3663 fortissimi
531 3600 741 3658 militis
771 3618 838 3657 ac
857 3601 1065 3674 optimi
1087 3599 1460 3672 imperatoris
1475 3599 1845 3670 offncium'ge-

164 3709 337 3751 rens.
366 3691 635 3748 Hostium
670 3690 1012 3746 audaciores
1036 3690 1124 3724 ¹²²⁰
1146 3688 1406 3760 primum
1428 3687 1704 3743 resistere
1728 3688 1839 3755 m',

163 3782 397 3840 deinde
427 3785 493 3837 ut
522 3779 713 3836 socios
750 3779 1028 3834 viderunt
1078 3782 1244 3850 terga
1290 3780 1533 3844 vertere,
1566 3775 1841 3846 obstupe-

162 3871 322 3927 facti
358 3868 698 3940 nostrisque
749 3866 1095 3931 intermixti,
1128 3865 1571 3937 extinguuntur.
1602 3863 1844 3918 Caetero-

162 3976 313 4016 rum
348 3974 484 4014 vero
518 3955 639 4025 alii,
674 3956 844 4028 equis
894 3954 1178 4027 fatigatis,
1208 3952 1378 4009 villas
1425 3952 1720 4025 proximas
1761 3952 1843 4008 in-

154 4052 358 4114 trant,
419 4045 890 4116 circumfusique
951 4042 1218 4109 armatis,
1270 4058 1405 4097 cum
1465 4040 1698 4096 mceniis
1729 4042 1838 4109 ‘3”,

124 4138 131 4143 ’
159 4136 408 4209 pariter
440 4134 551 4199 “’3,
585 4136 1064 4199 concremantur;
1102 4129 1201 4186 alii
1244 4130 1462 4186 ﬂumen
1495 4129 1841 4202 contiguum

154 4228 649 4289 transnatantes,
682 4223 824 4277 dum
877 4221 1006 4293 ripa
1054 4219 1300 4276 ulterior
1332 4220 1422 4255 ¹²²⁴
1457 4219 1841 4275 ascendentes

151 4331 290 4371 non
312 4311 592 4381 sustinet,
623 4310 870 4366 flumine
891 4308 1282 4365 obvolvuntur
1300 4313 1358 4364 et
1379 4308 1729 4381 pereunLEo
1748 4308 1841 4364 die

151 4406 375 4460 castra
391 4400 614 4468 invasa,
632 4398 966 4472 captivique
988 4414 1193 4454 omnes
1214 4397 1432 4475 erepti;
1459 4395 1715 4453 secundo
1746 4395 1839 4451 die

153 4507 234 4549 ac
270 4489 452 4546 tertio
474 4503 511 4543 a
535 4487 752 4544 vicinis
771 4486 1021 4543 urbibus
1043 4484 1270 4559 reliqua
1291 4485 1611 4542 multitudo
1632 4483 1691 4540 in
1714 4488 1841 4541 tan-

152 4585 305 4635 tum
330 4578 684 4648 consumpta
700 4578 809 4645 est,
831 4578 897 4631 ut
912 4573 1116 4631 nullus
1132 4578 1236 4632 aut
1253 4591 1421 4631 rarus
1437 4572 1709 4630 evaderet
1726 4574 1836 4645 ωδ,
1867 4559 1917 4625 D

1952 3509 2093 3580 quia
2123 3510 2445 3565 destitutus
2474 3528 2508 3567 a
2527 3516 2691 3582 patre
2722 3517 2780 3568 et
2810 3519 2995 3569 matre
3028 3513 3153 3570 loco
3184 3516 3439 3572 filiorum
3467 3534 3600 3574 eum

1953 3614 2153 3653 assum
2161 3597 2344 3669 pserit
2359 3597 2798 3671 liberaliterque
2810 3601 2881 3657 ed
2891 3603 3164 3670 ucaverit,
3180 3603 3398 3658 honore
3418 3608 3601 3676 pater-

1952 3701 2027 3740 no
2058 3686 2919 3759 promoverit,rogatquemlme
2931 3690 2979 3745 ei
2996 3689 3326 3746 molestiam
3342 3691 3598 3761 inferret,

1951 3788 2087 3828 cum
2121 3772 2237 3828 alia
2268 3772 2439 3844 plura
2469 3779 2826 3846 gravaretur.
2861 3775 2946 3830 Ad
2978 3775 3097 3830 haec
3129 3776 3307 3832 nichil
3331 3777 3473 3834 utile
3503 3795 3602 3834 auo

1951 3861 2121 3917 diens
2150 3861 2467 3932 imperator
2496 3862 2790 3931 discessit,
2825 3866 3236 3920 commendato
3258 3882 3323 3921 eo
3343 3866 3600 3922 lboni'm

1950 3950 2171 4005 comiti.
2204 3950 2536 4022 Aliquantis
2567 3952 2776 4009 diebus
2800 3971 2935 4008 cum
2955 3970 3022 4009 eo
3046 3954 3283 4026 degens,
3310 3955 3452 4027 petit
3472 3962 3604 4028 post

1951 4038 2071 4094 haec
2123 4038 2374 4094 venandi
2429 4040 2621 4112 gratia
2678 4043 2768 4077 ¹²³⁹
2826 4042 3032 4098 silvam
3095 4044 3178 4099 ire
3238 4046 3328 4079 “‘0
3381 4044 3599 4101 liceret.

1950 4127 2035 4183 Ibi
2065 4128 2150 4162 ¹²⁴¹
2182 4129 2559 4184 absconditos
2591 4130 2781 4186 socios
2815 4147 3015 4187 secum
3057 4149 3320 4202 sumens,
3353 4134 3605 4206 perrexit

1951 4215 2009 4271 in
2043 4216 2315 4289 patriam,
2347 4221 2405 4272 et
2432 4219 2732 4290 occupatis
2764 4220 2855 4255 ¹²⁴²
2886 4220 3186 4292 aliquibus
3218 4224 3307 4258 ""3
3330 4223 3600 4293 urbibus,

1942 4307 2151 4379 juncto
2185 4305 2296 4360 sibi
2328 4305 2632 4375 Ecberbto,
2667 4325 2834 4363 arma
2864 4310 3046 4364 sumit
3074 4317 3277 4366 contra
3298 4312 3606 4383 imperato-

1958 4412 2103 4451 rem.
2137 4394 2435 4452 lndustria
2462 4400 2658 4452 autem
2707 4397 2876 4453 ducis
2924 4397 3261 4455 Herimanni
3311 4400 3480 4457 facile
3505 4418 3605 4458 eos

1948 4483 2263 4557 oppressit,
2291 4486 2458 4540 trans
2498 4483 2848 4557 Albiamque
2870 4487 2963 4522 ¹²⁴⁴
2988 4487 3199 4560 coegit.
3234 4484 3321 4544 Illi
3370 4504 3506 4544 cum
3539 4505 3601 4546 se

1958 4572 2282 4630 sensissent
2302 4573 2436 4629 duci
2458 4573 2728 4631 resistere
2750 4591 2864 4630 non
2888 4591 3080 4648 posse,
3104 4575 3467 4633 sociaverunt
3488 4576 3604 4635 siti

1546 4726 1789 4783 νΑΗιιΕ
1828 4726 2246 4784 LECTIONEB.

249 4855 421 4912 mmet
440 4856 813 4927 peremerunt
829 4855 885 4927 2.
955 4854 1050 4927 9°"
1063 4853 1208 4910 deest
1223 4855 1290 4908 A.

164 4930 278 4965 “"0
316 4923 606 4982 exercitui
637 4927 704 4980 A.
783 4926 866 4960 ¹²¹¹
901 4925 1143 4981 adverso
1175 4927 1227 4980 1.
1260 4924 1563 4980 adversam
1593 4925 1648 4979 3.
1681 4924 1896 4980 invasit
1934 4924 2176 4980 adversa
2203 4924 2268 4977 A.
2348 4923 2436 4957 ¹²¹²
2464 4940 2592 4977 esse
2622 4926 2675 4976 2.
2754 4925 2840 4957 ¹²¹³
2872 4924 3142 4978 hortandi
3195 4927 3244 4979 1.

1367 4854 1456 4888 ³³⁸³⁸
1486 4852 1630 4909 deest
1655 4856 1711 4907 2.
1788 4854 1879 4889 ¹²⁰⁹
1909 4852 2037 4909 inde
2068 4851 2133 4907 ab
2157 4852 2257 4907 hoc
2282 4861 2456 4922 capite
2483 4851 3048 4908 codicisnu-mericum
3064 4853 3598 4912 indieeconveniunt.

3352 4928 3440 4961 12M
3459 4928 3603 4984 deost

162 5003 223 5056 1.
280 4997 415 5053 add.
477 5014 617 5052 suos
665 4998 719 5052 3.
799 4996 887 5031 “‘5
917 5002 1072 5052 esset
1093 5000 1149 5051 2.
1227 4997 1317 5031 ¹²¹⁶
1344 4995 1515 5051 bonis
1564 4996 1840 5067 Operibus
1869 4995 1922 5050 3.
2001 4996 2088 5031 “"7
2120 4993 2226 5067 vici
2262 4993 2478 5065 ubique
2508 4999 2561 5048 2.
2618 4995 2730 5067 1"“
2760 4994 3005 5049 audacia
3031 5013 3135 5067 pro
3168 5014 3336 5051 muro
3365 5000 3431 5052 A.
3513 5001 3602 5034 ¹²¹⁹

153 5069 380 5199 gladio
412 5073 468 5123 et
498 5069 697 5149 clypeo
726 5069 779 5123 3.
860 5068 948 5150 ¹ξ²⁰
978 5068 1275 5148 auditores
1300 5069 1371 5149 .A.
1452 5067 1538 5102 ¹²²¹
1573 5064 1836 5145 restitere
1871 5069 1937 5121 A.
1971 5066 2024 5121 3.
2059 5064 2402 5144 restiterunt
2427 5068 2483 5119 6.
2564 5066 2652 5146 'f”
2684 5068 2954 5119 menibus
3109 5070 3163 5120 6.
3199 5139 3208 5149 .
3244 5069 3331 5102 “33
3363 5086 3598 5152 quoque

202 5186 218 5198 .
318 5141 410 5175 ¹²²⁴
438 5140 675 5194 ulterior
724 5140 747 5192 1
794 5137 965 5195 altior
991 5140 1057 5193 A.
1137 5140 1224 5173 ¹²²υ
1254 5138 1580 5194 discederet
1607 5140 1672 5192 A.
1752 5140 1839 5173 ¹²²⁶
1863 5138 2008 5193 deest
2064 5138 2115 5192 1.
2220 5138 2305 5170 m7
2338 5137 2454 5191 dux
2503 5153 2720 5199 quippe
2754 5138 2802 5190 1.
2880 5138 2968 5171 ¹²²³
2999 5137 3363 5199 Vinculisque
3411 5140 3598 5196 lorica:

202 5186 218 5198 .
318 5141 410 5175 ¹²²⁴
438 5137 675 5194 ulterior
724 5140 747 5192 1
794 5137 965 5195 altior
991 5140 1057 5193 A.

154 5217 223 5269 6.
311 5212 404 5247 “’9
433 5208 791 5265 uurmatiam
826 5212 877 5264 1.
910 5209 1263 5265 vormaciam
1296 5211 1349 5264 3.
1428 5210 1517 5244 ¹²³⁰
1548 5207 1703 5264 mala
1744 5239 1814 5250 —-
1857 5208 2090 5264 multati
2145 5208 2341 5263 desunt
2390 5209 2442 5262 1.

1137 5139 1224 5173 “’5
1254 5138 1580 5194 discederet
1607 5140 1672 5192 A.
1752 5140 1839 5173 ¹²²⁶
1863 5138 2008 5193 deest
2064 5138 2115 5192 1.

2220 5138 2305 5170 “’7
2338 5137 2454 5210 dux
2503 5137 2720 5210 quippe
2754 5138 2802 5210 1.
2880 5138 2968 5171 ¹²²³
2999 5137 3600 5210 vinculisque—lorica:

2542 5206 2930 5279 23{gloriosus
2990 5211 3178 5264 factus
3222 5206 3283 5264 1.“
3353 5213 3441 5246 ¹²³²
3470 5214 3596 5269 add.

150 5289 233 5359 ut
272 5285 335 5340 1.
406 5281 678 5359 f_’33_deest
702 5283 756 5337 3.
837 5282 929 5316 “3‘
956 5280 1290 5359 sclavonicgq
1313 5282 1368 5335 3.
1446 5281 1707 5359 ‘”3_nam
1738 5280 1851 5359 ipsi
1883 5311 1951 5320 —
1984 5278 2261 5359 reservati
2309 5278 2505 5359 desunt
2536 5278 2791 5359 1-1,;un
2837 5281 3087 5359 quampis
3132 5281 3430 5359 _g_lgssatori
3479 5286 3598 5340 cui-

149 5357 307 5414 dam
341 5353 518 5425 tribui
538 5361 776 5425 possent,
801 5368 971 5425 quam
1000 5360 1111 5425 tam
1132 5354 1186 5407 2.
1220 5353 1299 5425 (3)
1329 5368 1493 5424 quam
1522 5351 1583 5405 A.
1616 5350 1929 5425 exhibeant,
1977 5352 2222 5425 omittere
2267 5350 2444 5425 nolui.

2551 5350 2857 5427 ‘fmigitur
2900 5353 2966 5427 ᾼ.
2996 5352 3091 5427 3.“
3106 5424 3115 5427 _
3245 5360 3599 5427 rogatusque

144 5432 230 5505 2,_
257 5496 275 5505 _
438 5419 677 5505 bono-“2‘.
744 5419 847 5505 ’ξων
874 5428 1007 5505 post
1032 5423 1154 5505 haec
1185 5419 1424 5505 petit'ut
1449 5438 1608 5505 cum.
1627 5421 1885 5505 venandi
1918 5420 2106 5505 gratia
2262 5422 2359 5503 fw
2388 5419 2536 5505 inire
2564 5423 2619 5476 2.
2650 5419 2871 5476 intrare
2900 5423 2953 5476 3.
3034 5422 3117 5457 ¹²⁴¹
3151 5419 3350 5498 ibique
3380 5426 3432 5480 3.
3506 5419 3601 5460 “‘9

143 5496 299 5558 add.
337 5495 421 5552 ibi
450 5496 504 5551 3.
581 5494 672 5531 “‘3
703 5490 1071 5567 aliquibibus
1100 5496 1150 5549 1.
1186 5490 1206 5496 “
1231 5494 1321 5529 ¹²⁴¹ο
1350 5492 1829 5565 transabiamque
1854 5490 2117 5548 Aftrans
2145 5490 2459 5563 Albimque
2490 5493 2543 5546 3.

1774 5614 2008 5681 ΝΟΤίΕ.

228 5753 404 5830 (290)
424 5754 843 5830 _Widukindus
903 5753 975 5830 de
1025 5750 1252 5830 ΔΚειινειΙζΔ
1282 5748 1533 5830 Martelli
1561 5749 1830 5830 _victoria

136 5821 271 5893 732
311 5821 394 5885 de
416 5826 755 5887 Sarracenis
784 5827 1078 5899 reportata
1107 5822 1396 5898 cogitasse
1422 5821 1672 5879 videtur.

2011 5750 2162 5824 )291)
2195 5749 2483 5821 Loquitur
2511 5750 2583 5805 de
2612 5750 2977 5824 expeditione
3001 5770 3156 5809 anno
3174 5753 3299 5822 954,
3326 5749 3595 5824 Ungariis

1939 5820 2177 5896 fugatis,
2213 5820 2486 5895 suscepta
2514 5824 2586 5893 (ο.
2622 5820 2740 5894 31ῖ>
