3868 6480
309 523 431 596 215

1213 529 1534 591 JOANNIS
1576 529 1904 590 ABBATIS
1949 529 2012 589 s.
2060 499 2404 593 ARNULFI
2447 531 2833 595 METENSIS

3607 541 3716 602 216

303 656 562 731 virgines
588 658 860 731 praesenti
902 657 1165 732 exemplo
1197 678 1314 716 non
1344 661 1656 734 pulchrum
1691 661 1802 718 sibi
1831 679 1960 718 esse
1987 661 2046 730 Α
2074 663 2416 720 exstiterant
2444 665 2889 738 posthabitis,in
2911 667 3199 742 integram
3225 685 3359 726 cum
3383 672 3715 744 parentibus

310 748 682 804 maritalibus
711 751 920 820 subjici
953 749 1224 820 vinculis,
1259 768 1374 806 non
1427 753 1484 806 in
1517 752 1958 823 possessionum

307 835 840 908 amplitudine,non
866 837 924 892 in
957 855 1257 894 servorum
1291 838 1756 912 ancillarumque
1775 841 1959 913 gregi-

306 923 560 992 bus,non
576 925 634 979 in
657 931 1137 982 ornamentorum
1163 927 1371 984 diversi
1395 929 1626 1000 generis
1647 934 1954 1002 apparatu,

307 1027 424 1068 non
455 1013 514 1068 in
545 1030 1031 1088 quorumcunque
1062 1016 1513 1089 obsequentium
1565 1020 1768 1074 cuneis
1799 1018 1958 1075 dele-

307 1103 474 1171 ctari,
509 1121 642 1160 cum
675 1104 796 1160 haec
828 1106 1025 1161 omnia
1054 1107 1230 1162 variis
1262 1107 1373 1164 sibi
1420 1109 1655 1165 casibus
1689 1127 1803 1163 non
1834 1110 1959 1165 sine

309 1191 497 1248 multo
529 1193 734 1268 utique
764 1195 961 1251 dolore
992 1197 1257 1254 noverint
1281 1199 1623 1268 amittenda,
1650 1217 1754 1254 nec
1787 1199 1958 1270 quid-

309 1297 488 1351 quam
519 1299 720 1338 eorum
753 1302 814 1340 se
839 1288 1024 1341 morte
1055 1287 1254 1341 omnia
1295 1292 1709 1358 prorumpente
1739 1287 1825 1342 vel
1857 1305 1958 1342 co-

308 1369 508 1425 mitari
541 1371 824 1442 posse,vel
857 1374 1020 1444 sequi
1047 1390 1059 1429 :
1087 1375 1226 1446 quin
1249 1375 1444 1446 potius
1467 1393 1594 1447 qua:
1626 1377 1819 1447 majus
1840 1393 1957 1430 om-

310 1458 487 1514 nibus
518 1465 609 1516 cst
637 1461 861 1532 species
892 1462 1044 1519 beati
1090 1463 1356 1535 pudoris,
1387 1465 1502 1520 Deo
1561 1464 1960 1538 angelicisque

308 1548 480 1603 unice
511 1549 687 1604 chara
717 1551 1074 1624 agminibus,
1100 1567 1278 1625 super
1303 1552 1499 1609 omnia
1525 1553 1646 1609 lucc
1676 1553 1882 1608 inﬁma
1902 1559 1960 1609 ct

309 1637 515 1692 mundi
565 1639 785 1694 caduca
843 1639 1273 1696 oblectamenta
1301 1643 1392 1697 sui
1425 1642 1608 1699 solius
1639 1642 1954 1716 voluptate,

309 1731 627 1800 sanctoque
657 1732 714 1784 et
742 1729 1120 1786 immaculato
1149 1731 1304 1787 allici
1335 1733 1643 1789 desiderio.

379 1818 431 1871 4.
467 1817 575 1873 Sed
610 1821 675 1873 ut
704 1823 892 1891 coepta
909 1837 1245 1892 sequamur,
1275 1827 1548 1894 parentes
1578 1821 1836 1894 puellam
1867 1824 1955 1879 fu-

303 1905 558 1978 gientem
593 1925 622 1963 e
651 1908 895 1980 vestigio
927 1907 1365 1978 insecuti,facto
1396 1915 1721 1982 stupentes,
1754 1911 1958 1985 iraque

2071 755 2128 807 et
2157 753 2381 810 caeteris
2409 753 2580 810 rediit
2607 755 3218 827 gratiam.Attendant
3247 759 3343 815 hic
3362 759 3638 834 virgines,
3667 769 3716 818 et

2069 843 2359 898 castitatis
2388 843 2664 899 thesauro
2698 843 2844 900 nihil
2875 847 2992 902 Deo
3017 847 3246 919 gratius
3269 848 3356 904 vel
3383 850 3609 923 angelis
3637 851 3714 908 di-

2071 935 2239 986 scant
2271 930 2640 988 familiarius.
2673 932 3011 1005 Virginitati
3041 934 3310 992 Christus
3349 936 3502 993 inter
3529 941 3716 996 omnia

2070 1019 2238 1074 adest
2269 1020 2634 1088 discrimina,
2661 1021 2906 1094 spiritus
2937 1022 3202 1080 caelestes
3236 1026 3321 1080 uti
3352 1043 3584 1098 sponsae
3616 1029 3715 1084 im-

2070 1109 2355 1178 peratoris
2376 1109 2467 1164 sui
2502 1110 2705 1165 famuli
2739 1111 3102 1167 devotissimi
3135 1113 3562 1186 obsequuntur.
3597 1117 3716 1173 Haec

2069 1195 2194 1250 sola
2213 1197 2593 1285 immaculata
2608 1201 2838 1271 Agnum
2857 1202 3126 1274 sequitur
3147 1203 3366 1276 ubique
3388 1205 3718 1262 immacula-

2068 1287 2225 1339 tum:
2251 1290 2590 1359 quantoque
2612 1288 2661 1342 ei
2685 1287 2944 1344 adhaeret
2976 1289 3250 1359 vicinius,
3271 1296 3436 1349 tanto
3467 1295 3541 1351 ad
3575 1313 3718 1368 que:-

2068 1372 2211 1429 libet
2243 1375 2539 1447 postulata
2567 1377 2805 1432 auditur
2831 1377 3110 1434 velocius.
3135 1381 3277 1436 Ecce
3298 1399 3476 1454 quam
3509 1389 3716 1456 praesto

2069 1461 2206 1518 huic
2227 1464 2449 1519 ancilla:
2471 1483 2588 1520 sua;
2601 1465 2789 1538 gratia
2802 1466 3340 1526 illainrestimabilis
3356 1471 3563 1528 adfuit.
3579 1473 3718 1531 Vere

2069 1569 2248 1625 prope
2301 1553 2588 1611 Dominus
2635 1557 2912 1611 omnibus
2961 1558 3062 1630 qui
3111 1559 3474 1616 obtrivcrunt
3511 1579 3633 1630 cor,
3667 1567 3720 1622 et

2069 1659 2247 1715 prope
2280 1643 2558 1699 timentes
2581 1661 2715 1700 eum
2749 1644 3010 1701 salutare
3033 1646 3373 1718 ipsius.Quo
3391 1666 3525 1706 vero
3547 1655 3716 1723 putas

2067 1747 2166 1786 ore
2187 1749 2315 1788 eam
2335 1737 2476 1788 tunc
2505 1733 2566 1788 in
2596 1732 2833 1789 laudem
2865 1733 2957 1790 sui
2989 1735 3253 1808 erupisse
3285 1739 3596 1806 Creatoris,
3621 1745 3718 1796 aut

2068 1821 2240 1892 cujus
2270 1838 2480 1894 genere
2509 1821 2669 1878 vocis
2719 1821 3004 1895 hymnum
3054 1825 3449 1882 inaestimabili
3499 1827 3718 1886 fudisse

2067 1927 2200 1965 cum
2227 1910 2440 1983 jubilo,
2475 1928 2610 1967 cum
2642 1913 2842 1968 oculos
2873 1912 3022 1970 lucis
3052 1912 3214 1970 illius
3253 1913 3568 1974 invisibilis
3601 1923 3717 1974 tam

302 1995 807 2064 incensi,maxime
839 2015 974 2054 cum
1005 1999 1368 2071 sponsalium
1401 2001 1733 2057 administri
1752 2018 1958 2072 secon-
1984 2035 2032 2102 Β
2067 1999 2293 2072 placide
2322 2000 2378 2055 in
2413 2017 2476 2056 se
2507 2001 2784 2072 dejectos,
2820 2006 2878 2056 et
2907 2019 3078 2058 aures
3105 2002 3240 2060 illas
3291 2004 3718 2063 secretissimas

300 2086 493 2158 questi
527 2084 765 2145 delusos
795 2088 1002 2146 acriori
1037 2089 1552 2146 instimularentur
1580 2089 1816 2160 dolore;
1845 2109 1953 2148 an-

297 2175 494 2232 cillam
525 2175 739 2232 Christi
770 2193 840 2233 ex
868 2194 1033 2234 sacro
1075 2179 1335 2251 confugii
1385 2178 1533 2246 loco,
1565 2179 1615 2235 si
1663 2198 1779 2252 qua
1829 2185 1954 2238 arte

295 2263 577 2334 valerent,
609 2265 992 2345 conabantur.
1031 2267 1392 2324 abstrahere.
1455 2269 1546 2326 Fit
1593 2270 1758 2342 jugis
1816 2275 1952 2326 ante

296 2354 514 2410 ostium
543 2354 682 2410 aedis
711 2359 926 2412 sanctae
957 2357 1342 2427 pernoctatio,
1375 2357 1719 2430 intentaque
1739 2360 1834 2415 die
1854 2377 1951 2416 no-

295 2447 512 2516 ctuque
541 2443 891 2510 observatio,
925 2449 992 2500 ut
1023 2443 1285 2516 qualibet
1315 2446 1463 2502 forte
1513 2447 1625 2502 sibi
1653 2447 1951 2506 facultate

295 2532 492 2590 oblata
519 2533 574 2590 vi
603 2533 892 2590 abducere
920 2539 1320 2606 properarent.
1355 2534 1553 2592 Puella
1599 2539 1949 2597 venerabilis

297 2621 507 2694 spiritu
539 2622 874 2690 robustiori,
911 2622 1224 2696 animoque
1255 2640 1317 2680 se
1347 2624 1641 2682 obstinato
1669 2626 1946 2684 immobi-

295 2709 410 2768 lem
441 2714 667 2782 tenens,
701 2717 768 2768 ut
797 2717 1169 2769 sacrosancto
1200 2713 1534 2770 adhaerebat
1561 2715 1752 2785 altari,
1785 2718 1948 2776 nulla

293 2799 430 2857 inde
453 2801 676 2858 ratione
697 2801 784 2858 vel
811 2807 1028 2874 puncto
1054 2803 1336 2874 temporis
1367 2803 1740 2877 aliquatenus
1762 2808 1949 2881 quivit

294 2890 484 2960 avelli,
518 2892 575 2948 et
602 2892 844 2961 (mirum
874 2891 1036 2948 dictu
1061 2892 1102 2960 Σ)
1131 2909 1232 2948 sex
1262 2893 1558 2951 continuis
1590 2895 1799 2953 diebus
1829 2915 1947 2956 ma-

293 2995 441 3038 nens
470 2979 530 3036 in
560 2979 950 3050 ecclesia,non
970 2981 1143 3036 modo
1166 2997 1283 3036 non
1303 2997 1558 3054 egressa,
1574 2985 1674 3040 sed
1697 2990 1755 3041 et
1784 2989 1944 3044 omni

290 3086 535 3140 prorsus
555 3069 685 3126 cibo
709 3067 964 3126 abstinet
992 3074 1052 3125 et
1079 3075 1242 3141 potu.
1259 3070 1476 3126 Verum
1507 3073 1606 3144 qui
1628 3073 1730 3128 dat
1749 3093 1943 3133 escam

290 3161 452 3215 omni
482 3159 668 3226 carni,
699 3163 757 3212 et
783 3157 970 3230 replet
1012 3174 1186 3214 omne
1243 3159 1460 3214 animal
1517 3161 1941 3236 benedictione,

289 3245 572 3305 famulam
602 3261 770 3302 suam
803 3246 1084 3302 humanis
1115 3247 1700 3314 frustratam,divinis
1721 3255 1944 3308 recreat

284 3336 858 3407 alimentis,eamque
888 3335 1161 3408 precibus
1181 3333 1438 3391 assiduis
1471 3336 1612 3392 coelo
1643 3337 1930 3395 intentam

2061 2089 2184 2145 voci
2217 2105 2336 2144 sua:
2366 2092 2486 2144 tam
2520 2105 2765 2162 propere
2786 2091 3057 2164 cognovit
3084 2093 3626 2168 admotas,tamque
3646 2096 3720 2152 fa-

2061 2177 2156 2232 cili
2189 2177 2282 2232 via
2311 2194 2511 2250 preces
2541 2179 2709 2234 datas
2739 2180 2992 2248 effectui,
3029 2185 3094 2237 ut
3125 2180 3402 2254 angelum
3442 2189 3716 2242 sanctum

2061 2267 2172 2321 sub
2205 2267 2351 2338 ipsis
2400 2267 2740 2324 mortalium
2789 2268 2976 2325 oculis
3006 2270 3080 2326 ad
3125 2286 3189 2326 se
3219 2269 3640 2332 lzetiﬁcandum
3664 2280 3720 2332 et

2060 2355 2374 2411 eonsoland
2384 2372 2482 2411 um
2507 2359 2847 2430 praepotenti
2865 2359 3173 2431 majestate
3185 2360 3492 2418 advenisse
3503 2364 3720 2435 gaude-

2059 2445 2182 2500 ret?
2212 2443 2558 2517 Prophctica
2581 2446 2863 2502 nimirum
2905 2447 3316 2518 exsultatione,
3339 2450 3467 2522 jam
3497 2467 3720 2524 sponsa

2058 2531 2312 2590 caelestis
2364 2534 2590 2603 effecta,
2623 2535 2708 2590 uti
2758 2539 2986 2608 poterat
3037 2553 3104 2592 ac
3143 2537 3337 2594 dicere
3370 2555 3384 2594 :
3417 2539 3608 2597 Induit
3634 2557 3720 2598 "ac

2055 2625 2320 2679 Dominus
2349 2625 2662 2680 vestimento
2689 2625 2885 2682 salutis
2915 2633 2967 2682 ct
2995 2625 3312 2684 indumento
3329 2629 3572 2701 justitisc
3600 2633 3713 2686 cir-

2055 2713 2328 2769 cumdedit
2353 2730 2440 2775 me
2463 2713 2589 2786 (lea.
2624 2731 2733 2782 LXI,
2770 2715 2884 2783 10).
2908 2714 3170 2788 Itemque
3197 2731 3337 2772 voce
3369 2717 3718 2776 universalis

2056 2801 2322 2859 Ecclesia:
2353 2819 2422 2858 ex
2453 2805 2704 2874 utroque
2753 2819 2894 2859 sexu
2943 2801 3198 2860 collecta:
3250 2804 3352 2860 uni
3397 2805 3579 2878 capiti
3611 2824 3719 2863 suo

2055 2890 2488 2964 gratulabunda
2507 2891 2896 2964 proclamare:
2913 2891 3068 2948 Sicut
3085 2909 3282 2966 sponso
3303 2896 3718 2966 imposuitmihi

2053 2984 2298 3047 mitram,
2317 2989 2371 3037 et
2396 2983 2540 3038 sicut
2555 2995 2812 3054 sponsam
2839 2983 3058 3039 ornavit
3073 2997 3160 3040 me
3177 2991 3495 3040 ornamento
3527 2983 3714 3056 (ibid,

2051 3073 2208 3140 iuxta
2241 3069 2402 3140 LXX).

2120 3159 2176 3212 6.
2211 3158 2386 3212 Beata
2432 3157 2630 3228 itaque
2673 3157 2836 3228 virgo
2889 3173 3026 3212 cum
3067 3158 3157 3230 (ut
3197 3159 3574 3232 praemissum
3599 3163 3714 3230 est)

2049 3244 2372 3302 visceribus
2403 3244 2652 3300 affluens
2683 3245 2920 3316 pietatis
2949 3249 3193 3304 cunctos
3219 3249 3331 3305 sibi
3359 3249 3593 3322 pridem
3626 3250 3713 3306 in-

2050 3335 2247 3390 fensos
2275 3332 2454 3388 venia:
2501 3331 2818 3388 clementer
2866 3333 3226 3403 admisisset,
3261 3341 3320 3390 et
3359 3339 3716 3409 parentibus

283 3425 549 3498 angelica
579 3404 862 3480 duntasat
889 3404 1176 3496 probatur
1221 3423 1453 3494 pavisse
1507 3425 1764 3482 refectio.
1794 3428 1932 3485 Fide
1963 3404 2008 3472 (ἶ
2046 3421 2390 3494 deincepsin
2404 3419 2564 3476 nullo
2586 3419 2900 3492 impatiens
2923 3404 3714 3496 placidamseubdidisset;

282 3516 506 3572 interea
531 3517 652 3570 tam
684 3513 977 3568 constanti
1027 3511 1466 3584 perseverantiae
1513 3530 1632 3568 suae
1664 3531 1935 3572 remune-

283 3605 568 3662 rationem
600 3603 865 3674 exigente
887 3599 1302 3657 consolationis
1323 3599 1695 3674 divinaz,quze
1727 3607 1933 3662 tandiu

284 3697 644 3752 contractam
717 3691 932 3747 nubem
1029 3689 1294 3745 maeroris
1383 3690 1762 3764 abstergeret,
1833 3694 1934 3752 lux

285 3786 520 3854 repente
549 3785 716 3854 grata
767 3779 1149 3851 resplenduit.
1185 3778 1444 3834 Instante
1502 3797 1757 3853 namque
1803 3784 1931 3854 jam

283 3871 537 3944 septima
592 3869 685 3925 die
742 3886 872 3940 quae
923 3867 1228 3923 Dominica
1277 3872 1421 3935 erat,
1468 3885 1602 3924 ecce
1655 3870 1745 3927 vir
1803 3875 1932 3945 qui-

282 3961 419 4016 dam
445 3959 612 4015 vultu
645 3957 1317 4030 angelico,sequentibus
1337 3958 1534 4028 pueris
1556 3959 1786 4018 duobus
1807 3964 1932 4034 pul-

2045 3513 2116 3569 ad
2141 3510 2480 3584 praedictam
2506 3508 2747 3566 amitam
2767 3526 2938 3565 suam
2958 3509 3295 3567 Rothildam
3326 3527 3558 3584 magna;
3581 3534 3720 3589 pro.

2043 3600 2244 3658 bitatis
2277 3601 2432 3655 fama
2457 3597 2740 3656 celebrem
2773 3615 2950 3671 quam
2977 3599 3037 3654 in
3068 3599 3324 3656 secundo
3345 3605 3480 3657 actu
3505 3603 3581 3660 de
3613 3623 3718 3662 nu-

2044 3688 2417 3764 ptiis,pudori
2443 3693 2732 3756 metuens,
2749 3705 2865 3744 non
2885 3688 3220 3744 contumaci
3241 3693 3440 3746 mente
3471 3691 3715 3768 refuge-

2043 3785 2153 3849 rat,
2179 3781 2306 3851 jam
2338 3779 2398 3832 in
2429 3776 2616 3850 gratia
2648 3781 2921 3849 percepta
2957 3794 3076 3833 non
3121 3777 3437 3834 minimum
3489 3793 3714 3853 gerens

2041 3868 2290 3936 fiduciae,
2323 3867 2591 3922 Treviros
2635 3870 2843 3938 sponte
2885 3865 3208 3922 contendit.
3243 3867 3327 3924 lbi
3378 3883 3484 3939 pro
3525 3871 3712 3927 modo

2041 3955 2500 4014 conversationis
2546 3959 2808 4026 tempore
2851 3971 2966 4012 non
2999 3955 3184 4011 multo
3215 3959 3436 4024 exacto,
3466 3959 3708 4016 cunctis

2030 4049 2158 4120 jam
2191 4047 2479 4102 bonorum
2521 4043 2737 4100 studiis
2769 4060 3002 4100 morum
3035 4048 3398 4116 actuumque
3429 4047 3592 4100 statu
3627 4048 3704 4103 ad

2039 4151 2305 4192 normam
2320 4132 2571 4191 caelestis
2593 4132 2737 4188 disci
2746 4131 2916 4204 plinze
2929 4133 3216 4205 quidquid
3229 4133 3514 4190 divinitus
3524 4137 3581 4190 et
3592 4133 3704 4191 hu-

2035 4227 2298 4282 manitus
2316 4239 2481 4296 aequo
2503 4221 2782 4294 competit
2801 4225 2858 4277 et
2878 4222 3126 4278 honesto
3147 4221 3489 4294 plenissime
3509 4222 3698 4280 infor-

2035 4315 2426 4382 mata,urbem
2447 4311 2560 4368 sibi
2582 4309 2924 4384 patrociniis
2947 4310 3163 4366 divinis
3185 4311 3437 4367 amicam
3459 4311 3694 4369 Mettim

2032 4401 2432 4476 repetiit.Vitte
2464 4399 2620 4456 illico
2649 4399 2920 4455 arctioris
2953 4397 3409 4472 ingressum,cui
3427 4399 3555 4471 jam
3579 4401 3694 4458 du-

2031 4493 2172 4548 dum
2195 4495 2438 4548 sanctus
2455 4491 2585 4561 ejus
2615 4487 2860 4560 spiritus
2887 4491 3011 4545 toto
3041 4488 3334 4545 desiderio
3365 4488 3690 4560 aspirabat,

265 4585 547 4642 miraculo
568 4581 817 4656 perculit
835 4581 1302 4647 universos,cum
1317 4584 1505 4635 terror
1520 4580 1644 4652 ipse
1663 4599 1764 4638 eos
1775 4599 1842 4639 ac
1867 4585 1916 4640 si
2028 4581 2374 4638 ancillarum
2407 4577 2622 4636 Christi
2646 4594 2709 4633 se
2737 4593 2874 4632 cum
2897 4592 3072 4650 grege
3097 4575 3340 4634 collecto
3369 4592 3612 4634 summa
3631 4579 3690 4634 vi

265 4674 510 4731 stolidos
540 4677 597 4728 et
627 4671 842 4727 mentis
873 4686 1066 4726 vacua:
1097 4670 1181 4726 sic
1214 4669 1586 4738 reddidisset,
1618 4675 1684 4726 ut
1728 4689 1916 4744 neque
2025 4673 2202 4742 atque
2221 4687 2330 4742 ope
2351 4668 2546 4723 nitens
2567 4666 2836 4738 arripuit.
2856 4666 2960 4722 Est
2978 4665 3142 4722 locus
3165 4664 3320 4722 infra
3339 4665 3558 4722 mania
3587 4683 3690 4723 ur-

264 4761 749 4834 proloqui,neque
779 4759 956 4827 unde,
990 4763 1093 4814 aut
1122 4758 1222 4830 qui
1254 4763 1453 4815 essent
1483 4759 1582 4830 qui
1611 4767 1914 4831 venerant,
1944 4777 1992 4842 Β
2022 4757 2116 4816 bis
2137 4755 2845 4833 ipsius,jurehereditario
2868 4759 3008 4810 tunc
3031 4759 3342 4827 parentum
3363 4755 3686 4826 possessio,

263 4854 505 4922 possent
533 4847 811 4905 ediscere.
2023 4847 2372 4922 religiosiori
2402 4844 2698 4902 institutio
2741 4844 3059 4900 admodum
3091 4847 3480 4917 opportunus.
3515 4843 3687 4902 Hune

331 4939 388 4993 5.
417 4940 564 4994 Cum
591 4953 726 4994 vero
757 4941 891 5010 post
921 4937 1248 4993 discessum
1281 4941 1456 4993 tanta:
1475 4937 1715 4994 visionis
1745 4941 1816 4995 ad
1851 4957 1912 4997 se
2023 4941 2228 4996 sancta
2247 4937 2410 5009 virgo
2431 4933 2648 4990 divinis
2673 4933 2882 4989 usibus
2911 4933 3064 4990 dono
3095 4933 3222 4988 dari
3252 4932 3367 4989 sibi
3394 4936 3682 5006 expostu-

259 5027 473 5084 reversi
501 5029 767 5082 sanctam
808 5025 1095 5099 virginem
1126 5043 1192 5082 eo
1222 5026 1428 5082 habitu
1461 5033 1754 5084 astantem
1777 5046 1907 5102 per—
2019 5027 2173 5096 lans,
2205 5043 2311 5081 nec
2342 5040 2506 5080 mora
2535 5021 2914 5094 paratissima
2943 5037 3146 5078 eorum
3175 5019 3529 5080 liberalitate
3547 5021 3682 5080 ade-

257 5115 570 5188 spicerent,
601 5115 769 5170 facile
801 5115 1331 5171 animadvertentes
1363 5117 1688 5189 angelicam
1727 5135 1906 5191 appa-
2017 5121 2186 5190 ptum
2209 5111 2636 5171 monasterium
2661 5110 2994 5183 puellarum
3016 5111 3116 5167 Dei
3139 5110 3311 5167 hodie
3331 5125 3521 5182 usque
3540 5110 3684 5167 insi-

255 5206 445 5261 ruisse
476 5205 872 5276 praesentiam,
904 5207 1215 5276 totumque
1247 5206 1306 5258 id
1354 5206 1640 5262 divinitus
1687 5208 1904 5263 factum
2015 5222 2130 5280 gne
2146 5198 3679 5277 pulchromaterialiterdecoreconstruxitpulchriori

253 5313 381 5350 esse
409 5293 564 5366 quod
593 5293 1034 5363 viderant,nihil
1065 5309 1181 5365 quo
1204 5294 1356 5350 ultro
1387 5296 1730 5351 resisterent
1759 5303 1902 5353 erat.
2017 5291 2400 5351 nihilominus
2429 5290 2716 5346 virtutum
2750 5289 2954 5344 robore
2986 5288 3266 5345 nobiliter
3293 5287 3676 5361 gubernavit:

250 5386 507 5440 Tantum
539 5381 662 5438 solo
689 5381 1264 5455 strati,vestigiisque
1296 5383 1480 5438 beatae
1501 5384 1747 5456 virginis
1771 5387 1906 5442 sub-
2015 5385 2074 5440 in
2089 5401 2208 5457 quo
2223 5399 2410 5455 usque
2423 5381 2494 5436 ad
2517 5383 2831 5436 centenum
2847 5395 3159 5434 numerum
3181 5375 3494 5449 collegium
3517 5375 3678 5434 Chri-

249 5471 415 5529 misst
428 5472 564 5543 ,Jam
578 5469 737 5526 omni
752 5469 995 5524 feritatis
1013 5475 1242 5527 tumore
1257 5470 1581 5542 supplicem
1598 5473 1654 5528 in
1670 5479 1902 5546 gestum
2013 5477 2104 5530 sto
2128 5469 2543 5529 famulantium
2575 5469 2645 5525 ad
2655 5467 2876 5537 unavit,
2897 5468 3067 5540 eique
3087 5465 3249 5523 omni
3277 5463 3592 5538 vigilanter
3610 5482 3674 5523 se

249 5558 782 5628 converso,veniam
815 5557 997 5613 solam
1030 5575 1133 5628 pro
1167 5557 1344 5614 illatis
1375 5565 1615 5615 exorant
1645 5562 1899 5632 injuriis.
2013 5562 2256 5618 dulitate
2289 5559 2503 5614 institit
2532 5556 2806 5631 gloriosa.
2827 5558 2960 5622 Quae
2983 5556 3163 5626 hujus
3183 5553 3458 5624 deinceps
3480 5555 3670 5610 sancti

247 5650 368 5706 Non
405 5651 530 5703 erat
559 5646 714 5718 apud
746 5663 846 5701 cor
877 5645 969 5700 cui
993 5645 1235 5718 spiritus
1258 5646 1490 5717 pietatis
1509 5652 1566 5702 et
1586 5665 1681 5702 rex
1703 5649 1900 5718 praesi-
2012 5648 2349 5706 certaminis
2399 5645 2762 5704 conversatio
2811 5646 3006 5714 fuerit,
3040 5643 3140 5718 qui
3167 5644 3227 5700 in
3269 5641 3430 5699 omni
3461 5658 3672 5715 genere

247 5737 423 5793 debat
437 5734 932 5800 mansuetudinis,
949 5733 1043 5789 hic
1063 5735 1227 5789 labor
1244 5735 1502 5790 difﬁcilis
1517 5735 1859 5808 indulgendi
1884 5755 1896 5792 :
2013 5737 2295 5809 spiritalis
2315 5735 2662 5792 incrementi
2685 5735 2735 5789 ei
2757 5736 3052 5808 profectus
3085 5732 3426 5806 quotidiano
3449 5749 3561 5788 usu
3579 5748 3669 5789 ac-

249 5842 314 5882 ac
337 5829 570 5898 repente
593 5829 875 5897 tanquam
901 5822 1078 5881 nullis
1109 5823 1548 5896 lresa,omnibus
1570 5842 1811 5897 qumque
1833 5843 1900 5882 ea
2013 5827 2276 5898 cesserit,
2309 5826 2418 5882 sub
2450 5841 2565 5897 quo
2616 5823 2940 5896 disciplinae
2971 5824 3162 5896 rigore
3191 5826 3250 5880 et
3276 5821 3471 5894 seipse
3501 5837 3664 5879 com-

281 4048 586 4106 cherrimis
618 4047 730 4104 sub
759 4047 1024 4103 omnium
1056 4049 1369 4117 conspectu
1391 4047 1644 4116 advenit,
1679 4055 1927 4120 partem-

279 4154 391 4210 que
417 4135 618 4192 altaris
649 4150 765 4208 qua
790 4135 953 4207 virgo
975 4134 1376 4190 sacratissima
1405 4136 1688 4206 pudorem
1711 4141 1926 4198 tuendo

274 4226 593 4294 celabatur,
629 4228 788 4282 recta
817 4223 1140 4296 ingressus,
1171 4222 1458 4280 velamine
1480 4225 1539 4280 in
1563 4231 1777 4283 sanctae
1801 4245 1926 4300 spe-

271 4317 464 4374 cimen
475 4313 775 4388 religionis
787 4313 1163 4369 cernentibus
1177 4314 1403 4368 cunctis
1417 4313 1730 4387 B.virginis
1748 4323 1924 4390 caput

267 4405 658 4464 obnubit.Nec
684 4420 870 4472 mora,
901 4403 1088 4458 oculis
1109 4403 1632 4470 intuentium,cum
1668 4405 1762 4462 his
1789 4408 1918 4479 qui-

265 4497 378 4552 bus
407 4494 684 4568 apparuit
701 4491 1411 4564 sublatus,magnitudine
1435 4493 1843 4566 facti,stupore
1863 4496 1922 4552 et
