  <div class='ocr_page' id='page_1' title='image "/cluster/home/n/w/nwhite01/storage/ocr_20150623/136-137/uc1.31175019686917/790.png"; bbox 0 0 3868 6486; ppageno 0'>
   <div class='ocr_carea' id='block_1_1' title="bbox 175 557 291 622">
    <p class='ocr_par' dir='ltr' id='par_1_1' title="bbox 175 557 291 622">
     <span class='ocr_line' id='line_1_1' title="bbox 175 557 291 622; baseline -0.026 0"><span class='ocrx_word' id='word_1_1' title='bbox 175 557 291 622; x_wconf 70' lang='lat'>817</span> 
     </span>
    </p>
   </div>
   <div class='ocr_carea' id='block_1_2' title="bbox 1163 555 2602 623">
    <p class='ocr_par' dir='ltr' id='par_1_2' title="bbox 1163 555 2602 623">
     <span class='ocr_line' id='line_1_2' title="bbox 1163 555 2602 623; baseline 0.002 -6"><span class='ocrx_word' id='word_1_2' title='bbox 1163 555 1266 620; x_wconf 84' lang='lat' dir='ltr'><strong>DE</strong></span> <span class='ocrx_word' id='word_1_3' title='bbox 1308 557 1915 623; x_wconf 82' lang='lat' dir='ltr'>TRANSLATIONE</span> <span class='ocrx_word' id='word_1_4' title='bbox 1957 557 2022 619; x_wconf 88' lang='lat' dir='ltr'>S.</span> <span class='ocrx_word' id='word_1_5' title='bbox 2071 558 2602 621; x_wconf 83' lang='lat' dir='ltr'>GLODESINSIS.</span> 
     </span>
    </p>
   </div>
   <div class='ocr_carea' id='block_1_3' title="bbox 3471 557 3591 619">
    <p class='ocr_par' dir='ltr' id='par_1_3' title="bbox 3471 557 3591 619">
     <span class='ocr_line' id='line_1_3' title="bbox 3471 557 3591 619; baseline 0 0"><span class='ocrx_word' id='word_1_6' title='bbox 3471 557 3591 619; x_wconf 80' lang='grc'>218</span> 
     </span>
    </p>
   </div>
   <div class='ocr_carea' id='block_1_4' title="bbox 179 689 3588 769">
    <p class='ocr_par' dir='ltr' id='par_1_4' title="bbox 179 689 3588 769">
     <span class='ocr_line' id='line_1_4' title="bbox 179 689 3588 769; baseline -0.001 -17"><span class='ocrx_word' id='word_1_7' title='bbox 179 695 481 769; x_wconf 89' lang='lat' dir='ltr'>presserit,</span> <span class='ocrx_word' id='word_1_8' title='bbox 512 697 571 750; x_wconf 89' lang='lat' dir='ltr'>et</span> <span class='ocrx_word' id='word_1_9' title='bbox 600 692 826 750; x_wconf 64' lang='lat' dir='ltr'>caeteris</span> <span class='ocrx_word' id='word_1_10' title='bbox 859 690 1096 764; x_wconf 81' lang='lat' dir='ltr'>superni</span> <span class='ocrx_word' id='word_1_11' title='bbox 1129 691 1247 746; x_wconf 85' lang='lat' dir='ltr'>dux</span> <span class='ocrx_word' id='word_1_12' title='bbox 1279 691 1434 746; x_wconf 86' lang='lat' dir='ltr'>facta</span> <span class='ocrx_word' id='word_1_13' title='bbox 1478 689 1730 758; x_wconf 91' lang='lat' dir='ltr'>itineris,</span> <span class='ocrx_word' id='word_1_14' title='bbox 1761 689 1820 744; x_wconf 93' lang='lat' dir='ltr'>in</span> <span class='ocrx_word' id='word_1_15' title='bbox 1851 690 1910 758; x_wconf 79' lang='grc' dir='ltr'><strong>Α</strong></span> <span class='ocrx_word' id='word_1_16' title='bbox 1936 694 2211 746; x_wconf 88' lang='lat' dir='ltr'>contactu</span> <span class='ocrx_word' id='word_1_17' title='bbox 2237 691 2473 748; x_wconf 73' lang='lat' dir='ltr'>assiduo</span> <span class='ocrx_word' id='word_1_18' title='bbox 2499 694 2972 764; x_wconf 79' lang='lat' dir='ltr'>corrumpantur,</span> <span class='ocrx_word' id='word_1_19' title='bbox 3002 696 3318 749; x_wconf 87' lang='lat' dir='ltr'>attestante</span> <span class='ocrx_word' id='word_1_20' title='bbox 3354 693 3463 748; x_wconf 92' lang='lat' dir='ltr'>hoc</span> <span class='ocrx_word' id='word_1_21' title='bbox 3493 709 3588 750; x_wconf 91' lang='lat' dir='ltr'>ea-</span> 
     </span>
    </p>
   </div>
   <div class='ocr_carea' id='block_1_5' title="bbox 178 780 1826 858">
    <p class='ocr_par' dir='ltr' id='par_1_5' title="bbox 178 780 1826 858">
     <span class='ocr_line' id='line_1_5' title="bbox 178 780 1826 858; baseline -0.003 -17"><span class='ocrx_word' id='word_1_22' title='bbox 178 803 238 841; x_wconf 87' lang='lat' dir='ltr'>se</span> <span class='ocrx_word' id='word_1_23' title='bbox 267 785 423 858; x_wconf 88' lang='lat' dir='ltr'>quod</span> <span class='ocrx_word' id='word_1_24' title='bbox 453 788 842 856; x_wconf 89' lang='lat' dir='ltr'>sequerentur</span> <span class='ocrx_word' id='word_1_25' title='bbox 888 780 1248 854; x_wconf 76' lang='lat' dir='ltr'>prmstiterit,</span> <span class='ocrx_word' id='word_1_26' title='bbox 1299 783 1475 853; x_wconf 88' lang='lat' dir='ltr'>atque</span> <span class='ocrx_word' id='word_1_27' title='bbox 1525 781 1576 834; x_wconf 89' lang='lat' dir='ltr'>ei</span> <span class='ocrx_word' id='word_1_28' title='bbox 1631 780 1826 851; x_wconf 82' lang='lat' dir='ltr'>potius</span> 
     </span>
    </p>
   </div>
   <div class='ocr_carea' id='block_1_6' title="bbox 178 868 1825 946">
    <p class='ocr_par' dir='ltr' id='par_1_6' title="bbox 178 868 1825 946">
     <span class='ocr_line' id='line_1_6' title="bbox 178 868 1825 946; baseline -0.003 -17"><span class='ocrx_word' id='word_1_29' title='bbox 178 891 356 946; x_wconf 90' lang='lat' dir='ltr'>quam</span> <span class='ocrx_word' id='word_1_30' title='bbox 386 873 499 928; x_wconf 86' lang='lat' dir='ltr'>sibi</span> <span class='ocrx_word' id='word_1_31' title='bbox 531 871 771 939; x_wconf 84' lang='lat' dir='ltr'>vixerit;</span> <span class='ocrx_word' id='word_1_32' title='bbox 817 872 932 926; x_wconf 84' lang='lat' dir='ltr'>ﬁde</span> <span class='ocrx_word' id='word_1_33' title='bbox 975 875 1152 942; x_wconf 90' lang='lat' dir='ltr'>atque</span> <span class='ocrx_word' id='word_1_34' title='bbox 1194 868 1482 924; x_wconf 88' lang='lat' dir='ltr'>arbitratu</span> <span class='ocrx_word' id='word_1_35' title='bbox 1531 887 1687 924; x_wconf 65' lang='lat' dir='ltr'>sana:</span> <span class='ocrx_word' id='word_1_36' title='bbox 1736 869 1825 924; x_wconf 90' lang='lat' dir='ltr'>in-</span> 
     </span>
    </p>
   </div>
   <div class='ocr_carea' id='block_1_7' title="bbox 177 959 1825 1036">
    <p class='ocr_par' dir='ltr' id='par_1_7' title="bbox 177 959 1825 1036">
     <span class='ocr_line' id='line_1_7' title="bbox 177 959 1825 1036; baseline -0.002 -19"><span class='ocrx_word' id='word_1_37' title='bbox 177 962 729 1036; x_wconf 62' lang='lat' dir='ltr'>telligentiae,quam</span> <span class='ocrx_word' id='word_1_38' title='bbox 763 959 996 1032; x_wconf 82' lang='lat' dir='ltr'>scriptis</span> <span class='ocrx_word' id='word_1_39' title='bbox 1013 959 1240 1014; x_wconf 82' lang='lat' dir='ltr'>aestimo</span> <span class='ocrx_word' id='word_1_40' title='bbox 1265 959 1825 1014; x_wconf 87' lang='lat' dir='ltr'>commendandum.</span> 
     </span>
    </p>
   </div>
   <div class='ocr_carea' id='block_1_8' title="bbox 181 1047 1822 1120">
    <p class='ocr_par' dir='ltr' id='par_1_8' title="bbox 181 1047 1822 1120">
     <span class='ocr_line' id='line_1_8' title="bbox 181 1047 1822 1120; baseline -0.003 -13"><span class='ocrx_word' id='word_1_41' title='bbox 181 1051 584 1107; x_wconf 85' lang='lat' dir='ltr'>Consideranti</span> <span class='ocrx_word' id='word_1_42' title='bbox 619 1049 777 1106; x_wconf 90' lang='lat' dir='ltr'>enim</span> <span class='ocrx_word' id='word_1_43' title='bbox 809 1049 1115 1116; x_wconf 84' lang='lat' dir='ltr'>attentius,</span> <span class='ocrx_word' id='word_1_44' title='bbox 1141 1047 1364 1120; x_wconf 88' lang='lat' dir='ltr'>liquido</span> <span class='ocrx_word' id='word_1_45' title='bbox 1397 1053 1556 1102; x_wconf 83' lang='lat' dir='ltr'>caret</span> <span class='ocrx_word' id='word_1_46' title='bbox 1585 1049 1738 1120; x_wconf 87' lang='lat' dir='ltr'>quod</span> <span class='ocrx_word' id='word_1_47' title='bbox 1763 1049 1822 1102; x_wconf 90' lang='lat' dir='ltr'>B.</span> 
     </span>
    </p>
   </div>
   <div class='ocr_carea' id='block_1_9' title="bbox 181 1137 1828 1214">
    <p class='ocr_par' dir='ltr' id='par_1_9' title="bbox 181 1137 1828 1214">
     <span class='ocr_line' id='line_1_9' title="bbox 181 1137 1828 1214; baseline -0.001 -20"><span class='ocrx_word' id='word_1_48' title='bbox 181 1141 343 1214; x_wconf 86' lang='lat' dir='ltr'>virgo</span> <span class='ocrx_word' id='word_1_49' title='bbox 373 1139 770 1195; x_wconf 80' lang='lat' dir='ltr'>visitationem</span> <span class='ocrx_word' id='word_1_50' title='bbox 802 1137 964 1194; x_wconf 85' lang='lat' dir='ltr'>illam</span> <span class='ocrx_word' id='word_1_51' title='bbox 1001 1137 1058 1192; x_wconf 92' lang='lat' dir='ltr'>in</span> <span class='ocrx_word' id='word_1_52' title='bbox 1091 1153 1152 1191; x_wconf 89' lang='lat' dir='ltr'>se</span> <span class='ocrx_word' id='word_1_53' title='bbox 1191 1141 1314 1192; x_wconf 86' lang='lat' dir='ltr'>tam</span> <span class='ocrx_word' id='word_1_54' title='bbox 1347 1154 1382 1191; x_wconf 89' lang='lat' dir='ltr'>a</span> <span class='ocrx_word' id='word_1_55' title='bbox 1429 1137 1700 1208; x_wconf 86' lang='lat' dir='ltr'>supernis</span> <span class='ocrx_word' id='word_1_56' title='bbox 1731 1137 1828 1208; x_wconf 83' lang='lat' dir='ltr'>ju-</span> 
     </span>
    </p>
   </div>
   <div class='ocr_carea' id='block_1_10' title="bbox 180 1225 1827 1298">
    <p class='ocr_par' dir='ltr' id='par_1_10' title="bbox 180 1225 1827 1298">
     <span class='ocr_line' id='line_1_10' title="bbox 180 1225 1827 1298; baseline -0.001 -16"><span class='ocrx_word' id='word_1_57' title='bbox 180 1228 368 1282; x_wconf 86' lang='lat' dir='ltr'>cunde</span> <span class='ocrx_word' id='word_1_58' title='bbox 401 1227 648 1282; x_wconf 82' lang='lat' dir='ltr'>ell&#39;usam</span> <span class='ocrx_word' id='word_1_59' title='bbox 680 1244 795 1298; x_wconf 64' lang='lat' dir='ltr'>prae</span> <span class='ocrx_word' id='word_1_60' title='bbox 828 1225 1012 1280; x_wconf 90' lang='lat' dir='ltr'>oculis</span> <span class='ocrx_word' id='word_1_61' title='bbox 1033 1225 1226 1280; x_wconf 83' lang='lat' dir='ltr'>cordis</span> <span class='ocrx_word' id='word_1_62' title='bbox 1258 1225 1535 1279; x_wconf 89' lang='lat' dir='ltr'>continue</span> <span class='ocrx_word' id='word_1_63' title='bbox 1567 1242 1827 1292; x_wconf 87' lang='lat' dir='ltr'>versans,</span> 
     </span>
    </p>
   </div>
   <div class='ocr_carea' id='block_1_11' title="bbox 183 1313 1830 1389">
    <p class='ocr_par' dir='ltr' id='par_1_11' title="bbox 183 1313 1830 1389">
     <span class='ocr_line' id='line_1_11' title="bbox 183 1313 1830 1389; baseline -0.001 -18"><span class='ocrx_word' id='word_1_64' title='bbox 183 1317 484 1372; x_wconf 76' lang='lat' dir='ltr'>exterioris</span> <span class='ocrx_word' id='word_1_65' title='bbox 505 1316 698 1389; x_wconf 88' lang='lat' dir='ltr'>operis</span> <span class='ocrx_word' id='word_1_66' title='bbox 729 1315 1163 1370; x_wconf 80' lang='lat' dir='ltr'>exsecutionem</span> <span class='ocrx_word' id='word_1_67' title='bbox 1196 1313 1454 1369; x_wconf 89' lang='lat' dir='ltr'>interiori</span> <span class='ocrx_word' id='word_1_68' title='bbox 1491 1332 1604 1370; x_wconf 92' lang='lat' dir='ltr'>non</span> <span class='ocrx_word' id='word_1_69' title='bbox 1635 1314 1830 1386; x_wconf 83' lang='lat' dir='ltr'>dispa-</span> 
     </span>
    </p>
   </div>
   <div class='ocr_carea' id='block_1_12' title="bbox 182 1404 865 1462">
    <p class='ocr_par' dir='ltr' id='par_1_12' title="bbox 182 1404 865 1462">
     <span class='ocr_line' id='line_1_12' title="bbox 182 1404 865 1462; baseline -0.001 -1"><span class='ocrx_word' id='word_1_70' title='bbox 182 1424 305 1462; x_wconf 86' lang='lat' dir='ltr'>rem</span> <span class='ocrx_word' id='word_1_71' title='bbox 339 1407 609 1461; x_wconf 83' lang='lat' dir='ltr'>servabat</span> <span class='ocrx_word' id='word_1_72' title='bbox 639 1404 865 1460; x_wconf 81' lang='lat' dir='ltr'>fervori.</span> 
     </span>
    </p>
   </div>
   <div class='ocr_carea' id='block_1_13' title="bbox 250 1494 1834 1568">
    <p class='ocr_par' dir='ltr' id='par_1_13' title="bbox 250 1494 1834 1568">
     <span class='ocr_line' id='line_1_13' title="bbox 250 1494 1834 1568; baseline -0.002 -18"><span class='ocrx_word' id='word_1_73' title='bbox 250 1499 304 1552; x_wconf 89' lang='grc'>7.</span> <span class='ocrx_word' id='word_1_74' title='bbox 344 1497 663 1568; x_wconf 84' lang='lat' dir='ltr'>Postquam</span> <span class='ocrx_word' id='word_1_75' title='bbox 683 1495 839 1550; x_wconf 88' lang='lat' dir='ltr'>idem</span> <span class='ocrx_word' id='word_1_76' title='bbox 859 1494 1284 1550; x_wconf 82' lang='lat' dir='ltr'>monasterium</span> <span class='ocrx_word' id='word_1_77' title='bbox 1305 1495 1375 1549; x_wconf 90' lang='lat' dir='ltr'>ad</span> <span class='ocrx_word' id='word_1_78' title='bbox 1396 1511 1710 1549; x_wconf 87' lang='lat' dir='ltr'>numerum</span> <span class='ocrx_word' id='word_1_79' title='bbox 1734 1509 1834 1548; x_wconf 85' lang='lat' dir='ltr'>sex</span> 
     </span>
    </p>
   </div>
   <div class='ocr_carea' id='block_1_14' title="bbox 179 1583 1835 1657">
    <p class='ocr_par' dir='ltr' id='par_1_14' title="bbox 179 1583 1835 1657">
     <span class='ocr_line' id='line_1_14' title="bbox 179 1583 1835 1657; baseline -0.001 -17"><span class='ocrx_word' id='word_1_80' title='bbox 179 1585 421 1642; x_wconf 90' lang='lat' dir='ltr'>illorum</span> <span class='ocrx_word' id='word_1_81' title='bbox 457 1586 708 1653; x_wconf 89' lang='lat' dir='ltr'>dierum,</span> <span class='ocrx_word' id='word_1_82' title='bbox 735 1585 954 1657; x_wconf 87' lang='lat' dir='ltr'>quibus</span> <span class='ocrx_word' id='word_1_83' title='bbox 985 1583 1427 1655; x_wconf 70' lang='lat' dir='ltr'>prmparationis</span> <span class='ocrx_word' id='word_1_84' title='bbox 1459 1583 1835 1638; x_wconf 74' lang='lat' dir='ltr'>sanctaeinte-</span> 
     </span>
    </p>
   </div>
   <div class='ocr_carea' id='block_1_15' title="bbox 175 1671 1832 1750">
    <p class='ocr_par' dir='ltr' id='par_1_15' title="bbox 175 1671 1832 1750">
     <span class='ocr_line' id='line_1_15' title="bbox 175 1671 1832 1750; baseline -0.003 -19"><span class='ocrx_word' id='word_1_85' title='bbox 175 1676 414 1750; x_wconf 85' lang='lat' dir='ltr'>gritatis</span> <span class='ocrx_word' id='word_1_86' title='bbox 447 1673 706 1729; x_wconf 84' lang='lat' dir='ltr'>mirabili</span> <span class='ocrx_word' id='word_1_87' title='bbox 740 1673 839 1728; x_wconf 91' lang='lat' dir='ltr'>illo</span> <span class='ocrx_word' id='word_1_88' title='bbox 873 1673 930 1728; x_wconf 91' lang='lat' dir='ltr'>in</span> <span class='ocrx_word' id='word_1_89' title='bbox 965 1671 1213 1727; x_wconf 86' lang='lat' dir='ltr'>ecclesia</span> <span class='ocrx_word' id='word_1_90' title='bbox 1244 1672 1832 1743; x_wconf 87' lang='lat' dir='ltr'>duraveratjejunio;</span> 
     </span>
    </p>
   </div>
   <div class='ocr_carea' id='block_1_16' title="bbox 175 1761 1833 1834">
    <p class='ocr_par' dir='ltr' id='par_1_16' title="bbox 175 1761 1833 1834">
     <span class='ocr_line' id='line_1_16' title="bbox 175 1761 1833 1834; baseline -0.004 -12"><span class='ocrx_word' id='word_1_91' title='bbox 175 1783 282 1822; x_wconf 86' lang='lat' dir='ltr'>sex</span> <span class='ocrx_word' id='word_1_92' title='bbox 313 1766 454 1820; x_wconf 87' lang='lat' dir='ltr'>item</span> <span class='ocrx_word' id='word_1_93' title='bbox 486 1781 672 1821; x_wconf 85' lang='lat' dir='ltr'>annos</span> <span class='ocrx_word' id='word_1_94' title='bbox 698 1762 944 1818; x_wconf 86' lang='lat' dir='ltr'>feliciter</span> <span class='ocrx_word' id='word_1_95' title='bbox 967 1765 1213 1832; x_wconf 88' lang='lat' dir='ltr'>rexerat,</span> <span class='ocrx_word' id='word_1_96' title='bbox 1230 1763 1346 1816; x_wconf 90' lang='lat' dir='ltr'>Deo</span> <span class='ocrx_word' id='word_1_97' title='bbox 1377 1761 1833 1834; x_wconf 90' lang='lat' dir='ltr'>hominibusque</span> 
     </span>
    </p>
   </div>
   <div class='ocr_carea' id='block_1_17' title="bbox 172 1849 1834 1928">
    <p class='ocr_par' dir='ltr' id='par_1_17' title="bbox 172 1849 1834 1928">
     <span class='ocr_line' id='line_1_17' title="bbox 172 1849 1834 1928; baseline -0.002 -19"><span class='ocrx_word' id='word_1_98' title='bbox 172 1853 500 1928; x_wconf 86' lang='lat' dir='ltr'>grata,vita</span> <span class='ocrx_word' id='word_1_99' title='bbox 521 1867 752 1924; x_wconf 61' lang='lat' dir='ltr'>quoqua</span> <span class='ocrx_word' id='word_1_100' title='bbox 769 1855 828 1906; x_wconf 90' lang='lat' dir='ltr'>et</span> <span class='ocrx_word' id='word_1_101' title='bbox 850 1851 1036 1923; x_wconf 87' lang='lat' dir='ltr'>signis</span> <span class='ocrx_word' id='word_1_102' title='bbox 1066 1849 1382 1922; x_wconf 81' lang='lat' dir='ltr'>magniﬁca</span> <span class='ocrx_word' id='word_1_103' title='bbox 1405 1869 1420 1917; x_wconf 88' lang='lat'><strong>;</strong></span> <span class='ocrx_word' id='word_1_104' title='bbox 1456 1851 1515 1905; x_wconf 91' lang='lat' dir='ltr'>in</span> <span class='ocrx_word' id='word_1_105' title='bbox 1549 1851 1834 1906; x_wconf 86' lang='lat' dir='ltr'>sanctita-</span> 
     </span>
    </p>
   </div>
   <div class='ocr_carea' id='block_1_18' title="bbox 170 1937 1834 2014">
    <p class='ocr_par' dir='ltr' id='par_1_18' title="bbox 170 1937 1834 2014">
     <span class='ocr_line' id='line_1_18' title="bbox 170 1937 1834 2014; baseline -0.002 -16"><span class='ocrx_word' id='word_1_106' title='bbox 170 1943 258 1998; x_wconf 90' lang='lat' dir='ltr'>tis</span> <span class='ocrx_word' id='word_1_107' title='bbox 289 1941 587 2014; x_wconf 90' lang='lat' dir='ltr'>proposito</span> <span class='ocrx_word' id='word_1_108' title='bbox 619 1957 796 1994; x_wconf 85' lang='lat' dir='ltr'>cursu</span> <span class='ocrx_word' id='word_1_109' title='bbox 829 1937 1082 1994; x_wconf 84' lang='lat' dir='ltr'>ﬁdeliter</span> <span class='ocrx_word' id='word_1_110' title='bbox 1111 1942 1834 2005; x_wconf 85' lang='lat' dir='ltr'>consummato,coronam</span> 
     </span>
    </p>
   </div>
   <div class='ocr_carea' id='block_1_19' title="bbox 160 2027 1914 2127">
    <p class='ocr_par' dir='ltr' id='par_1_19' title="bbox 160 2027 1914 2127">
     <span class='ocr_line' id='line_1_19' title="bbox 160 2027 1914 2127; baseline -0.002 -41"><span class='ocrx_word' id='word_1_111' title='bbox 160 2031 422 2103; x_wconf 68' lang='lat' dir='ltr'>justitiae</span> <span class='ocrx_word' id='word_1_112' title='bbox 455 2033 804 2102; x_wconf 86' lang='lat' dir='ltr'>perceptura</span> <span class='ocrx_word' id='word_1_113' title='bbox 818 2027 1134 2127; x_wconf 40' lang='lat' dir='ltr'>a.Domi‘no.</span> <span class='ocrx_word' id='word_1_114' title='bbox 1155 2027 1504 2127; x_wconf 71' lang='lat' dir='ltr'>Sponsoque</span> <span class='ocrx_word' id='word_1_115' title='bbox 1515 2028 1615 2083; x_wconf 92' lang='lat' dir='ltr'>diu</span> <span class='ocrx_word' id='word_1_116' title='bbox 1638 2028 1835 2127; x_wconf 76' lang='lat' dir='ltr'>cupito</span> <span class='ocrx_word' id='word_1_117' title='bbox 1865 2063 1914 2127; x_wconf 82' lang='lat' dir='ltr'><strong>B</strong></span> 
     </span>
    </p>
   </div>
   <div class='ocr_carea' id='block_1_20' title="bbox 170 2115 1838 2189">
    <p class='ocr_par' dir='ltr' id='par_1_20' title="bbox 170 2115 1838 2189">
     <span class='ocr_line' id='line_1_20' title="bbox 170 2115 1838 2189; baseline -0.001 -15"><span class='ocrx_word' id='word_1_118' title='bbox 170 2117 400 2174; x_wconf 77' lang='lat' dir='ltr'>ccelesti</span> <span class='ocrx_word' id='word_1_119' title='bbox 411 2119 539 2189; x_wconf 87' lang='lat' dir='ltr'>jam</span> <span class='ocrx_word' id='word_1_120' title='bbox 558 2116 838 2172; x_wconf 83' lang='lat' dir='ltr'>socianda</span> <span class='ocrx_word' id='word_1_121' title='bbox 854 2115 913 2170; x_wconf 92' lang='lat' dir='ltr'>in</span> <span class='ocrx_word' id='word_1_122' title='bbox 931 2115 1212 2184; x_wconf 82' lang='lat' dir='ltr'>thalamo,</span> <span class='ocrx_word' id='word_1_123' title='bbox 1229 2115 1611 2171; x_wconf 88' lang='lat' dir='ltr'>immaculata</span> <span class='ocrx_word' id='word_1_124' title='bbox 1627 2117 1838 2188; x_wconf 83' lang='lat' dir='ltr'>migra-</span> 
     </span>
    </p>
   </div>
   <div class='ocr_carea' id='block_1_21' title="bbox 169 2203 1835 2276">
    <p class='ocr_par' dir='ltr' id='par_1_21' title="bbox 169 2203 1835 2276">
     <span class='ocr_line' id='line_1_21' title="bbox 169 2203 1835 2276; baseline -0.001 -14"><span class='ocrx_word' id='word_1_125' title='bbox 169 2207 266 2262; x_wconf 92' lang='lat' dir='ltr'>vit</span> <span class='ocrx_word' id='word_1_126' title='bbox 295 2225 329 2261; x_wconf 90' lang='lat' dir='ltr'>a</span> <span class='ocrx_word' id='word_1_127' title='bbox 359 2205 571 2260; x_wconf 70' lang='lat' dir='ltr'>smculo</span> <span class='ocrx_word' id='word_1_128' title='bbox 602 2206 773 2274; x_wconf 83' lang='grc'>(324).</span> <span class='ocrx_word' id='word_1_129' title='bbox 808 2205 1023 2260; x_wconf 90' lang='lat' dir='ltr'>Totum</span> <span class='ocrx_word' id='word_1_130' title='bbox 1056 2209 1336 2276; x_wconf 64' lang='lat' dir='ltr'>praeterea</span> <span class='ocrx_word' id='word_1_131' title='bbox 1365 2203 1544 2275; x_wconf 85' lang='lat' dir='ltr'>hujus</span> <span class='ocrx_word' id='word_1_132' title='bbox 1575 2204 1835 2276; x_wconf 85' lang='lat' dir='ltr'>spatium</span> 
     </span>
    </p>
   </div>
   <div class='ocr_carea' id='block_1_22' title="bbox 172 2293 1836 2365">
    <p class='ocr_par' dir='ltr' id='par_1_22' title="bbox 172 2293 1836 2365">
     <span class='ocr_line' id='line_1_22' title="bbox 172 2293 1836 2365; baseline -0.002 -13"><span class='ocrx_word' id='word_1_133' title='bbox 172 2293 564 2352; x_wconf 83' lang='lat' dir='ltr'>mortalitatis</span> <span class='ocrx_word' id='word_1_134' title='bbox 595 2293 842 2365; x_wconf 85' lang='lat' dir='ltr'>triginta</span> <span class='ocrx_word' id='word_1_135' title='bbox 871 2309 1159 2348; x_wconf 90' lang='lat' dir='ltr'>annorum</span> <span class='ocrx_word' id='word_1_136' title='bbox 1183 2307 1361 2346; x_wconf 89' lang='lat' dir='ltr'>cursu</span> <span class='ocrx_word' id='word_1_137' title='bbox 1381 2308 1511 2346; x_wconf 90' lang='lat' dir='ltr'>eam</span> <span class='ocrx_word' id='word_1_138' title='bbox 1533 2307 1836 2348; x_wconf 89' lang='lat' dir='ltr'>emensam</span> 
     </span>
    </p>
   </div>
   <div class='ocr_carea' id='block_1_23' title="bbox 171 2379 1838 2453">
    <p class='ocr_par' dir='ltr' id='par_1_23' title="bbox 171 2379 1838 2453">
     <span class='ocr_line' id='line_1_23' title="bbox 171 2379 1838 2453; baseline -0.003 -12"><span class='ocrx_word' id='word_1_139' title='bbox 171 2399 312 2441; x_wconf 88' lang='lat' dir='ltr'>esse</span> <span class='ocrx_word' id='word_1_140' title='bbox 343 2383 714 2438; x_wconf 81' lang='lat' dir='ltr'>conﬁrmant.</span> <span class='ocrx_word' id='word_1_141' title='bbox 731 2382 846 2436; x_wconf 91' lang='lat' dir='ltr'>Nec</span> <span class='ocrx_word' id='word_1_142' title='bbox 869 2397 1010 2436; x_wconf 90' lang='lat' dir='ltr'>sane</span> <span class='ocrx_word' id='word_1_143' title='bbox 1023 2380 1292 2436; x_wconf 75' lang='lat' dir='ltr'>demtatis</span> <span class='ocrx_word' id='word_1_144' title='bbox 1305 2380 1446 2453; x_wconf 90' lang='lat' dir='ltr'>quid</span> <span class='ocrx_word' id='word_1_145' title='bbox 1472 2379 1838 2452; x_wconf 88' lang='lat' dir='ltr'>plenitudine</span> 
     </span>
    </p>
   </div>
   <div class='ocr_carea' id='block_1_24' title="bbox 172 2469 1836 2546">
    <p class='ocr_par' dir='ltr' id='par_1_24' title="bbox 172 2469 1836 2546">
     <span class='ocr_line' id='line_1_24' title="bbox 172 2469 1836 2546; baseline -0.002 -17"><span class='ocrx_word' id='word_1_146' title='bbox 172 2470 818 2546; x_wconf 89' lang='lat' dir='ltr'>perquirendum,cum</span> <span class='ocrx_word' id='word_1_147' title='bbox 853 2469 1140 2542; x_wconf 90' lang='lat' dir='ltr'>quidquid</span> <span class='ocrx_word' id='word_1_148' title='bbox 1174 2470 1431 2525; x_wconf 80' lang='lat' dir='ltr'>fructum</span> <span class='ocrx_word' id='word_1_149' title='bbox 1480 2487 1714 2526; x_wconf 72' lang='lat' dir='ltr'>annosa:</span> <span class='ocrx_word' id='word_1_150' title='bbox 1747 2485 1836 2525; x_wconf 91' lang='lat' dir='ltr'>se-</span> 
     </span>
    </p>
   </div>
   <div class='ocr_carea' id='block_1_25' title="bbox 173 2557 1842 2630">
    <p class='ocr_par' dir='ltr' id='par_1_25' title="bbox 173 2557 1842 2630">
     <span class='ocr_line' id='line_1_25' title="bbox 173 2557 1842 2630; baseline -0.003 -11"><span class='ocrx_word' id='word_1_151' title='bbox 173 2561 411 2619; x_wconf 90' lang='lat' dir='ltr'>nectuti</span> <span class='ocrx_word' id='word_1_152' title='bbox 443 2564 602 2616; x_wconf 89' lang='lat' dir='ltr'>esset</span> <span class='ocrx_word' id='word_1_153' title='bbox 633 2575 1034 2630; x_wconf 89' lang='lat' dir='ltr'>accessurum,</span> <span class='ocrx_word' id='word_1_154' title='bbox 1063 2557 1172 2614; x_wconf 92' lang='lat' dir='ltr'>hoc</span> <span class='ocrx_word' id='word_1_155' title='bbox 1222 2558 1380 2615; x_wconf 84' lang='lat' dir='ltr'>brevi</span> <span class='ocrx_word' id='word_1_156' title='bbox 1431 2563 1842 2614; x_wconf 89' lang='lat' dir='ltr'>consummata</span> 
     </span>
    </p>
   </div>
   <div class='ocr_carea' id='block_1_26' title="bbox 172 2647 1842 2723">
    <p class='ocr_par' dir='ltr' id='par_1_26' title="bbox 172 2647 1842 2723">
     <span class='ocr_line' id='line_1_26' title="bbox 172 2647 1842 2723; baseline -0.003 -15"><span class='ocrx_word' id='word_1_157' title='bbox 172 2650 333 2709; x_wconf 88' lang='lat' dir='ltr'>nihil</span> <span class='ocrx_word' id='word_1_158' title='bbox 374 2651 658 2723; x_wconf 86' lang='lat' dir='ltr'>juventus</span> <span class='ocrx_word' id='word_1_159' title='bbox 707 2648 1042 2704; x_wconf 85' lang='lat' dir='ltr'>detraxerit.</span> <span class='ocrx_word' id='word_1_160' title='bbox 1071 2647 1213 2704; x_wconf 82' lang='lat' dir='ltr'>Sunt</span> <span class='ocrx_word' id='word_1_161' title='bbox 1231 2647 1386 2704; x_wconf 91' lang='lat' dir='ltr'>enim</span> <span class='ocrx_word' id='word_1_162' title='bbox 1412 2649 1585 2720; x_wconf 81' lang='lat' dir='ltr'>juxta</span> <span class='ocrx_word' id='word_1_163' title='bbox 1605 2649 1842 2720; x_wconf 89' lang='lat' dir='ltr'>Sapien-</span> 
     </span>
    </p>
   </div>
   <div class='ocr_carea' id='block_1_27' title="bbox 173 2739 1842 2811">
    <p class='ocr_par' dir='ltr' id='par_1_27' title="bbox 173 2739 1842 2811">
     <span class='ocr_line' id='line_1_27' title="bbox 173 2739 1842 2811; baseline -0.004 -13"><span class='ocrx_word' id='word_1_164' title='bbox 173 2743 358 2811; x_wconf 86' lang='lat' dir='ltr'>tiam,</span> <span class='ocrx_word' id='word_1_165' title='bbox 387 2741 516 2796; x_wconf 86' lang='lat' dir='ltr'>cam&#39;</span> <span class='ocrx_word' id='word_1_166' title='bbox 538 2755 728 2796; x_wconf 79' lang='lat' dir='ltr'>sensus</span> <span class='ocrx_word' id='word_1_167' title='bbox 755 2739 1017 2808; x_wconf 85' lang='lat' dir='ltr'>hommis,</span> <span class='ocrx_word' id='word_1_168' title='bbox 1047 2745 1097 2794; x_wconf 86' lang='lat' dir='ltr'>et</span> <span class='ocrx_word' id='word_1_169' title='bbox 1125 2739 1574 2794; x_wconf 70' lang='lat' dir='ltr'>a’tas&#39;serwctutis</span> <span class='ocrx_word' id='word_1_170' title='bbox 1604 2739 1695 2793; x_wconf 88' lang='lat' dir='ltr'>via</span> <span class='ocrx_word' id='word_1_171' title='bbox 1743 2740 1842 2793; x_wconf 85' lang='lat' dir='ltr'>im-</span> 
     </span>
    </p>
   </div>
   <div class='ocr_carea' id='block_1_28' title="bbox 171 2827 1842 2902">
    <p class='ocr_par' dir='ltr' id='par_1_28' title="bbox 171 2827 1842 2902">
     <span class='ocr_line' id='line_1_28' title="bbox 171 2827 1842 2902; baseline -0.003 -15"><span class='ocrx_word' id='word_1_172' title='bbox 171 2831 462 2887; x_wconf 81' lang='lat' dir='ltr'>maculata</span> <span class='ocrx_word' id='word_1_173' title='bbox 493 2829 642 2902; x_wconf 89' lang='lat' dir='ltr'>(Sap.</span> <span class='ocrx_word' id='word_1_174' title='bbox 661 2830 762 2900; x_wconf 78' lang='grc' dir='ltr'>ιν),</span> <span class='ocrx_word' id='word_1_175' title='bbox 777 2827 928 2894; x_wconf 89' lang='lat' dir='ltr'>Quin</span> <span class='ocrx_word' id='word_1_176' title='bbox 961 2827 1162 2899; x_wconf 89' lang='lat' dir='ltr'>potius</span> <span class='ocrx_word' id='word_1_177' title='bbox 1184 2843 1399 2900; x_wconf 85' lang='lat' dir='ltr'>magno</span> <span class='ocrx_word' id='word_1_178' title='bbox 1423 2827 1526 2883; x_wconf 91' lang='lat' dir='ltr'>Dei</span> <span class='ocrx_word' id='word_1_179' title='bbox 1559 2828 1712 2883; x_wconf 91' lang='lat' dir='ltr'>dono</span> <span class='ocrx_word' id='word_1_180' title='bbox 1741 2827 1842 2900; x_wconf 84' lang='lat' dir='ltr'>ju-</span> 
     </span>
    </p>
   </div>
   <div class='ocr_carea' id='block_1_29' title="bbox 174 2915 1841 2991">
    <p class='ocr_par' dir='ltr' id='par_1_29' title="bbox 174 2915 1841 2991">
     <span class='ocr_line' id='line_1_29' title="bbox 174 2915 1841 2991; baseline -0.002 -16"><span class='ocrx_word' id='word_1_181' title='bbox 174 2920 260 2976; x_wconf 89' lang='lat' dir='ltr'>sti</span> <span class='ocrx_word' id='word_1_182' title='bbox 299 2917 726 2991; x_wconf 79' lang='lat' dir='ltr'>aetcrnaquiete</span> <span class='ocrx_word' id='word_1_183' title='bbox 738 2917 953 2989; x_wconf 89' lang='lat' dir='ltr'>recepti</span> <span class='ocrx_word' id='word_1_184' title='bbox 979 2915 1200 2972; x_wconf 92' lang='lat' dir='ltr'>mundo</span> <span class='ocrx_word' id='word_1_185' title='bbox 1222 2917 1460 2989; x_wconf 86' lang='lat' dir='ltr'>provide</span> <span class='ocrx_word' id='word_1_186' title='bbox 1481 2916 1841 2972; x_wconf 88' lang='lat' dir='ltr'>subtrahun-</span> 
     </span>
    </p>
   </div>
   <div class='ocr_carea' id='block_1_30' title="bbox 172 3004 1847 3080">
    <p class='ocr_par' dir='ltr' id='par_1_30' title="bbox 172 3004 1847 3080">
     <span class='ocr_line' id='line_1_30' title="bbox 172 3004 1847 3080; baseline -0.001 -16"><span class='ocrx_word' id='word_1_187' title='bbox 172 3013 307 3080; x_wconf 84' lang='lat' dir='ltr'>tur,</span> <span class='ocrx_word' id='word_1_188' title='bbox 325 3022 398 3063; x_wconf 88' lang='lat' dir='ltr'>ne</span> <span class='ocrx_word' id='word_1_189' title='bbox 427 3007 692 3062; x_wconf 88' lang='lat' dir='ltr'>videntes</span> <span class='ocrx_word' id='word_1_190' title='bbox 724 3005 881 3062; x_wconf 88' lang='lat' dir='ltr'>mala</span> <span class='ocrx_word' id='word_1_191' title='bbox 911 3022 1036 3078; x_wconf 77' lang='lat' dir='ltr'>quae</span> <span class='ocrx_word' id='word_1_192' title='bbox 1072 3006 1223 3060; x_wconf 83' lang='lat' dir='ltr'>fiunt</span> <span class='ocrx_word' id='word_1_193' title='bbox 1253 3006 1364 3061; x_wconf 90' lang='lat' dir='ltr'>sub</span> <span class='ocrx_word' id='word_1_194' title='bbox 1395 3004 1847 3076; x_wconf 87' lang='lat' dir='ltr'>sole,autinter—</span> 
     </span>
    </p>
   </div>
   <div class='ocr_carea' id='block_1_31' title="bbox 171 3093 1845 3170">
    <p class='ocr_par' dir='ltr' id='par_1_31' title="bbox 171 3093 1845 3170">
     <span class='ocr_line' id='line_1_31' title="bbox 171 3093 1845 3170; baseline -0.002 -16"><span class='ocrx_word' id='word_1_195' title='bbox 171 3099 279 3154; x_wconf 91' lang='lat' dir='ltr'>nis</span> <span class='ocrx_word' id='word_1_196' title='bbox 309 3095 622 3170; x_wconf 86' lang='lat' dir='ltr'>paululum</span> <span class='ocrx_word' id='word_1_197' title='bbox 655 3097 1026 3151; x_wconf 87' lang='lat' dir='ltr'>remorentur</span> <span class='ocrx_word' id='word_1_198' title='bbox 1056 3093 1311 3164; x_wconf 85' lang='lat' dir='ltr'>deliciis;</span> <span class='ocrx_word' id='word_1_199' title='bbox 1344 3098 1447 3150; x_wconf 90' lang='lat' dir='ltr'>aut</span> <span class='ocrx_word' id='word_1_200' title='bbox 1473 3093 1633 3151; x_wconf 88' lang='lat' dir='ltr'>vitiis</span> <span class='ocrx_word' id='word_1_201' title='bbox 1656 3095 1845 3168; x_wconf 88' lang='lat' dir='ltr'>ipsius</span> 
     </span>
    </p>
   </div>
   <div class='ocr_carea' id='block_1_32' title="bbox 171 3183 1844 3257">
    <p class='ocr_par' dir='ltr' id='par_1_32' title="bbox 171 3183 1844 3257">
     <span class='ocr_line' id='line_1_32' title="bbox 171 3183 1844 3257; baseline -0.002 -13"><span class='ocrx_word' id='word_1_202' title='bbox 171 3185 593 3254; x_wconf 86' lang='lat' dir='ltr'>mortalitatis,</span> <span class='ocrx_word' id='word_1_203' title='bbox 609 3200 860 3257; x_wconf 89' lang='lat' dir='ltr'>quorum</span> <span class='ocrx_word' id='word_1_204' title='bbox 874 3183 998 3257; x_wconf 89' lang='lat' dir='ltr'>ipse</span> <span class='ocrx_word' id='word_1_205' title='bbox 1013 3199 1244 3257; x_wconf 89' lang='lat' dir='ltr'>quoque</span> <span class='ocrx_word' id='word_1_206' title='bbox 1255 3183 1542 3240; x_wconf 87' lang='lat' dir='ltr'>obnoxius</span> <span class='ocrx_word' id='word_1_207' title='bbox 1559 3183 1844 3254; x_wconf 85' lang='lat' dir='ltr'>estvisus,</span> 
     </span>
    </p>
   </div>
   <div class='ocr_carea' id='block_1_33' title="bbox 1939 779 3594 852">
    <p class='ocr_par' dir='ltr' id='par_1_33' title="bbox 1939 779 3594 852">
     <span class='ocr_line' id='line_1_33' title="bbox 1939 779 3594 852; baseline 0.004 -20"><span class='ocrx_word' id='word_1_208' title='bbox 1939 779 2071 834; x_wconf 86' lang='lat' dir='ltr'>dem</span> <span class='ocrx_word' id='word_1_209' title='bbox 2115 780 2453 850; x_wconf 88' lang='lat' dir='ltr'>Sapientia:</span> <span class='ocrx_word' id='word_1_210' title='bbox 2493 783 2722 852; x_wconf 83' lang='lat' dir='ltr'>Raptus,</span> <span class='ocrx_word' id='word_1_211' title='bbox 2755 780 2972 852; x_wconf 86' lang='lat' dir='ltr'>inquit,</span> <span class='ocrx_word' id='word_1_212' title='bbox 3001 798 3070 838; x_wconf 67' lang='lat' dir='ltr'>ne</span> <span class='ocrx_word' id='word_1_213' title='bbox 3098 783 3317 837; x_wconf 82' lang='lat' dir='ltr'>malitia</span> <span class='ocrx_word' id='word_1_214' title='bbox 3355 791 3594 839; x_wconf 81' lang='lat' dir='ltr'>mutaret</span> 
     </span>
    </p>
   </div>
   <div class='ocr_carea' id='block_1_34' title="bbox 1935 867 3586 941">
    <p class='ocr_par' dir='ltr' id='par_1_34' title="bbox 1935 867 3586 941">
     <span class='ocr_line' id='line_1_34' title="bbox 1935 867 3586 941; baseline 0.002 -18"><span class='ocrx_word' id='word_1_215' title='bbox 1935 885 2157 924; x_wconf 72' lang='lat' dir='ltr'>samum</span> <span class='ocrx_word' id='word_1_216' title='bbox 2185 870 2322 940; x_wconf 74' lang='lat' dir='ltr'>ejus,</span> <span class='ocrx_word' id='word_1_217' title='bbox 2355 876 2452 924; x_wconf 81' lang='lat' dir='ltr'>aut</span> <span class='ocrx_word' id='word_1_218' title='bbox 2477 867 2627 940; x_wconf 82' lang='lat' dir='ltr'>ﬁctio</span> <span class='ocrx_word' id='word_1_219' title='bbox 2652 869 2921 941; x_wconf 75' lang='lat' dir='ltr'>deciperet</span> <span class='ocrx_word' id='word_1_220' title='bbox 2947 871 3194 925; x_wconf 80' lang='lat' dir='ltr'>animum</span> <span class='ocrx_word' id='word_1_221' title='bbox 3225 872 3381 926; x_wconf 81' lang='lat' dir='ltr'>illius</span> <span class='ocrx_word' id='word_1_222' title='bbox 3401 872 3586 940; x_wconf 79' lang='lat' dir='ltr'>(Ibid).</span> 
     </span>
    </p>
   </div>
   <div class='ocr_carea' id='block_1_35' title="bbox 1940 957 3588 1031">
    <p class='ocr_par' dir='ltr' id='par_1_35' title="bbox 1940 957 3588 1031">
     <span class='ocr_line' id='line_1_35' title="bbox 1940 957 3588 1031; baseline 0.002 -19"><span class='ocrx_word' id='word_1_223' title='bbox 1940 957 2140 1012; x_wconf 87' lang='lat' dir='ltr'>Funus</span> <span class='ocrx_word' id='word_1_224' title='bbox 2173 957 2396 1012; x_wconf 88' lang='lat' dir='ltr'>interea</span> <span class='ocrx_word' id='word_1_225' title='bbox 2419 975 2488 1014; x_wconf 88' lang='lat' dir='ltr'>ex</span> <span class='ocrx_word' id='word_1_226' title='bbox 2517 957 2901 1031; x_wconf 85' lang='lat' dir='ltr'>consequenti</span> <span class='ocrx_word' id='word_1_227' title='bbox 2937 958 3134 1014; x_wconf 85' lang='lat' dir='ltr'>debito</span> <span class='ocrx_word' id='word_1_228' title='bbox 3171 959 3389 1015; x_wconf 88' lang='lat' dir='ltr'>honore</span> <span class='ocrx_word' id='word_1_229' title='bbox 3420 977 3588 1016; x_wconf 91' lang='lat' dir='ltr'>cura-</span> 
     </span>
    </p>
   </div>
   <div class='ocr_carea' id='block_1_36' title="bbox 1941 1048 3589 1122">
    <p class='ocr_par' dir='ltr' id='par_1_36' title="bbox 1941 1048 3589 1122">
     <span class='ocr_line' id='line_1_36' title="bbox 1941 1048 3589 1122; baseline 0.003 -22"><span class='ocrx_word' id='word_1_230' title='bbox 1941 1049 2055 1111; x_wconf 90' lang='lat' dir='ltr'>tur,</span> <span class='ocrx_word' id='word_1_231' title='bbox 2072 1050 2129 1102; x_wconf 90' lang='lat' dir='ltr'>et</span> <span class='ocrx_word' id='word_1_232' title='bbox 2161 1048 2231 1100; x_wconf 89' lang='lat' dir='ltr'>de</span> <span class='ocrx_word' id='word_1_233' title='bbox 2262 1062 2422 1102; x_wconf 88' lang='lat' dir='ltr'>more</span> <span class='ocrx_word' id='word_1_234' title='bbox 2454 1065 2488 1101; x_wconf 91' lang='lat' dir='ltr'>a</span> <span class='ocrx_word' id='word_1_235' title='bbox 2518 1063 2580 1102; x_wconf 91' lang='lat' dir='ltr'>se</span> <span class='ocrx_word' id='word_1_236' title='bbox 2614 1048 2669 1102; x_wconf 90' lang='lat' dir='ltr'>in</span> <span class='ocrx_word' id='word_1_237' title='bbox 2702 1048 2908 1102; x_wconf 87' lang='lat' dir='ltr'>eodem</span> <span class='ocrx_word' id='word_1_238' title='bbox 2943 1050 3589 1122; x_wconf 87' lang='lat' dir='ltr'>monasteriojamindc</span> 
     </span>
    </p>
   </div>
   <div class='ocr_carea' id='block_1_37' title="bbox 1909 1135 3588 1208">
    <p class='ocr_par' dir='ltr' id='par_1_37' title="bbox 1909 1135 3588 1208">
     <span class='ocr_line' id='line_1_37' title="bbox 1909 1135 3588 1208; baseline 0.003 -19"><span class='ocrx_word' id='word_1_239' title='bbox 1909 1149 1912 1153; x_wconf 88' lang='lat'>&#39;</span> <span class='ocrx_word' id='word_1_240' title='bbox 1941 1135 2014 1189; x_wconf 89' lang='lat' dir='ltr'>ab</span> <span class='ocrx_word' id='word_1_241' title='bbox 2047 1135 2214 1191; x_wconf 90' lang='lat' dir='ltr'>initio</span> <span class='ocrx_word' id='word_1_242' title='bbox 2238 1135 2510 1191; x_wconf 74' lang='lat' dir='ltr'>instituto</span> <span class='ocrx_word' id='word_1_243' title='bbox 2540 1153 2752 1208; x_wconf 86' lang='lat' dir='ltr'>corpus</span> <span class='ocrx_word' id='word_1_244' title='bbox 2788 1138 2860 1192; x_wconf 91' lang='lat' dir='ltr'>ad</span> <span class='ocrx_word' id='word_1_245' title='bbox 2902 1137 3207 1193; x_wconf 86' lang='lat' dir='ltr'>basilicam</span> <span class='ocrx_word' id='word_1_246' title='bbox 3249 1143 3588 1194; x_wconf 88' lang='lat' dir='ltr'>sanctorum</span> 
     </span>
    </p>
   </div>
   <div class='ocr_carea' id='block_1_38' title="bbox 1941 1223 3587 1300">
    <p class='ocr_par' dir='ltr' id='par_1_38' title="bbox 1941 1223 3587 1300">
     <span class='ocr_line' id='line_1_38' title="bbox 1941 1223 3587 1300; baseline 0.004 -23"><span class='ocrx_word' id='word_1_247' title='bbox 1941 1223 2340 1295; x_wconf 83' lang='lat' dir='ltr'>apostolorum</span> <span class='ocrx_word' id='word_1_248' title='bbox 2355 1224 2508 1280; x_wconf 88' lang='lat' dir='ltr'>haud</span> <span class='ocrx_word' id='word_1_249' title='bbox 2523 1224 2694 1298; x_wconf 79' lang='lat' dir='ltr'>longe</span> <span class='ocrx_word' id='word_1_250' title='bbox 2715 1227 3055 1282; x_wconf 82' lang='lat' dir='ltr'>amcenibus</span> <span class='ocrx_word' id='word_1_251' title='bbox 3080 1227 3242 1282; x_wconf 84' lang='lat' dir='ltr'>urbis</span> <span class='ocrx_word' id='word_1_252' title='bbox 3263 1229 3334 1282; x_wconf 88' lang='lat' dir='ltr'>ad</span> <span class='ocrx_word' id='word_1_253' title='bbox 3361 1233 3587 1300; x_wconf 88' lang='lat' dir='ltr'>portam</span> 
     </span>
    </p>
   </div>
   <div class='ocr_carea' id='block_1_39' title="bbox 1943 1314 3589 1390">
    <p class='ocr_par' dir='ltr' id='par_1_39' title="bbox 1943 1314 3589 1390">
     <span class='ocr_line' id='line_1_39' title="bbox 1943 1314 3589 1390; baseline 0.004 -23"><span class='ocrx_word' id='word_1_254' title='bbox 1943 1314 2248 1369; x_wconf 84' lang='lat' dir='ltr'>meridiem</span> <span class='ocrx_word' id='word_1_255' title='bbox 2279 1331 2483 1369; x_wconf 89' lang='lat' dir='ltr'>versus</span> <span class='ocrx_word' id='word_1_256' title='bbox 2515 1315 2772 1382; x_wconf 66' lang='lat' dir='ltr'>effertur,</span> <span class='ocrx_word' id='word_1_257' title='bbox 2799 1320 2973 1388; x_wconf 88' lang='lat' dir='ltr'>atque</span> <span class='ocrx_word' id='word_1_258' title='bbox 3006 1316 3083 1371; x_wconf 88' lang='lat' dir='ltr'>ibi</span> <span class='ocrx_word' id='word_1_259' title='bbox 3121 1317 3178 1372; x_wconf 90' lang='lat' dir='ltr'>in</span> <span class='ocrx_word' id='word_1_260' title='bbox 3201 1323 3403 1390; x_wconf 83' lang='lat' dir='ltr'>crypta</span> <span class='ocrx_word' id='word_1_261' title='bbox 3420 1317 3589 1390; x_wconf 83' lang='lat' dir='ltr'>longe</span> 
     </span>
    </p>
   </div>
   <div class='ocr_carea' id='block_1_40' title="bbox 1942 1402 3587 1476">
    <p class='ocr_par' dir='ltr' id='par_1_40' title="bbox 1942 1402 3587 1476">
     <span class='ocr_line' id='line_1_40' title="bbox 1942 1402 3587 1476; baseline 0.002 -20"><span class='ocrx_word' id='word_1_262' title='bbox 1942 1402 2188 1457; x_wconf 84' lang='lat' dir='ltr'>inferius</span> <span class='ocrx_word' id='word_1_263' title='bbox 2211 1403 2479 1458; x_wconf 84' lang='lat' dir='ltr'>demersa</span> <span class='ocrx_word' id='word_1_264' title='bbox 2499 1404 2572 1458; x_wconf 89' lang='lat' dir='ltr'>ad</span> <span class='ocrx_word' id='word_1_265' title='bbox 2595 1402 2751 1458; x_wconf 88' lang='lat' dir='ltr'>latus</span> <span class='ocrx_word' id='word_1_266' title='bbox 2773 1403 3078 1460; x_wconf 86' lang='lat' dir='ltr'>sinistrum</span> <span class='ocrx_word' id='word_1_267' title='bbox 3104 1405 3378 1476; x_wconf 87' lang='lat' dir='ltr'>deponitu</span> <span class='ocrx_word' id='word_1_268' title='bbox 3389 1405 3587 1460; x_wconf 89' lang='lat' dir='ltr'>r.Nam</span> 
     </span>
    </p>
   </div>
   <div class='ocr_carea' id='block_1_41' title="bbox 1941 1490 3590 1565">
    <p class='ocr_par' dir='ltr' id='par_1_41' title="bbox 1941 1490 3590 1565">
     <span class='ocr_line' id='line_1_41' title="bbox 1941 1490 3590 1565; baseline 0.002 -21"><span class='ocrx_word' id='word_1_269' title='bbox 1941 1490 2051 1545; x_wconf 89' lang='lat' dir='ltr'>hoc</span> <span class='ocrx_word' id='word_1_270' title='bbox 2092 1491 2248 1546; x_wconf 90' lang='lat' dir='ltr'>idem</span> <span class='ocrx_word' id='word_1_271' title='bbox 2294 1491 2425 1564; x_wconf 89' lang='lat' dir='ltr'>ipsa</span> <span class='ocrx_word' id='word_1_272' title='bbox 2470 1491 2670 1547; x_wconf 84' lang='lat' dir='ltr'>vivens</span> <span class='ocrx_word' id='word_1_273' title='bbox 2702 1496 2768 1547; x_wconf 93' lang='lat' dir='ltr'>ut</span> <span class='ocrx_word' id='word_1_274' title='bbox 2801 1493 3253 1564; x_wconf 79' lang='lat' dir='ltr'>fieretjusscrat</span> <span class='ocrx_word' id='word_1_275' title='bbox 3287 1510 3300 1550; x_wconf 92' lang='lat'>:</span> <span class='ocrx_word' id='word_1_276' title='bbox 3337 1511 3402 1552; x_wconf 87' lang='lat' dir='ltr'>eo</span> <span class='ocrx_word' id='word_1_277' title='bbox 3435 1494 3590 1565; x_wconf 87' lang='lat' dir='ltr'>quod</span> 
     </span>
    </p>
   </div>
   <div class='ocr_carea' id='block_1_42' title="bbox 1943 1581 3588 1653">
    <p class='ocr_par' dir='ltr' id='par_1_42' title="bbox 1943 1581 3588 1653">
     <span class='ocr_line' id='line_1_42' title="bbox 1943 1581 3588 1653; baseline 0 -17"><span class='ocrx_word' id='word_1_278' title='bbox 1943 1581 2343 1636; x_wconf 74' lang='lat' dir='ltr'>ccemeterium</span> <span class='ocrx_word' id='word_1_279' title='bbox 2375 1585 2714 1636; x_wconf 89' lang='lat' dir='ltr'>sanctarum</span> <span class='ocrx_word' id='word_1_280' title='bbox 2740 1581 3069 1653; x_wconf 87' lang='lat' dir='ltr'>puellarum</span> <span class='ocrx_word' id='word_1_281' title='bbox 3097 1583 3363 1653; x_wconf 87' lang='lat' dir='ltr'>ejusdem</span> <span class='ocrx_word' id='word_1_282' title='bbox 3396 1583 3505 1638; x_wconf 91' lang='lat' dir='ltr'>loci</span> <span class='ocrx_word' id='word_1_283' title='bbox 3531 1583 3588 1636; x_wconf 88' lang='lat' dir='ltr'>in</span> 
     </span>
    </p>
   </div>
   <div class='ocr_carea' id='block_1_43' title="bbox 1943 1669 3594 1745">
    <p class='ocr_par' dir='ltr' id='par_1_43' title="bbox 1943 1669 3594 1745">
     <span class='ocr_line' id='line_1_43' title="bbox 1943 1669 3594 1745; baseline 0.003 -22"><span class='ocrx_word' id='word_1_284' title='bbox 1943 1669 2222 1742; x_wconf 67' lang='lat' dir='ltr'>praedicta</span> <span class='ocrx_word' id='word_1_285' title='bbox 2242 1670 2640 1742; x_wconf 87' lang='lat' dir='ltr'>apostolorum</span> <span class='ocrx_word' id='word_1_286' title='bbox 2671 1670 2918 1726; x_wconf 88' lang='lat' dir='ltr'>ecclesia</span> <span class='ocrx_word' id='word_1_287' title='bbox 2949 1677 3089 1728; x_wconf 89' lang='lat' dir='ltr'>tunc</span> <span class='ocrx_word' id='word_1_288' title='bbox 3119 1673 3400 1745; x_wconf 88' lang='lat' dir='ltr'>temporis</span> <span class='ocrx_word' id='word_1_289' title='bbox 3422 1674 3594 1729; x_wconf 64' lang='lat' dir='ltr'>habe«</span> 
     </span>
    </p>
   </div>
   <div class='ocr_carea' id='block_1_44' title="bbox 1945 1759 3593 1832">
    <p class='ocr_par' dir='ltr' id='par_1_44' title="bbox 1945 1759 3593 1832">
     <span class='ocr_line' id='line_1_44' title="bbox 1945 1759 3593 1832; baseline 0.002 -20"><span class='ocrx_word' id='word_1_290' title='bbox 1945 1762 2132 1814; x_wconf 88' lang='lat' dir='ltr'>retur:</span> <span class='ocrx_word' id='word_1_291' title='bbox 2154 1759 2405 1814; x_wconf 91' lang='lat' dir='ltr'>necdum</span> <span class='ocrx_word' id='word_1_292' title='bbox 2435 1760 2585 1828; x_wconf 83' lang='lat'>(325)</span> <span class='ocrx_word' id='word_1_293' title='bbox 2617 1776 2828 1830; x_wconf 88' lang='lat' dir='ltr'>corpus</span> <span class='ocrx_word' id='word_1_294' title='bbox 2857 1759 3271 1832; x_wconf 82' lang='lat' dir='ltr'>gloriosissimi</span> <span class='ocrx_word' id='word_1_295' title='bbox 3303 1763 3593 1818; x_wconf 81' lang='lat' dir='ltr'>confesso-</span> 
     </span>
    </p>
   </div>
   <div class='ocr_carea' id='block_1_45' title="bbox 1944 1845 3594 1922">
    <p class='ocr_par' dir='ltr' id='par_1_45' title="bbox 1944 1845 3594 1922">
     <span class='ocr_line' id='line_1_45' title="bbox 1944 1845 3594 1922; baseline 0.002 -20"><span class='ocrx_word' id='word_1_296' title='bbox 1944 1847 2026 1902; x_wconf 91' lang='lat' dir='ltr'>ris</span> <span class='ocrx_word' id='word_1_297' title='bbox 2056 1846 2270 1903; x_wconf 88' lang='lat' dir='ltr'>Christi</span> <span class='ocrx_word' id='word_1_298' title='bbox 2295 1845 2540 1914; x_wconf 84' lang='lat' dir='ltr'>Arnulli,</span> <span class='ocrx_word' id='word_1_299' title='bbox 2557 1863 2732 1920; x_wconf 90' lang='lat' dir='ltr'>quem</span> <span class='ocrx_word' id='word_1_300' title='bbox 2749 1851 2882 1920; x_wconf 86' lang='lat' dir='ltr'>post</span> <span class='ocrx_word' id='word_1_301' title='bbox 2897 1848 3082 1905; x_wconf 83' lang='lat' dir='ltr'>multa</span> <span class='ocrx_word' id='word_1_302' title='bbox 3097 1849 3304 1906; x_wconf 79' lang='lat' dir='ltr'>exinde</span> <span class='ocrx_word' id='word_1_303' title='bbox 3329 1854 3594 1922; x_wconf 85' lang='lat' dir='ltr'>tempora</span> 
     </span>
    </p>
   </div>
   <div class='ocr_carea' id='block_1_46' title="bbox 1945 1935 3591 2009">
    <p class='ocr_par' dir='ltr' id='par_1_46' title="bbox 1945 1935 3591 2009">
     <span class='ocr_line' id='line_1_46' title="bbox 1945 1935 3591 2009; baseline 0.001 -18"><span class='ocrx_word' id='word_1_304' title='bbox 1945 1936 2178 2009; x_wconf 85' lang='lat' dir='ltr'>magnis</span> <span class='ocrx_word' id='word_1_305' title='bbox 2207 1936 2337 1992; x_wconf 64' lang='lat' dir='ltr'>vitae</span> <span class='ocrx_word' id='word_1_306' title='bbox 2369 1939 2428 1991; x_wconf 88' lang='lat' dir='ltr'>et</span> <span class='ocrx_word' id='word_1_307' title='bbox 2449 1935 2736 1991; x_wconf 86' lang='lat' dir='ltr'>virtutum</span> <span class='ocrx_word' id='word_1_308' title='bbox 2770 1936 2850 1992; x_wconf 94' lang='lat' dir='ltr'>ibi</span> <span class='ocrx_word' id='word_1_309' title='bbox 2881 1942 3114 1992; x_wconf 86' lang='lat' dir='ltr'>constat</span> <span class='ocrx_word' id='word_1_310' title='bbox 3142 1938 3426 1994; x_wconf 90' lang='lat' dir='ltr'>enituisse</span> <span class='ocrx_word' id='word_1_311' title='bbox 3449 1939 3591 1993; x_wconf 90' lang='lat' dir='ltr'>insi-</span> 
     </span>
    </p>
   </div>
   <div class='ocr_carea' id='block_1_47' title="bbox 1945 2025 3592 2099">
    <p class='ocr_par' dir='ltr' id='par_1_47' title="bbox 1945 2025 3592 2099">
     <span class='ocr_line' id='line_1_47' title="bbox 1945 2025 3592 2099; baseline 0.001 -19"><span class='ocrx_word' id='word_1_312' title='bbox 1945 2026 2184 2099; x_wconf 87' lang='lat' dir='ltr'>gnibus,</span> <span class='ocrx_word' id='word_1_313' title='bbox 2217 2026 2422 2082; x_wconf 88' lang='lat' dir='ltr'>eadem</span> <span class='ocrx_word' id='word_1_314' title='bbox 2455 2025 2702 2081; x_wconf 89' lang='lat' dir='ltr'>ecclesia</span> <span class='ocrx_word' id='word_1_315' title='bbox 2732 2032 2980 2099; x_wconf 82' lang='lat' dir='ltr'>augusto</span> <span class='ocrx_word' id='word_1_316' title='bbox 3011 2030 3101 2096; x_wconf 88' lang='lat' dir='ltr'>(ut</span> <span class='ocrx_word' id='word_1_317' title='bbox 3133 2045 3288 2083; x_wconf 90' lang='lat' dir='ltr'>nunc</span> <span class='ocrx_word' id='word_1_318' title='bbox 3310 2029 3592 2096; x_wconf 87' lang='lat' dir='ltr'>cernitur)</span> 
     </span>
    </p>
   </div>
   <div class='ocr_carea' id='block_1_48' title="bbox 1945 2113 3592 2191">
    <p class='ocr_par' dir='ltr' id='par_1_48' title="bbox 1945 2113 3592 2191">
     <span class='ocr_line' id='line_1_48' title="bbox 1945 2113 3592 2191; baseline 0.002 -21"><span class='ocrx_word' id='word_1_319' title='bbox 1945 2114 2174 2170; x_wconf 91' lang='lat' dir='ltr'>tumulo</span> <span class='ocrx_word' id='word_1_320' title='bbox 2207 2113 2582 2186; x_wconf 86' lang='lat' dir='ltr'>suscepisset.</span> <span class='ocrx_word' id='word_1_321' title='bbox 2601 2113 2764 2169; x_wconf 89' lang='lat' dir='ltr'>Unde</span> <span class='ocrx_word' id='word_1_322' title='bbox 2787 2113 2925 2170; x_wconf 90' lang='lat' dir='ltr'>huic</span> <span class='ocrx_word' id='word_1_323' title='bbox 2947 2115 3072 2172; x_wconf 87' lang='lat' dir='ltr'>loco</span> <span class='ocrx_word' id='word_1_324' title='bbox 3095 2121 3300 2188; x_wconf 86' lang='lat' dir='ltr'>postea</span> <span class='ocrx_word' id='word_1_325' title='bbox 3317 2122 3435 2173; x_wconf 88' lang='lat' dir='ltr'>tam</span> <span class='ocrx_word' id='word_1_326' title='bbox 3456 2135 3592 2191; x_wconf 90' lang='lat' dir='ltr'>pro-</span> 
     </span>
    </p>
   </div>
   <div class='ocr_carea' id='block_1_49' title="bbox 1944 2202 3592 2277">
    <p class='ocr_par' dir='ltr' id='par_1_49' title="bbox 1944 2202 3592 2277">
     <span class='ocr_line' id='line_1_49' title="bbox 1944 2202 3592 2277; baseline 0.002 -18"><span class='ocrx_word' id='word_1_327' title='bbox 1944 2209 2075 2276; x_wconf 89' lang='lat' dir='ltr'>pter</span> <span class='ocrx_word' id='word_1_328' title='bbox 2103 2204 2309 2259; x_wconf 88' lang='lat' dir='ltr'>crebra</span> <span class='ocrx_word' id='word_1_329' title='bbox 2339 2202 2625 2258; x_wconf 85' lang='lat' dir='ltr'>miracula</span> <span class='ocrx_word' id='word_1_330' title='bbox 2655 2202 2808 2274; x_wconf 87' lang='lat' dir='ltr'>ejus,</span> <span class='ocrx_word' id='word_1_331' title='bbox 2839 2221 3018 2275; x_wconf 86' lang='lat' dir='ltr'>quam</span> <span class='ocrx_word' id='word_1_332' title='bbox 3049 2209 3289 2277; x_wconf 88' lang='lat' dir='ltr'>propter</span> <span class='ocrx_word' id='word_1_333' title='bbox 3317 2207 3592 2262; x_wconf 90' lang='lat' dir='ltr'>nobilita-</span> 
     </span>
    </p>
   </div>
   <div class='ocr_carea' id='block_1_50' title="bbox 1944 2291 3594 2368">
    <p class='ocr_par' dir='ltr' id='par_1_50' title="bbox 1944 2291 3594 2368">
     <span class='ocr_line' id='line_1_50' title="bbox 1944 2291 3594 2368; baseline 0.003 -21"><span class='ocrx_word' id='word_1_334' title='bbox 1944 2296 2063 2348; x_wconf 89' lang='lat' dir='ltr'>tem</span> <span class='ocrx_word' id='word_1_335' title='bbox 2093 2291 2324 2365; x_wconf 82' lang='lat' dir='ltr'>generis</span> <span class='ocrx_word' id='word_1_336' title='bbox 2355 2291 2484 2362; x_wconf 85' lang='lat' dir='ltr'>ejus</span> <span class='ocrx_word' id='word_1_337' title='bbox 2513 2307 2727 2346; x_wconf 89' lang='lat' dir='ltr'>nomen</span> <span class='ocrx_word' id='word_1_338' title='bbox 2756 2291 3034 2360; x_wconf 90' lang='lat' dir='ltr'>inditum,</span> <span class='ocrx_word' id='word_1_339' title='bbox 3068 2311 3174 2348; x_wconf 91' lang='lat' dir='ltr'>nec</span> <span class='ocrx_word' id='word_1_340' title='bbox 3206 2300 3594 2368; x_wconf 66' lang='lat' dir='ltr'>prazterquam</span> 
     </span>
    </p>
   </div>
   <div class='ocr_carea' id='block_1_51' title="bbox 1945 2379 3598 2452">
    <p class='ocr_par' dir='ltr' id='par_1_51' title="bbox 1945 2379 3598 2452">
     <span class='ocr_line' id='line_1_51' title="bbox 1945 2379 3598 2452; baseline 0.002 -16"><span class='ocrx_word' id='word_1_341' title='bbox 1945 2382 2103 2436; x_wconf 89' lang='lat' dir='ltr'>beati</span> <span class='ocrx_word' id='word_1_342' title='bbox 2135 2380 2322 2452; x_wconf 88' lang='lat' dir='ltr'>ipsius</span> <span class='ocrx_word' id='word_1_343' title='bbox 2353 2379 2640 2434; x_wconf 85' lang='lat' dir='ltr'>antistitis</span> <span class='ocrx_word' id='word_1_344' title='bbox 2663 2381 2920 2449; x_wconf 89' lang='lat' dir='ltr'>nomine,</span> <span class='ocrx_word' id='word_1_345' title='bbox 2945 2381 3128 2437; x_wconf 85' lang='lat' dir='ltr'>ullius</span> <span class='ocrx_word' id='word_1_346' title='bbox 3159 2382 3402 2439; x_wconf 89' lang='lat' dir='ltr'>alterius</span> <span class='ocrx_word' id='word_1_347' title='bbox 3435 2402 3598 2440; x_wconf 84' lang='lat' dir='ltr'>sanc-</span> 
     </span>
    </p>
   </div>
   <div class='ocr_carea' id='block_1_52' title="bbox 1947 2469 3600 2543">
    <p class='ocr_par' dir='ltr' id='par_1_52' title="bbox 1947 2469 3600 2543">
     <span class='ocr_line' id='line_1_52' title="bbox 1947 2469 3600 2543; baseline 0.004 -19"><span class='ocrx_word' id='word_1_348' title='bbox 1947 2469 1990 2524; x_wconf 91' lang='lat' dir='ltr'>ti</span> <span class='ocrx_word' id='word_1_349' title='bbox 2023 2471 2177 2542; x_wconf 89' lang='lat' dir='ltr'>apnd</span> <span class='ocrx_word' id='word_1_350' title='bbox 2208 2469 2450 2543; x_wconf 72' lang='lat' dir='ltr'>vulgum</span> <span class='ocrx_word' id='word_1_351' title='bbox 2482 2469 2562 2524; x_wconf 89' lang='lat' dir='ltr'>ibi</span> <span class='ocrx_word' id='word_1_352' title='bbox 2597 2473 2836 2526; x_wconf 86' lang='lat' dir='ltr'>notatur</span> <span class='ocrx_word' id='word_1_353' title='bbox 2865 2471 3167 2528; x_wconf 86' lang='lat' dir='ltr'>memoria.</span> <span class='ocrx_word' id='word_1_354' title='bbox 3187 2473 3405 2529; x_wconf 87' lang='lat' dir='ltr'>Mansit</span> <span class='ocrx_word' id='word_1_355' title='bbox 3429 2491 3600 2531; x_wconf 89' lang='lat' dir='ltr'>vene-</span> 
     </span>
    </p>
   </div>
   <div class='ocr_carea' id='block_1_53' title="bbox 1951 2558 3598 2637">
    <p class='ocr_par' dir='ltr' id='par_1_53' title="bbox 1951 2558 3598 2637">
     <span class='ocr_line' id='line_1_53' title="bbox 1951 2558 3598 2637; baseline 0.004 -22"><span class='ocrx_word' id='word_1_356' title='bbox 1951 2559 2132 2615; x_wconf 88' lang='lat' dir='ltr'>rabile</span> <span class='ocrx_word' id='word_1_357' title='bbox 2162 2558 2378 2632; x_wconf 83' lang='lat' dir='ltr'>pignus</span> <span class='ocrx_word' id='word_1_358' title='bbox 2406 2575 2510 2630; x_wconf 90' lang='lat' dir='ltr'>per</span> <span class='ocrx_word' id='word_1_359' title='bbox 2537 2575 2724 2614; x_wconf 89' lang='lat' dir='ltr'>annos</span> <span class='ocrx_word' id='word_1_360' title='bbox 2755 2559 2989 2615; x_wconf 86' lang='lat' dir='ltr'>circiter</span> <span class='ocrx_word' id='word_1_361' title='bbox 3013 2561 3223 2634; x_wconf 81' lang='lat' dir='ltr'>viginti</span> <span class='ocrx_word' id='word_1_362' title='bbox 3257 2567 3315 2618; x_wconf 89' lang='lat' dir='ltr'>et</span> <span class='ocrx_word' id='word_1_363' title='bbox 3337 2564 3598 2637; x_wconf 90' lang='lat' dir='ltr'>quinque</span> 
     </span>
    </p>
   </div>
   <div class='ocr_carea' id='block_1_54' title="bbox 1951 2647 3599 2726">
    <p class='ocr_par' dir='ltr' id='par_1_54' title="bbox 1951 2647 3599 2726">
     <span class='ocr_line' id='line_1_54' title="bbox 1951 2647 3599 2726; baseline 0.003 -22"><span class='ocrx_word' id='word_1_364' title='bbox 1951 2649 2011 2704; x_wconf 91' lang='lat' dir='ltr'>in</span> <span class='ocrx_word' id='word_1_365' title='bbox 2043 2649 2247 2704; x_wconf 89' lang='lat' dir='ltr'>eodem</span> <span class='ocrx_word' id='word_1_366' title='bbox 2279 2647 2406 2704; x_wconf 91' lang='lat' dir='ltr'>loco</span> <span class='ocrx_word' id='word_1_367' title='bbox 2432 2649 2492 2702; x_wconf 93' lang='lat' dir='ltr'>in</span> <span class='ocrx_word' id='word_1_368' title='bbox 2524 2663 2664 2720; x_wconf 88' lang='lat' dir='ltr'>pace</span> <span class='ocrx_word' id='word_1_369' title='bbox 2695 2648 3016 2720; x_wconf 89' lang='lat' dir='ltr'>sepultum,</span> <span class='ocrx_word' id='word_1_370' title='bbox 3042 2649 3256 2722; x_wconf 89' lang='lat' dir='ltr'>spiritu</span> <span class='ocrx_word' id='word_1_371' title='bbox 3287 2652 3441 2708; x_wconf 85' lang='lat' dir='ltr'>inter</span> <span class='ocrx_word' id='word_1_372' title='bbox 3461 2671 3599 2726; x_wconf 71' lang='lat' dir='ltr'>prm-</span> 
     </span>
    </p>
   </div>
   <div class='ocr_carea' id='block_1_55' title="bbox 1951 2736 3598 2810">
    <p class='ocr_par' dir='ltr' id='par_1_55' title="bbox 1951 2736 3598 2810">
     <span class='ocr_line' id='line_1_55' title="bbox 1951 2736 3598 2810; baseline 0.004 -18"><span class='ocrx_word' id='word_1_373' title='bbox 1951 2738 2073 2793; x_wconf 90' lang='lat' dir='ltr'>mia</span> <span class='ocrx_word' id='word_1_374' title='bbox 2101 2737 2447 2793; x_wconf 79' lang='lat' dir='ltr'>aeternitatis</span> <span class='ocrx_word' id='word_1_375' title='bbox 2489 2736 2650 2794; x_wconf 90' lang='lat' dir='ltr'>omni</span> <span class='ocrx_word' id='word_1_376' title='bbox 2691 2737 2818 2808; x_wconf 90' lang='lat' dir='ltr'>jam</span> <span class='ocrx_word' id='word_1_377' title='bbox 2869 2739 3152 2810; x_wconf 87' lang='lat' dir='ltr'>temporis</span> <span class='ocrx_word' id='word_1_378' title='bbox 3203 2742 3598 2800; x_wconf 87' lang='lat' dir='ltr'>mutabilitate</span> 
     </span>
    </p>
   </div>
   <div class='ocr_carea' id='block_1_56' title="bbox 1951 2825 3598 2900">
    <p class='ocr_par' dir='ltr' id='par_1_56' title="bbox 1951 2825 3598 2900">
     <span class='ocr_line' id='line_1_56' title="bbox 1951 2825 3598 2900; baseline 0.003 -18"><span class='ocrx_word' id='word_1_379' title='bbox 1951 2828 2198 2883; x_wconf 89' lang='lat' dir='ltr'>subacta</span> <span class='ocrx_word' id='word_1_380' title='bbox 2229 2827 2341 2899; x_wconf 91' lang='lat' dir='ltr'>ipsi</span> <span class='ocrx_word' id='word_1_381' title='bbox 2374 2826 2473 2900; x_wconf 89' lang='lat' dir='ltr'>qui</span> <span class='ocrx_word' id='word_1_382' title='bbox 2505 2841 2634 2882; x_wconf 89' lang='lat' dir='ltr'>vero</span> <span class='ocrx_word' id='word_1_383' title='bbox 2666 2825 2828 2882; x_wconf 89' lang='lat' dir='ltr'>solus</span> <span class='ocrx_word' id='word_1_384' title='bbox 2853 2827 3030 2884; x_wconf 89' lang='lat' dir='ltr'>habet</span> <span class='ocrx_word' id='word_1_385' title='bbox 3061 2827 3598 2900; x_wconf 88' lang='lat' dir='ltr'>immortalitatem,</span> 
     </span>
    </p>
   </div>
   <div class='ocr_carea' id='block_1_57' title="bbox 1953 2913 3599 2985">
    <p class='ocr_par' dir='ltr' id='par_1_57' title="bbox 1953 2913 3599 2985">
     <span class='ocr_line' id='line_1_57' title="bbox 1953 2913 3599 2985; baseline 0.001 -13"><span class='ocrx_word' id='word_1_386' title='bbox 1953 2921 2012 2972; x_wconf 94' lang='lat' dir='ltr'>et</span> <span class='ocrx_word' id='word_1_387' title='bbox 2042 2915 2232 2971; x_wconf 87' lang='lat' dir='ltr'>lucem</span> <span class='ocrx_word' id='word_1_388' title='bbox 2271 2915 2496 2970; x_wconf 89' lang='lat' dir='ltr'>habitat</span> <span class='ocrx_word' id='word_1_389' title='bbox 2542 2913 3033 2982; x_wconf 88' lang='lat' dir='ltr'>inaccessibilem,</span> <span class='ocrx_word' id='word_1_390' title='bbox 3065 2915 3420 2985; x_wconf 74' lang='lat' dir='ltr'>adhaerente,</span> <span class='ocrx_word' id='word_1_391' title='bbox 3452 2919 3599 2974; x_wconf 90' lang='lat' dir='ltr'>vita-</span> 
     </span>
    </p>
   </div>
   <div class='ocr_carea' id='block_1_58' title="bbox 1954 3002 3599 3079">
    <p class='ocr_par' dir='ltr' id='par_1_58' title="bbox 1954 3002 3599 3079">
     <span class='ocr_line' id='line_1_58' title="bbox 1954 3002 3599 3079; baseline 0.001 -18"><span class='ocrx_word' id='word_1_392' title='bbox 1954 3023 2068 3079; x_wconf 89' lang='lat' dir='ltr'>que</span> <span class='ocrx_word' id='word_1_393' title='bbox 2097 3021 2164 3060; x_wconf 90' lang='lat' dir='ltr'>eo</span> <span class='ocrx_word' id='word_1_394' title='bbox 2194 3021 2324 3060; x_wconf 89' lang='lat' dir='ltr'>vere</span> <span class='ocrx_word' id='word_1_395' title='bbox 2357 3003 2788 3071; x_wconf 88' lang='lat' dir='ltr'>immortaliter,</span> <span class='ocrx_word' id='word_1_396' title='bbox 2821 3020 2936 3076; x_wconf 93' lang='lat' dir='ltr'>quo</span> <span class='ocrx_word' id='word_1_397' title='bbox 2969 3002 3438 3074; x_wconf 87' lang='lat' dir='ltr'>immutabilitcr,</span> <span class='ocrx_word' id='word_1_398' title='bbox 3463 3023 3599 3063; x_wconf 89' lang='lat' dir='ltr'>cum</span> 
     </span>
    </p>
   </div>
   <div class='ocr_carea' id='block_1_59' title="bbox 1955 3092 3600 3168">
    <p class='ocr_par' dir='ltr' id='par_1_59' title="bbox 1955 3092 3600 3168">
     <span class='ocr_line' id='line_1_59' title="bbox 1955 3092 3600 3168; baseline 0.001 -18"><span class='ocrx_word' id='word_1_399' title='bbox 1955 3097 2082 3168; x_wconf 88' lang='lat' dir='ltr'>ipso</span> <span class='ocrx_word' id='word_1_400' title='bbox 2131 3093 2484 3166; x_wconf 89' lang='lat' dir='ltr'>perfruente,</span> <span class='ocrx_word' id='word_1_401' title='bbox 2519 3092 2612 3148; x_wconf 91' lang='lat' dir='ltr'>cui</span> <span class='ocrx_word' id='word_1_402' title='bbox 2663 3092 3114 3162; x_wconf 86' lang='lat' dir='ltr'>immortalitati,</span> <span class='ocrx_word' id='word_1_403' title='bbox 3157 3094 3438 3151; x_wconf 89' lang='lat' dir='ltr'>invisibili</span> <span class='ocrx_word' id='word_1_404' title='bbox 3492 3095 3600 3152; x_wconf 91' lang='lat' dir='ltr'>soli</span> 
     </span>
    </p>
   </div>
   <div class='ocr_carea' id='block_1_60' title="bbox 1955 3179 3564 3253">
    <p class='ocr_par' dir='ltr' id='par_1_60' title="bbox 1955 3179 3564 3253">
     <span class='ocr_line' id='line_1_60' title="bbox 1955 3179 3564 3253; baseline 0.001 -14"><span class='ocrx_word' id='word_1_405' title='bbox 1955 3183 2072 3239; x_wconf 92' lang='lat' dir='ltr'>Deo</span> <span class='ocrx_word' id='word_1_406' title='bbox 2103 3181 2290 3237; x_wconf 89' lang='lat' dir='ltr'>honor</span> <span class='ocrx_word' id='word_1_407' title='bbox 2319 3185 2376 3236; x_wconf 90' lang='lat' dir='ltr'>et</span> <span class='ocrx_word' id='word_1_408' title='bbox 2403 3179 2592 3253; x_wconf 85' lang='lat' dir='ltr'>gloria</span> <span class='ocrx_word' id='word_1_409' title='bbox 2621 3180 2680 3235; x_wconf 90' lang='lat' dir='ltr'>in</span> <span class='ocrx_word' id='word_1_410' title='bbox 2713 3180 2928 3237; x_wconf 70' lang='lat' dir='ltr'>srecula</span> <span class='ocrx_word' id='word_1_411' title='bbox 2952 3181 3324 3239; x_wconf 71' lang='lat' dir='ltr'>smculorum.</span> <span class='ocrx_word' id='word_1_412' title='bbox 3356 3184 3564 3240; x_wconf 88' lang='lat' dir='ltr'>Amen.</span> 
     </span>
    </p>
   </div>
   <div class='ocr_carea' id='block_1_61' title="bbox 247 3341 3604 3417">
    <p class='ocr_par' dir='ltr' id='par_1_61' title="bbox 247 3341 3604 3417">
     <span class='ocr_line' id='line_1_61' title="bbox 247 3341 3604 3417; baseline 0.001 -17"><span class='ocrx_word' id='word_1_413' title='bbox 247 3345 415 3417; x_wconf 65' lang='lat'>(324)</span> <span class='ocrx_word' id='word_1_414' title='bbox 445 3344 667 3417; x_wconf 88' lang='lat' dir='ltr'>Nempe</span> <span class='ocrx_word' id='word_1_415' title='bbox 695 3360 798 3417; x_wconf 77' lang='lat' dir='ltr'>vui</span> <span class='ocrx_word' id='word_1_416' title='bbox 832 3342 1074 3417; x_wconf 69' lang='lat' dir='ltr'>Kalend.</span> <span class='ocrx_word' id='word_1_417' title='bbox 1097 3343 1536 3417; x_wconf 25' lang='lat' dir='ltr'>Augnquo‘die</span> <span class='ocrx_word' id='word_1_418' title='bbox 1557 3341 1616 3398; x_wconf 89' lang='lat' dir='ltr'>in</span> <span class='ocrx_word' id='word_1_419' title='bbox 1646 3342 1842 3417; x_wconf 80' lang='lat' dir='ltr'>Addit.</span> <span class='ocrx_word' id='word_1_420' title='bbox 1957 3341 2105 3415; x_wconf 84' lang='lat' dir='ltr'>ginti</span> <span class='ocrx_word' id='word_1_421' title='bbox 2137 3341 2596 3417; x_wconf 61' lang='lat' dir='ltr'>circiterannos</span> <span class='ocrx_word' id='word_1_422' title='bbox 2619 3344 2786 3417; x_wconf 87' lang='lat' dir='ltr'>_nata</span> <span class='ocrx_word' id='word_1_423' title='bbox 2833 3344 2964 3417; x_wconf 78' lang='lat' dir='ltr'>erat</span> <span class='ocrx_word' id='word_1_424' title='bbox 2997 3342 3368 3417; x_wconf 83' lang='lat' dir='ltr'>vivo__adhuc</span> <span class='ocrx_word' id='word_1_425' title='bbox 3417 3349 3604 3417; x_wconf 88' lang='lat' dir='ltr'>patre,</span> 
     </span>
    </p>
   </div>
   <div class='ocr_carea' id='block_1_62' title="bbox 169 3412 3604 3494">
    <p class='ocr_par' dir='ltr' id='par_1_62' title="bbox 169 3412 3604 3494">
     <span class='ocr_line' id='line_1_62' title="bbox 169 3412 3604 3494; baseline 0 -21"><span class='ocrx_word' id='word_1_426' title='bbox 169 3412 270 3494; x_wconf 75' lang='lat' dir='ltr'>ad</span> <span class='ocrx_word' id='word_1_427' title='bbox 292 3412 637 3494; x_wconf 67' lang='lat' dir='ltr'>Usuardurn</span> <span class='ocrx_word' id='word_1_428' title='bbox 658 3419 717 3471; x_wconf 91' lang='lat' dir='ltr'>et</span> <span class='ocrx_word' id='word_1_429' title='bbox 737 3413 807 3494; x_wconf 86' lang='lat' dir='ltr'>_in_</span> <span class='ocrx_word' id='word_1_430' title='bbox 823 3412 1470 3494; x_wconf 29' lang='lat' dir='ltr'>Ad‘onisMart&#39;yrologio</span> <span class='ocrx_word' id='word_1_431' title='bbox 1492 3412 1844 3494; x_wconf 69' lang='lat' dir='ltr'>interpolato</span> <span class='ocrx_word' id='word_1_432' title='bbox 1875 3431 1918 3494; x_wconf 74' lang='grc' dir='ltr'><strong>ρ</strong></span> <span class='ocrx_word' id='word_1_433' title='bbox 1957 3412 2133 3494; x_wconf 54' lang='lat' dir='ltr'>Quem</span> <span class='ocrx_word' id='word_1_434' title='bbox 2167 3429 2320 3494; x_wconf 75' lang='lat' dir='ltr'>anno</span> <span class='ocrx_word' id='word_1_435' title='bbox 2347 3412 2455 3494; x_wconf 72' lang='grc'>698</span> <span class='ocrx_word' id='word_1_436' title='bbox 2485 3412 2841 3494; x_wconf 74' lang='lat' dir='ltr'>exstinctum</span> <span class='ocrx_word' id='word_1_437' title='bbox 2885 3412 3067 3494; x_wconf 63' lang='lat' dir='ltr'>fuisse</span> <span class='ocrx_word' id='word_1_438' title='bbox 3117 3414 3394 3494; x_wconf 79' lang='lat' dir='ltr'>diximus.</span> <span class='ocrx_word' id='word_1_439' title='bbox 3417 3412 3604 3494; x_wconf 74' lang='lat' dir='ltr'>Porro</span> 
     </span>
    </p>
   </div>
   <div class='ocr_carea' id='block_1_63' title="bbox 165 3482 1692 3615">
    <p class='ocr_par' dir='ltr' id='par_1_63' title="bbox 165 3482 1692 3615">
     <span class='ocr_line' id='line_1_63' title="bbox 165 3482 1692 3571; baseline -0.003 -27"><span class='ocrx_word' id='word_1_440' title='bbox 165 3486 640 3571; x_wconf 57' lang='lat' dir='ltr'>ejusmernoria</span> <span class='ocrx_word' id='word_1_441' title='bbox 668 3485 1018 3568; x_wconf 79' lang='lat' dir='ltr'>celebratur.</span> <span class='ocrx_word' id='word_1_442' title='bbox 1049 3482 1264 3558; x_wconf 60' lang='lat' dir='ltr'>Atqqu&#39;o</span> <span class='ocrx_word' id='word_1_443' title='bbox 1311 3482 1464 3541; x_wconf 83' lang='lat' dir='ltr'>anno</span> <span class='ocrx_word' id='word_1_444' title='bbox 1515 3485 1574 3541; x_wconf 92' lang='lat' dir='ltr'>S.</span> <span class='ocrx_word' id='word_1_445' title='bbox 1627 3482 1692 3541; x_wconf 91' lang='lat' dir='ltr'>Gl</span> 
     </span>
     <span class='ocr_line' id='line_1_64' title="bbox 165 3555 1692 3615; baseline -0.003 0"><span class='ocrx_word' id='word_1_446' title='bbox 165 3559 384 3615; x_wconf 80' lang='lat' dir='ltr'>smdis</span> <span class='ocrx_word' id='word_1_447' title='bbox 417 3559 634 3614; x_wconf 88' lang='lat' dir='ltr'>obusse</span> <span class='ocrx_word' id='word_1_448' title='bbox 673 3557 924 3614; x_wconf 79' lang='lat' dir='ltr'>dicenda</span> <span class='ocrx_word' id='word_1_449' title='bbox 951 3557 1087 3612; x_wconf 84' lang='lat' dir='ltr'>est?</span> <span class='ocrx_word' id='word_1_450' title='bbox 1108 3557 1278 3614; x_wconf 85' lang='lat' dir='ltr'>Certe</span> <span class='ocrx_word' id='word_1_451' title='bbox 1303 3573 1527 3612; x_wconf 89' lang='lat' dir='ltr'>annum</span> <span class='ocrx_word' id='word_1_452' title='bbox 1557 3555 1692 3611; x_wconf 83' lang='grc'>610]</span> 
     </span>
    </p>
   </div>
   <div class='ocr_carea' id='block_1_64' title="bbox 2075 3482 3602 3615">
    <p class='ocr_par' dir='ltr' id='par_1_64' title="bbox 2075 3482 3602 3615">
     <span class='ocr_line' id='line_1_65' title="bbox 2075 3482 3602 3546; baseline 0.006 -9"><span class='ocrx_word' id='word_1_453' title='bbox 2075 3483 2421 3538; x_wconf 69' lang='lat' dir='ltr'>.‘rlodesindis</span> <span class='ocrx_word' id='word_1_454' title='bbox 2453 3487 2588 3538; x_wconf 90' lang='lat' dir='ltr'>ante</span> <span class='ocrx_word' id='word_1_455' title='bbox 2619 3483 2677 3539; x_wconf 91' lang='lat' dir='ltr'>S.</span> <span class='ocrx_word' id='word_1_456' title='bbox 2729 3482 3039 3540; x_wconf 85' lang='lat' dir='ltr'>Arnulfum</span> <span class='ocrx_word' id='word_1_457' title='bbox 3089 3501 3243 3542; x_wconf 86' lang='lat' dir='ltr'>anno</span> <span class='ocrx_word' id='word_1_458' title='bbox 3293 3487 3449 3544; x_wconf 88' lang='lat' dir='ltr'>circa</span> <span class='ocrx_word' id='word_1_459' title='bbox 3494 3491 3602 3546; x_wconf 85' lang='grc'>640</span> 
     </span>
     <span class='ocr_line' id='line_1_66' title="bbox 2075 3554 3529 3615; baseline 0.005 -7"><span class='ocrx_word' id='word_1_460' title='bbox 2075 3559 2257 3609; x_wconf 77' lang='lat' dir='ltr'>-tuum</span> <span class='ocrx_word' id='word_1_461' title='bbox 2289 3554 2562 3610; x_wconf 88' lang='lat' dir='ltr'>decessit.</span> <span class='ocrx_word' id='word_1_462' title='bbox 2591 3555 2675 3609; x_wconf 88' lang='lat' dir='ltr'>uti</span> <span class='ocrx_word' id='word_1_463' title='bbox 2704 3558 2908 3609; x_wconf 90' lang='lat' dir='ltr'>auctor</span> <span class='ocrx_word' id='word_1_464' title='bbox 2937 3555 3113 3615; x_wconf 83' lang='lat' dir='ltr'>paulo</span> <span class='ocrx_word' id='word_1_465' title='bbox 3146 3557 3298 3614; x_wconf 85' lang='lat' dir='ltr'>infra</span> <span class='ocrx_word' id='word_1_466' title='bbox 3326 3559 3529 3615; x_wconf 91' lang='lat' dir='ltr'>tradit.</span> 
     </span>
    </p>
   </div>
   <div class='ocr_carea' id='block_1_65' title="bbox 161 3559 1688 3709">
    <p class='ocr_par' dir='ltr' id='par_1_65' title="bbox 161 3559 1688 3709">
     <span class='ocr_line' id='line_1_67' title="bbox 164 3559 1688 3616; baseline -0.004 0"><span class='ocrx_word' id='word_1_467' title='bbox 164 3559 384 3616; x_wconf 89' lang='lat' dir='ltr'>sindis</span> <span class='ocrx_word' id='word_1_468' title='bbox 417 3559 634 3614; x_wconf 89' lang='lat' dir='ltr'>obiisse</span> <span class='ocrx_word' id='word_1_469' title='bbox 673 3559 924 3614; x_wconf 88' lang='lat' dir='ltr'>dicenda</span> <span class='ocrx_word' id='word_1_470' title='bbox 951 3559 1087 3612; x_wconf 85' lang='lat' dir='ltr'>est?</span> <span class='ocrx_word' id='word_1_471' title='bbox 1108 3559 1278 3614; x_wconf 85' lang='lat' dir='ltr'>Certe</span> <span class='ocrx_word' id='word_1_472' title='bbox 1303 3573 1527 3612; x_wconf 89' lang='lat' dir='ltr'>annum</span> <span class='ocrx_word' id='word_1_473' title='bbox 1557 3559 1688 3611; x_wconf 73' lang='lat'>610)</span> 
     </span>
     <span class='ocr_line' id='line_1_68' title="bbox 161 3627 1659 3709; baseline -0.003 -22"><span class='ocrx_word' id='word_1_474' title='bbox 161 3630 511 3709; x_wconf 81' lang='lat' dir='ltr'>excessisse</span> <span class='ocrx_word' id='word_1_475' title='bbox 548 3629 800 3684; x_wconf 88' lang='lat' dir='ltr'>videtur.</span> <span class='ocrx_word' id='word_1_476' title='bbox 854 3629 1079 3709; x_wconf 76' lang='lat' dir='ltr'>Quippe</span> <span class='ocrx_word' id='word_1_477' title='bbox 1127 3628 1444 3709; x_wconf 56' lang='lat' dir='ltr'>tricenario:</span> <span class='ocrx_word' id='word_1_478' title='bbox 1491 3627 1659 3709; x_wconf 80' lang='lat' dir='ltr'>obiit,</span> 
     </span>
    </p>
   </div>
   <div class='ocr_carea' id='block_1_66' title="bbox 2075 3559 3602 3709">
    <p class='ocr_par' dir='ltr' id='par_1_66' title="bbox 2075 3559 3602 3709">
     <span class='ocr_line' id='line_1_69' title="bbox 2075 3559 3529 3615; baseline 0.005 -7"><span class='ocrx_word' id='word_1_479' title='bbox 2075 3559 2257 3609; x_wconf 77' lang='lat' dir='ltr'>-tuum</span> <span class='ocrx_word' id='word_1_480' title='bbox 2289 3559 2562 3610; x_wconf 87' lang='lat' dir='ltr'>decessit.</span> <span class='ocrx_word' id='word_1_481' title='bbox 2591 3559 2675 3609; x_wconf 90' lang='lat' dir='ltr'>uti</span> <span class='ocrx_word' id='word_1_482' title='bbox 2704 3559 2908 3609; x_wconf 90' lang='lat' dir='ltr'>auctor</span> <span class='ocrx_word' id='word_1_483' title='bbox 2978 3559 3113 3612; x_wconf 87' lang='lat' dir='ltr'>aulo</span> <span class='ocrx_word' id='word_1_484' title='bbox 3146 3559 3298 3614; x_wconf 84' lang='lat' dir='ltr'>infra</span> <span class='ocrx_word' id='word_1_485' title='bbox 3326 3559 3529 3615; x_wconf 91' lang='lat' dir='ltr'>tradit.</span> 
     </span>
     <span class='ocr_line' id='line_1_70' title="bbox 2075 3572 3602 3709; baseline 0.005 -29"><span class='ocrx_word' id='word_1_486' title='bbox 2075 3627 2178 3707; x_wconf 55' lang='lat'>{25)</span> <span class='ocrx_word' id='word_1_487' title='bbox 2208 3624 2504 3709; x_wconf 34' lang='lat' dir='ltr'>llic-locus</span> <span class='ocrx_word' id='word_1_488' title='bbox 2533 3625 2705 3709; x_wconf 76' lang='lat' dir='ltr'>aliter</span> <span class='ocrx_word' id='word_1_489' title='bbox 2727 3627 2889 3709; x_wconf 37' lang='lat' dir='ltr'>“apud</span> <span class='ocrx_word' id='word_1_490' title='bbox 2925 3572 3224 3709; x_wconf 55' lang='lat' dir='ltr'>Babbeum</span> <span class='ocrx_word' id='word_1_491' title='bbox 3257 3629 3510 3709; x_wconf 77' lang='lat' dir='ltr'>legitur;</span> <span class='ocrx_word' id='word_1_492' title='bbox 3543 3635 3602 3687; x_wconf 87' lang='lat' dir='ltr'>at</span> 
     </span>
    </p>
   </div>
   <div class='ocr_carea' id='block_1_67' title="bbox 208 3696 3066 3774">
    <p class='ocr_par' dir='ltr' id='par_1_67' title="bbox 208 3696 3066 3774">
     <span class='ocr_line' id='line_1_71' title="bbox 208 3696 3066 3774; baseline -0.002 -16"><span class='ocrx_word' id='word_1_493' title='bbox 208 3719 368 3758; x_wconf 81' lang='lat' dir='ltr'>nam</span> <span class='ocrx_word' id='word_1_494' title='bbox 400 3705 568 3774; x_wconf 89' lang='lat' dir='ltr'>pater</span> <span class='ocrx_word' id='word_1_495' title='bbox 592 3717 666 3774; x_wconf 74' lang='lat' dir='ltr'>ea</span> <span class='ocrx_word' id='word_1_496' title='bbox 695 3699 875 3756; x_wconf 89' lang='lat' dir='ltr'>semel</span> <span class='ocrx_word' id='word_1_497' title='bbox 907 3696 1213 3774; x_wconf 35' lang='lat' dir='ltr'>etii—terum</span> <span class='ocrx_word' id='word_1_498' title='bbox 1255 3698 1480 3774; x_wconf 81' lang='lat' dir='ltr'>nuptiis</span> <span class='ocrx_word' id='word_1_499' title='bbox 1513 3696 1834 3774; x_wconf 76' lang='lat' dir='ltr'>devoverat.</span> <span class='ocrx_word' id='word_1_500' title='bbox 1952 3697 2205 3752; x_wconf 76' lang='lat' dir='ltr'>Sd&#39;riana</span> <span class='ocrx_word' id='word_1_501' title='bbox 2229 3696 2400 3753; x_wconf 90' lang='lat' dir='ltr'>lectio</span> <span class='ocrx_word' id='word_1_502' title='bbox 2423 3696 2788 3767; x_wconf 73' lang='lat' dir='ltr'>prteferenda</span> <span class='ocrx_word' id='word_1_503' title='bbox 2807 3697 2935 3753; x_wconf 87' lang='lat' dir='ltr'>visa</span> <span class='ocrx_word' id='word_1_504' title='bbox 2955 3701 3066 3753; x_wconf 89' lang='lat' dir='ltr'>est.</span> 
     </span>
    </p>
   </div>
   <div class='ocr_carea' id='block_1_68' title="bbox 159 3719 1842 3844">
    <p class='ocr_par' dir='ltr' id='par_1_68' title="bbox 159 3719 1842 3844">
     <span class='ocr_line' id='line_1_72' title="bbox 208 3719 1834 3774; baseline -0.004 -16"><span class='ocrx_word' id='word_1_505' title='bbox 208 3719 368 3758; x_wconf 80' lang='lat' dir='ltr'>nam</span> <span class='ocrx_word' id='word_1_506' title='bbox 400 3719 568 3774; x_wconf 75' lang='lat' dir='ltr'>pater</span> <span class='ocrx_word' id='word_1_507' title='bbox 599 3719 666 3756; x_wconf 85' lang='lat' dir='ltr'>ea</span> <span class='ocrx_word' id='word_1_508' title='bbox 695 3719 875 3756; x_wconf 80' lang='lat' dir='ltr'>semel</span> <span class='ocrx_word' id='word_1_509' title='bbox 907 3719 967 3755; x_wconf 77' lang='lat' dir='ltr'>et</span> <span class='ocrx_word' id='word_1_510' title='bbox 998 3719 1213 3755; x_wconf 72' lang='lat' dir='ltr'>lterum</span> <span class='ocrx_word' id='word_1_511' title='bbox 1255 3719 1480 3770; x_wconf 69' lang='lat' dir='ltr'>nuptiis</span> <span class='ocrx_word' id='word_1_512' title='bbox 1513 3719 1834 3753; x_wconf 77' lang='lat' dir='ltr'>GBVOVBI&#39;aI.</span> 
     </span>
     <span class='ocr_line' id='line_1_73' title="bbox 159 3719 1842 3844; baseline -0.005 -13"><span class='ocrx_word' id='word_1_513' title='bbox 159 3719 332 3831; x_wconf 59' lang='lat' dir='ltr'>gum</span> <span class='ocrx_word' id='word_1_514' title='bbox 389 3771 666 3828; x_wconf 87' lang='lat' dir='ltr'>secundis</span> <span class='ocrx_word' id='word_1_515' title='bbox 715 3770 1092 3844; x_wconf 89' lang='lat' dir='ltr'>sponsalibus</span> <span class='ocrx_word' id='word_1_516' title='bbox 1141 3769 1421 3826; x_wconf 90' lang='lat' dir='ltr'>nuntium</span> <span class='ocrx_word' id='word_1_517' title='bbox 1468 3769 1718 3836; x_wconf 87' lang='lat' dir='ltr'>remisit,</span> <span class='ocrx_word' id='word_1_518' title='bbox 1763 3769 1842 3824; x_wconf 87' lang='lat' dir='ltr'>vi-</span> 
     </span>
    </p>
   </div>
   <div class='ocr_carea' id='block_1_69' title="bbox 1957 3339 3368 3415">
    <p class='ocr_par' dir='ltr' id='par_1_69' title="bbox 1957 3339 3368 3415">
     <span class='ocr_line' id='line_1_74' title="bbox 1957 3339 3368 3415; baseline 0.004 -21"><span class='ocrx_word' id='word_1_519' title='bbox 1957 3339 2105 3415; x_wconf 84' lang='lat' dir='ltr'>ginti</span> <span class='ocrx_word' id='word_1_520' title='bbox 2137 3339 2375 3415; x_wconf 77' lang='lat' dir='ltr'>circiter</span> <span class='ocrx_word' id='word_1_521' title='bbox 2393 3356 2596 3415; x_wconf 68' lang='lat' dir='ltr'>annos</span> <span class='ocrx_word' id='word_1_522' title='bbox 2619 3344 2786 3415; x_wconf 71' lang='lat' dir='ltr'>pata</span> <span class='ocrx_word' id='word_1_523' title='bbox 2833 3344 2962 3415; x_wconf 81' lang='lat' dir='ltr'>erat</span> <span class='ocrx_word' id='word_1_524' title='bbox 2997 3342 3126 3397; x_wconf 88' lang='lat' dir='ltr'>vivo</span> <span class='ocrx_word' id='word_1_525' title='bbox 3164 3344 3368 3415; x_wconf 86' lang='lat' dir='ltr'>adhuc</span> 
     </span>
    </p>
   </div>
   <div class='ocr_carea' id='block_1_70' title="bbox 1997 3411 3394 3472">
    <p class='ocr_par' dir='ltr' id='par_1_70' title="bbox 1997 3411 3394 3472">
     <span class='ocr_line' id='line_1_75' title="bbox 1997 3411 3394 3472; baseline 0.004 -6"><span class='ocrx_word' id='word_1_526' title='bbox 1997 3427 2133 3467; x_wconf 90' lang='lat' dir='ltr'>uem</span> <span class='ocrx_word' id='word_1_527' title='bbox 2167 3429 2320 3466; x_wconf 87' lang='lat' dir='ltr'>anno</span> <span class='ocrx_word' id='word_1_528' title='bbox 2348 3411 2455 3466; x_wconf 89' lang='lat'>698</span> <span class='ocrx_word' id='word_1_529' title='bbox 2485 3411 2841 3468; x_wconf 86' lang='lat' dir='ltr'>exstinctum</span> <span class='ocrx_word' id='word_1_530' title='bbox 2885 3412 3067 3469; x_wconf 84' lang='lat' dir='ltr'>fuisse</span> <span class='ocrx_word' id='word_1_531' title='bbox 3117 3414 3394 3472; x_wconf 86' lang='lat' dir='ltr'>diximus.</span> 
     </span>
    </p>
   </div>
   <div class='ocr_carea' id='block_1_71' title="bbox 157 3952 3609 3980">
    <p class='ocr_par' dir='ltr' id='par_1_71' title="bbox 157 3952 3609 3980">
     <span class='ocr_line' id='line_1_76' title="bbox 157 3952 3609 3980; baseline -0 -3"><span class='ocrx_word' id='word_1_532' title='bbox 157 3952 3609 3980; x_wconf 34' lang='grc' dir='ltr'>ᾔ</span> 
     </span>
    </p>
   </div>
   <div class='ocr_carea' id='block_1_72' title="bbox 1605 4097 2186 4214">
    <p class='ocr_par' dir='ltr' id='par_1_72' title="bbox 1605 4097 2186 4214">
     <span class='ocr_line' id='line_1_77' title="bbox 1605 4097 2186 4214; baseline -0.003 0"><span class='ocrx_word' id='word_1_533' title='bbox 1605 4097 2186 4214; x_wconf 81' lang='lat' dir='ltr'>HISTORIA</span> 
     </span>
    </p>
   </div>
   <div class='ocr_carea' id='block_1_73' title="bbox 798 4341 3032 4434">
    <p class='ocr_par' dir='ltr' id='par_1_73' title="bbox 798 4341 3032 4434">
     <span class='ocr_line' id='line_1_78' title="bbox 798 4341 3032 4434; baseline 0.001 -2"><span class='ocrx_word' id='word_1_534' title='bbox 798 4342 1707 4433; x_wconf 77' lang='lat' dir='ltr'>TRANSLATIONIS</span> <span class='ocrx_word' id='word_1_535' title='bbox 1763 4341 2220 4430; x_wconf 65' lang='lat' dir='ltr'>SANGTfE</span> <span class='ocrx_word' id='word_1_536' title='bbox 2275 4341 3032 4434; x_wconf 87' lang='lat' dir='ltr'>GLODESINDIS</span> 
     </span>
    </p>
   </div>
   <div class='ocr_carea' id='block_1_74' title="bbox 1571 4509 2230 4563">
    <p class='ocr_par' dir='ltr' id='par_1_74' title="bbox 1571 4509 2230 4563">
     <span class='ocr_line' id='line_1_79' title="bbox 1571 4509 2230 4563; baseline 0.003 -14"><span class='ocrx_word' id='word_1_537' title='bbox 1571 4509 1894 4550; x_wconf 62' lang='lat' dir='ltr'>ABBATISSIE</span> <span class='ocrx_word' id='word_1_538' title='bbox 1932 4509 2230 4563; x_wconf 70' lang='lat' dir='ltr'>mersusrs,</span> 
     </span>
    </p>
   </div>
   <div class='ocr_carea' id='block_1_75' title="bbox 1109 4619 2682 4702">
    <p class='ocr_par' dir='ltr' id='par_1_75' title="bbox 1109 4619 2682 4702">
     <span class='ocr_line' id='line_1_80' title="bbox 1109 4619 2682 4702; baseline 0.004 -20"><span class='ocrx_word' id='word_1_539' title='bbox 1109 4621 1368 4682; x_wconf 81' lang='lat' dir='ltr'>Auctore</span> <span class='ocrx_word' id='word_1_540' title='bbox 1393 4619 1624 4684; x_wconf 82' lang='lat' dir='ltr'>Joanne</span> <span class='ocrx_word' id='word_1_541' title='bbox 1651 4619 1860 4684; x_wconf 79' lang='lat' dir='ltr'>abbate</span> <span class='ocrx_word' id='word_1_542' title='bbox 1885 4620 2080 4682; x_wconf 79' lang='lat' dir='ltr'>sancti</span> <span class='ocrx_word' id='word_1_543' title='bbox 2102 4621 2356 4702; x_wconf 65' lang='grc' dir='ltr'>ΛινηαίῙῖ</span> <span class='ocrx_word' id='word_1_544' title='bbox 2387 4624 2682 4688; x_wconf 72' lang='grc' dir='ltr'>Μθιεηειζς.</span> 
     </span>
    </p>
   </div>
   <div class='ocr_carea' id='block_1_76' title="bbox 1202 4753 2598 4831">
    <p class='ocr_par' dir='ltr' id='par_1_76' title="bbox 1202 4753 2598 4831">
     <span class='ocr_line' id='line_1_81' title="bbox 1202 4753 2598 4831; baseline 0.004 -22"><span class='ocrx_word' id='word_1_545' title='bbox 1202 4754 1389 4827; x_wconf 86' lang='lat' dir='ltr'>(Apud</span> <span class='ocrx_word' id='word_1_546' title='bbox 1424 4753 1670 4824; x_wconf 90' lang='lat' dir='ltr'>Mabill.,</span> <span class='ocrx_word' id='word_1_547' title='bbox 1701 4755 1843 4810; x_wconf 84' lang='lat' dir='ltr'>Acta</span> <span class='ocrx_word' id='word_1_548' title='bbox 1873 4753 1976 4810; x_wconf 91' lang='lat' dir='ltr'>SS.</span> <span class='ocrx_word' id='word_1_549' title='bbox 2010 4753 2153 4810; x_wconf 83' lang='lat' dir='ltr'>Saec.</span> <span class='ocrx_word' id='word_1_550' title='bbox 2180 4753 2248 4810; x_wconf 85' lang='lat' dir='ltr'>V.</span> <span class='ocrx_word' id='word_1_551' title='bbox 2281 4771 2414 4830; x_wconf 86' lang='lat' dir='ltr'>pag.</span> <span class='ocrx_word' id='word_1_552' title='bbox 2447 4758 2598 4831; x_wconf 72' lang='lat'>435.)</span> 
     </span>
    </p>
   </div>
   <div class='ocr_carea' id='block_1_77' title="bbox 1695 4989 2098 5062">
    <p class='ocr_par' dir='ltr' id='par_1_77' title="bbox 1695 4989 2098 5062">
     <span class='ocr_line' id='line_1_82' title="bbox 1695 4989 2098 5062; baseline 0.002 -2"><span class='ocrx_word' id='word_1_553' title='bbox 1695 4989 2098 5062; x_wconf 88' lang='lat' dir='ltr'>MONITUM</span> 
     </span>
    </p>
   </div>
   <div class='ocr_carea' id='block_1_78' title="bbox 229 5163 3606 5250">
    <p class='ocr_par' dir='ltr' id='par_1_78' title="bbox 229 5163 3606 5250">
     <span class='ocr_line' id='line_1_83' title="bbox 229 5163 3606 5250; baseline 0.003 -25"><span class='ocrx_word' id='word_1_554' title='bbox 229 5170 404 5250; x_wconf 68' lang='lat' dir='ltr'>Tres</span> <span class='ocrx_word' id='word_1_555' title='bbox 431 5164 710 5250; x_wconf 61' lang='lat' dir='ltr'>leguntur</span> <span class='ocrx_word' id='word_1_556' title='bbox 739 5165 795 5221; x_wconf 90' lang='lat' dir='ltr'>in</span> <span class='ocrx_word' id='word_1_557' title='bbox 831 5165 1336 5250; x_wconf 47' lang='lat' dir='ltr'>subjectodibellq</span> <span class='ocrx_word' id='word_1_558' title='bbox 1351 5171 1568 5222; x_wconf 72' lang='lat' dir='ltr'>sanctze</span> <span class='ocrx_word' id='word_1_559' title='bbox 1607 5163 1980 5248; x_wconf 81' lang='lat' dir='ltr'>Glodesindis</span> <span class='ocrx_word' id='word_1_560' title='bbox 2023 5165 2284 5250; x_wconf 78' lang='lat' dir='ltr'>corporis</span> <span class='ocrx_word' id='word_1_561' title='bbox 2332 5167 2752 5250; x_wconf 73' lang='lat' dir='ltr'>translationes</span> <span class='ocrx_word' id='word_1_562' title='bbox 2784 5187 2798 5224; x_wconf 93' lang='lat'><strong>:</strong></span> <span class='ocrx_word' id='word_1_563' title='bbox 2833 5171 3023 5250; x_wconf 79' lang='lat' dir='ltr'>prima</span> <span class='ocrx_word' id='word_1_564' title='bbox 3053 5174 3265 5250; x_wconf 65' lang='lat' dir='ltr'>sazculo</span> <span class='ocrx_word' id='word_1_565' title='bbox 3295 5193 3398 5232; x_wconf 87' lang='lat' dir='ltr'>vm</span> <span class='ocrx_word' id='word_1_566' title='bbox 3431 5178 3606 5250; x_wconf 86' lang='lat' dir='ltr'>facta,</span> 
     </span>
    </p>
   </div>
   <div class='ocr_carea' id='block_1_79' title="bbox 146 5235 3610 5366">
    <p class='ocr_par' dir='ltr' id='par_1_79' title="bbox 146 5235 3610 5366">
     <span class='ocr_line' id='line_1_84' title="bbox 146 5235 3610 5366; baseline 0.002 -67"><span class='ocrx_word' id='word_1_567' title='bbox 146 5257 351 5366; x_wconf 86' lang='lat' dir='ltr'>annol</span> <span class='ocrx_word' id='word_1_568' title='bbox 365 5235 592 5365; x_wconf 54' lang='lat' dir='ltr'>ince&#39;flto</span> <span class='ocrx_word' id='word_1_569' title='bbox 609 5237 822 5366; x_wconf 53' lang='lat' dir='ltr'>auter;</span> <span class='ocrx_word' id='word_1_570' title='bbox 851 5235 1003 5296; x_wconf 79' lang='lat' dir='ltr'>anno</span> <span class='ocrx_word' id='word_1_571' title='bbox 1031 5240 1138 5296; x_wconf 90' lang='lat'>830</span> <span class='ocrx_word' id='word_1_572' title='bbox 1166 5254 1270 5310; x_wconf 91' lang='lat' dir='ltr'>per</span> <span class='ocrx_word' id='word_1_573' title='bbox 1293 5237 1623 5310; x_wconf 84' lang='lat' dir='ltr'>Drogonem</span> <span class='ocrx_word' id='word_1_574' title='bbox 1654 5235 2084 5310; x_wconf 85' lang='lat' dir='ltr'>episcopum,in</span> <span class='ocrx_word' id='word_1_575' title='bbox 2105 5235 2276 5308; x_wconf 73' lang='lat' dir='ltr'>cujus</span> <span class='ocrx_word' id='word_1_576' title='bbox 2300 5237 2598 5312; x_wconf 87' lang='lat' dir='ltr'>epitaphio</span> <span class='ocrx_word' id='word_1_577' title='bbox 2624 5239 2797 5299; x_wconf 90' lang='lat' dir='ltr'>istius</span> <span class='ocrx_word' id='word_1_578' title='bbox 2819 5235 2901 5300; x_wconf 70' lang='lat' dir='ltr'>rei</span> <span class='ocrx_word' id='word_1_579' title='bbox 2925 5246 3271 5303; x_wconf 88' lang='lat' dir='ltr'>memoriam</span> <span class='ocrx_word' id='word_1_580' title='bbox 3303 5235 3610 5324; x_wconf 58' lang='lat' dir='ltr'>consigna:</span> 
     </span>
     <span class='ocr_line' id='line_1_85' title="bbox 149 5318 2910 5366; baseline 0 0"><span class='ocrx_word' id='word_1_581' title='bbox 149 5318 294 5366; x_wconf 82' lang='lat' dir='ltr'>tam</span> <span class='ocrx_word' id='word_1_582' title='bbox 357 5326 472 5366; x_wconf 75' lang='lat' dir='ltr'>e20</span> <span class='ocrx_word' id='word_1_583' title='bbox 541 5327 595 5366; x_wconf 80' lang='lat' dir='ltr'>Is</span> <span class='ocrx_word' id='word_1_584' title='bbox 623 5326 775 5366; x_wconf 71' lang='lat' dir='ltr'>verm</span> <span class='ocrx_word' id='word_1_585' title='bbox 821 5327 892 5366; x_wconf 90' lang='lat' dir='ltr'>us</span> <span class='ocrx_word' id='word_1_586' title='bbox 921 5327 934 5366; x_wconf 90' lang='lat'><strong>:</strong></span> <span class='ocrx_word' id='word_1_587' title='bbox 2897 5326 2910 5336; x_wconf 83' lang='lat'><strong>&#39;</strong></span> 
     </span>
    </p>
   </div>
   <div class='ocr_carea' id='block_1_80' title="bbox 149 5318 2910 5382">
    <p class='ocr_par' dir='ltr' id='par_1_80' title="bbox 149 5318 2910 5382">
     <span class='ocr_line' id='line_1_86' title="bbox 149 5318 2910 5382; baseline -0.013 -11"><span class='ocrx_word' id='word_1_588' title='bbox 149 5318 294 5371; x_wconf 87' lang='lat' dir='ltr'>tam</span> <span class='ocrx_word' id='word_1_589' title='bbox 331 5318 472 5382; x_wconf 86' lang='lat' dir='ltr'>lego</span> <span class='ocrx_word' id='word_1_590' title='bbox 501 5318 595 5366; x_wconf 84' lang='lat' dir='ltr'>bis</span> <span class='ocrx_word' id='word_1_591' title='bbox 623 5318 892 5366; x_wconf 82' lang='lat' dir='ltr'>versibus</span> <span class='ocrx_word' id='word_1_592' title='bbox 921 5327 934 5366; x_wconf 90' lang='lat'><strong>:</strong></span> <span class='ocrx_word' id='word_1_593' title='bbox 2897 5326 2910 5336; x_wconf 95' lang='lat'>.</span> 
     </span>
    </p>
   </div>
   <div class='ocr_carea' id='block_1_81' title="bbox 1285 5403 2518 5470">
    <p class='ocr_par' dir='ltr' id='par_1_81' title="bbox 1285 5403 2518 5470">
     <span class='ocr_line' id='line_1_87' title="bbox 1285 5403 2518 5470; baseline 0.002 -14"><span class='ocrx_word' id='word_1_594' title='bbox 1285 5407 1402 5470; x_wconf 19' lang='lat' dir='ltr'>Iste,</span> <span class='ocrx_word' id='word_1_595' title='bbox 1417 5406 1543 5470; x_wconf 80' lang='lat' dir='ltr'>Glod</span> <span class='ocrx_word' id='word_1_596' title='bbox 1552 5403 1752 5455; x_wconf 83' lang='lat' dir='ltr'>esindis</span> <span class='ocrx_word' id='word_1_597' title='bbox 1796 5404 2108 5470; x_wconf 78' lang='lat' dir='ltr'>solemniter</span> <span class='ocrx_word' id='word_1_598' title='bbox 2125 5421 2271 5470; x_wconf 14' lang='lat' dir='ltr'>fossa</span> <span class='ocrx_word' id='word_1_599' title='bbox 2301 5407 2518 5470; x_wconf 85' lang='lat' dir='ltr'>levavit,</span> 
     </span>
    </p>
   </div>
   <div class='ocr_carea' id='block_1_82' title="bbox 1377 5467 2421 5532">
    <p class='ocr_par' dir='ltr' id='par_1_82' title="bbox 1377 5467 2421 5532">
     <span class='ocr_line' id='line_1_88' title="bbox 1377 5467 2421 5532; baseline 0.001 -14"><span class='ocrx_word' id='word_1_600' title='bbox 1377 5468 1764 5532; x_wconf 79' lang='lat' dir='ltr'>Condigneque</span> <span class='ocrx_word' id='word_1_601' title='bbox 1795 5467 1914 5517; x_wconf 88' lang='lat' dir='ltr'>loco</span> <span class='ocrx_word' id='word_1_602' title='bbox 1945 5469 2185 5520; x_wconf 89' lang='lat' dir='ltr'>condidit</span> <span class='ocrx_word' id='word_1_603' title='bbox 2209 5471 2421 5521; x_wconf 79' lang='lat' dir='ltr'>eximio.</span> 
     </span>
    </p>
   </div>
   <div class='ocr_carea' id='block_1_83' title="bbox 141 5582 3687 5662">
    <p class='ocr_par' dir='ltr' id='par_1_83' title="bbox 141 5582 3687 5662">
     <span class='ocr_line' id='line_1_89' title="bbox 141 5582 3687 5662; baseline 0.001 -16"><span class='ocrx_word' id='word_1_604' title='bbox 141 5589 242 5648; x_wconf 81' lang='lat' dir='ltr'>Ad</span> <span class='ocrx_word' id='word_1_605' title='bbox 277 5587 454 5662; x_wconf 80' lang='lat' dir='ltr'>hanc</span> <span class='ocrx_word' id='word_1_606' title='bbox 485 5602 615 5658; x_wconf 68' lang='lat' dir='ltr'>quae</span> <span class='ocrx_word' id='word_1_607' title='bbox 647 5585 965 5662; x_wconf 65' lang='lat' dir='ltr'>solemnior</span> <span class='ocrx_word' id='word_1_608' title='bbox 985 5585 1276 5662; x_wconf 77' lang='lat' dir='ltr'>_fu_it_alias</span> <span class='ocrx_word' id='word_1_609' title='bbox 1304 5585 1452 5642; x_wconf 90' lang='lat' dir='ltr'>duas</span> <span class='ocrx_word' id='word_1_610' title='bbox 1481 5600 1752 5662; x_wconf 82' lang='lat' dir='ltr'>revocare</span> <span class='ocrx_word' id='word_1_611' title='bbox 1781 5582 1972 5662; x_wconf 84' lang='lat' dir='ltr'>visum</span> <span class='ocrx_word' id='word_1_612' title='bbox 2001 5589 2356 5662; x_wconf 83' lang='lat' dir='ltr'>est,_nempe</span> <span class='ocrx_word' id='word_1_613' title='bbox 2386 5604 2514 5644; x_wconf 89' lang='lat' dir='ltr'>eam</span> <span class='ocrx_word' id='word_1_614' title='bbox 2547 5605 2728 5662; x_wconf 88' lang='lat' dir='ltr'>quam</span> <span class='ocrx_word' id='word_1_615' title='bbox 2759 5592 2971 5649; x_wconf 68' lang='lat' dir='ltr'>saeculo</span> <span class='ocrx_word' id='word_1_616' title='bbox 3000 5612 3102 5650; x_wconf 84' lang='lat' dir='ltr'><strong>VIII</strong></span> <span class='ocrx_word' id='word_1_617' title='bbox 3127 5595 3340 5650; x_wconf 86' lang='lat' dir='ltr'>factam</span> <span class='ocrx_word' id='word_1_618' title='bbox 3361 5595 3476 5650; x_wconf 90' lang='lat' dir='ltr'>dixi</span> <span class='ocrx_word' id='word_1_619' title='bbox 3505 5613 3518 5662; x_wconf 89' lang='lat'><strong>;</strong></span> <span class='ocrx_word' id='word_1_620' title='bbox 3543 5600 3602 5652; x_wconf 85' lang='lat' dir='ltr'>et</span> <span class='ocrx_word' id='word_1_621' title='bbox 3681 5614 3687 5621; x_wconf 58' lang='grc' dir='ltr'>δ</span> 
     </span>
    </p>
   </div>
   <div class='ocr_carea' id='block_1_84' title="bbox 143 5656 3352 5732">
    <p class='ocr_par' dir='ltr' id='par_1_84' title="bbox 143 5656 3352 5732">
     <span class='ocr_line' id='line_1_90' title="bbox 143 5656 3352 5732; baseline 0 -13"><span class='ocrx_word' id='word_1_622' title='bbox 143 5661 444 5725; x_wconf 86' lang='lat' dir='ltr'>tertiam,</span> <span class='ocrx_word' id='word_1_623' title='bbox 477 5656 610 5729; x_wconf 72' lang='lat' dir='ltr'>quea</span> <span class='ocrx_word' id='word_1_624' title='bbox 640 5674 793 5714; x_wconf 85' lang='lat' dir='ltr'>anno</span> <span class='ocrx_word' id='word_1_625' title='bbox 817 5657 918 5714; x_wconf 87' lang='grc'>951</span> <span class='ocrx_word' id='word_1_626' title='bbox 950 5657 1022 5714; x_wconf 84' lang='lat' dir='ltr'>ab</span> <span class='ocrx_word' id='word_1_627' title='bbox 1043 5656 1406 5714; x_wconf 83' lang='lat' dir='ltr'>Adalberone</span> <span class='ocrx_word' id='word_1_628' title='bbox 1437 5656 1708 5730; x_wconf 89' lang='lat' dir='ltr'>episcopo</span> <span class='ocrx_word' id='word_1_629' title='bbox 1739 5659 1944 5712; x_wconf 87' lang='lat' dir='ltr'>curata</span> <span class='ocrx_word' id='word_1_630' title='bbox 1975 5660 2082 5712; x_wconf 89' lang='lat' dir='ltr'>cst.</span> <span class='ocrx_word' id='word_1_631' title='bbox 2117 5656 2336 5716; x_wconf 73' lang='lat' dir='ltr'>Omnes</span> <span class='ocrx_word' id='word_1_632' title='bbox 2365 5656 2620 5732; x_wconf 78' lang='lat' dir='ltr'>sequens</span> <span class='ocrx_word' id='word_1_633' title='bbox 2641 5661 2878 5720; x_wconf 88' lang='lat' dir='ltr'>libellus</span> <span class='ocrx_word' id='word_1_634' title='bbox 2911 5670 3352 5723; x_wconf 88' lang='lat' dir='ltr'>commemorat.</span> 
     </span>
    </p>
   </div>
   <div class='ocr_carea' id='block_1_85' title="bbox 1691 5814 2092 5831">
    <p class='ocr_par' dir='ltr' id='par_1_85' title="bbox 1691 5814 2092 5831">
     <span class='ocr_line' id='line_1_91' title="bbox 1691 5814 2092 5831; baseline 0.007 -7"><span class='ocrx_word' id='word_1_635' title='bbox 1691 5814 2092 5831; x_wconf 41' lang='lat' dir='ltr'><strong>ﬁ</strong></span> 
     </span>
    </p>
   </div>
  </div>
