3868 6480
262 94 267 95 θ
618 28 1358 133 2n

289 547 409 611 219

1184 551 1509 615 JOANNIS
1552 552 1882 613 ABBA'l‘IS
1928 553 1992 612 S.

2039 551 2380 613 ARNULFI
2428 552 2482 613 Μ
2492 550 2817 613 ETENSIS
3586 554 3704 618 220

1342 792 1973 881 PROLOGUS
2046 794 2678 882 AUCTORIS.

358 1000 406 1054 1.
444 999 715 1053 Partibus
748 998 955 1069 primis
989 1001 1286 1067 gestorum
1340 1015 1515 1051 saera:
1563 998 1828 1070 virginis,
1865 1003 1931 1053 ut
1959 1000 2016 1065 Α
2046 999 2237 1065 ritate,
2271 999 2499 1056 Christo
2540 1000 2786 1055 Domino
2840 1004 3041 1055 nostro
3091 1001 3321 1072 praevio,
3357 1003 3699 1074 meritisque

285 1087 515 1141 dicendi
548 1086 780 1141 siccitas
807 1086 1161 1157 paiicbatur,
1193 1105 1261 1140 ex
1291 1090 1551 1140 veterum
1579 1085 1809 1140 illarum
1846 1086 1934 1140 lit-

282 1182 541 1232 terarum
584 1176 699 1230 situ
737 1176 791 1229 in
829 1192 970 1229 nova
1004 1176 1256 1246 quadam
1292 1175 1435 1229 faeie
1468 1176 1584 1229 Deo
1618 1175 1932 1236 miserante

284 1266 565 1334 reductis,
618 1265 961 1336 priusquam
1016 1263 1265 1335 reliquis
1306 1264 1683 1335 expediendis
1733 1281 1930 1318 succe-

282 1356 439 1423 dam,
476 1352 835 1419 lecterem,si
869 1353 1000 1424 quis
1032 1353 1177 1407 forte
1210 1353 1329 1407 hcce
1351 1353 1408 1406 in
1443 1370 1654 1406 manus
1678 1359 1807 1423 post
1834 1352 1933 1407 illa

281 1460 514 1498 sumere
546 1460 660 1497 non
714 1442 995 1507 fastidiet,
1029 1442 1182 1496 bona
1229 1441 1398 1495 venia
1448 1441 1649 1512 paucis
1699 1447 1929 1495 oratum

276 1532 429 1600 volo,
455 1549 527 1587 ne
560 1547 653 1585 me
686 1530 851 1602 quasi
888 1531 1264 1585 temerarium
1299 1534 1355 1584 et
1386 1531 1661 1584 omnibus
1688 1530 1927 1583 forsitan

280 1620 450 1676 seriis
478 1637 727 1675 vacuum
761 1620 977 1673 mentis
997 1620 1250 1690 quadam
1283 1618 1589 1674 nobilitate
1612 1619 1680 1673 ad
1703 1619 1821 1673 hzec
1840 1619 1931 1673 de-

280 1713 478 1763 notem
512 1707 1213 1779 prorupisse,causasque
1236 1723 1399 1777 aequo
1440 1707 1636 1760 animo
1679 1722 1792 1760 non
1836 1723 1927 1759 as-

279 1801 556 1869 pernetur
576 1798 898 1852 addiscere.
916 1795 977 1849 In
1001 1795 1209 1866 primis
1250 1812 1427 1867 quam
1451 1795 1683 1849 exordio
1716 1795 1930 1865 profes-

278 1903 382 1942 sus
431 1903 587 1956 sum,
621 1900 864 1958 quaeque
913 1883 1137 1939 ezeteris
1190 1884 1596 1954 prmponderat
1640 1883 1926 1955 flagitatio

278 1981 616 2032 sanctarum
656 1975 909 2030 nimium
950 1974 1307 2045 importuna,
1344 1974 1667 2044 eademque
1698 1972 1928 2027 diutina

277 2066 513 2139 subegit
536 2081 826 2133 sororum,
851 2063 911 2117 in
934 2063 1152 2134 quibus
1176 2062 1480 2134 quidpiam
1523 2063 1809 2134 denegare
1850 2062 1929 2116 of-

276 2156 452 2211 fensae
475 2170 621 2226 pene
638 2152 949 2207 videbatur
970 2151 1030 2206 in
1055 2152 1260 2206 Deum.
1277 2152 1496 2206 Deinde
1532 2151 1780 2205 materia
1802 2154 1924 2205 tam

276 2243 705 2317 perspicabilis,
721 2256 897 2312 quam
919 2240 1127 2295 merito
1150 2240 1241 2294 sui
1264 2239 1772 2311 prmstantissimis
1794 2239 1923 2310 qui-

276 2335 504 2405 busque
535 2331 737 2399 (libere
780 2328 1306 2401 pronuntiaverim)
1327 2328 1705 2400 cochuanda,
1738 2327 1795 2381 in
1831 2327 1921 2381 sui

275 2419 848 2479 commendationem
870 2434 973 2489 per
993 2418 1188 2488 seipsa
1227 2416 1830 2483 sufﬁciens,animum
1863 2417 1923 2471 in

275 2513 472 2565 setota
493 2507 815 2579 cupiditate
841 2505 1142 2560 convertit.
1161 2505 1275 2559 Nec
1297 2504 1589 2575 scriptura
1608 2503 1924 2575 illaquam-

271 2599 358 2653 vis
382 2596 577 2652 silenti
602 2596 822 2651 feratur
844 2597 1098 2661 auctore,
1114 2594 1336 2648 viribus
1360 2609 1554 2647 rerum
1577 2591 1799 2665 aliquid
1824 2593 1921 2647 de-

272 2686 617 2753 trahit,eum
636 2684 861 2739 semine
880 2681 1112 2754 utrique
1130 2699 1195 2737 ac
1214 2682 1259 2737 si
1282 2698 1410 2736 raro
1428 2698 1667 2753 aspersa
1679 2698 1791 2735 non
1813 2686 1925 2736 ste-

272 2775 443 2832 rilem
483 2774 693 2828 usibus
727 2772 948 2828 nostris
983 2772 1043 2826 in
1095 2771 1453 2825 immensum
1494 2771 1919 2825 extendendam

272 2880 525 2921 messem
539 2860 1103 2935 produxerit.Neque
1116 2859 1272 2914 enim
1292 2860 1466 2914 refert
1482 2860 1686 2931 quovis
1704 2858 1920 2914 indicio

272 2971 339 3008 ex
357 2965 706 3025 quacunque
725 2948 1037 3005 cavernula
1051 2964 1286 3019 gemma
1311 2946 1706 3018 pulcherrima
1732 2950 1919 3002 extra-

271 3042 465 3109 hatur,
481 3040 801 3095 dummodo
824 3036 1129 3092 avaritiam
1149 3035 1488 3091 mortalium
1500 3051 1611 3090 usu
1626 3034 1851 3105 expleat
1864 3042 1920 3090 et

268 3131 494 3199 decore.
510 3128 578 3182 Et
595 3126 871 3198 quoniam
887 3122 1030 3178 tanti
1052 3123 1221 3194 pretii
1242 3123 1618 3194 margaritam
1650 3122 1918 3193 pluribus

270 3215 543 3289 pretiosis
558 3214 767 3268 merito
782 3212 1056 3283 prmferen
1067 3212 1201 3265 dam
1217 3211 1368 3264 inter
1379 3209 1503 3263 vita:
1518 3210 1696 3279 hujus
1714 3228 1917 3264 aerum-

267 3323 374 3360 nas
393 3300 750 3373 multiplices
774 3299 1103 3353 infirmitati
1129 3301 1339 3351 nostris
1363 3296 1637 3353 solatium
1656 3302 1776 3352 tam
1800 3298 1919 3351 effi-

266 3411 370 3449 cax
411 3390 607 3446 divina
647 3386 919 3460 praestitit
957 3386 1165 3457 pietas,
1200 3385 1509 3458 indignum
1559 3385 1917 3442 omnimodis

256 3478 687 3555 judicabam,si
721 3478 792 3531 ad
852 3480 1079 3531 tantam
1131 3474 1380 3548 gratiam
1416 3474 1920 3547 linguaaimproba

263 3576 319 3626 et
350 3570 581 3643 ingrata
613 3571 909 3639 torperent
940 3565 1279 3631 silentia,ut
1309 3564 1355 3617 si
1392 3582 1507 3619 non
1542 3569 1762 3637 quanto
1799 3565 1919 3637 dig-

264 3675 405 3714 num
443 3661 597 3712 esset
626 3655 840 3727 eloquii
877 3654 1087 3719 nitore,
1123 3654 1308 3708 oratio
1342 3659 1540 3725 posset
1570 3654 1793 3721 vestiri,
1819 3672 1923 3709 nu-

262 3750 373 3803 dus
405 3747 615 3803 saltem
646 3762 838 3801 sermo
864 3748 1184 3816 prmstaret,
1218 3760 1290 3797 ne
1322 3742 1501 3811 salus,
1537 3760 1662 3814 qua:
1694 3748 1818 3799 erat
1848 3742 1907 3798 in
1941 3727 1983 3794 C

259 3853 593 3902 commune,
625 3836 922 3890 videretur
952 3832 1302 3888 mortalibus
1327 3832 1657 3888 intercludi.

328 3933 383 3983 2.
418 3928 544 3982 Non
576 3931 774 3981 autem
802 3924 1020 3979 certius
1052 3940 1159 3977 nos
1210 3922 1431 3994 aliquid
1490 3922 1771 3978 allaturos
1802 3923 1912 3979 hac

261 4016 462 4087 scripti
511 4016 765 4070 novitate
784 4015 1252 4084 fatemur,neque
1273 4012 1430 4066 enim
1455 4011 1709 4067 inactam
1760 4012 1910 4067 ordi-

260 4122 396 4160 mur
425 4119 569 4169 rem,
604 4118 738 4159 eum
773 4100 980 4156 alienis
1011 4105 1245 4155 tantum
1267 4100 1529 4172 vestigiis
1562 4100 1907 4155 innitamur.

260 4193 371 4249 Sed
403 4190 681 4263 quoniam
709 4189 955 4244 historia
985 4187 1087 4243 illa
1125 4188 1307 4243 beata:
1338 4188 1584 4261 virginis
1627 4188 1906 4261 simplici,

259 4284 325 4335 ut
356 4280 502 4333 forte
534 4277 857 4350 antiquitas
883 4278 954 4332 de
986 4281 1223 4349 repente
1255 4277 1556 4332 mandavit
1588 4277 1905 4343 memoriis,

258 4367 410 4440 style
443 4370 746 4438 compacta
772 4366 946 4439 vulgo
969 4365 1158 4420 solum
1192 4370 1314 4420 erat
1343 4365 1910 4432 accommoda;con-

258 4457 716 4528 siderantesjam
730 4455 961 4511 Christo
975 4455 1225 4527 propitio
1238 4453 1436 4525 plures
1460 4453 1907 4525 disciplinarum

257 4546 470 4604 studiis
496 4546 842 4611 eminentes,
877 4543 1183 4599 lectionem
1239 4540 1571 4597 insulsioris
1604 4541 1906 4612 scripturae

258 4654 371 4691 non
404 4635 531 4692 sine
563 4634 820 4708 quadam
853 4651 1074 4689 nausea
1105 4631 1368 4687 fastidire
1396 4648 1408 4698 ;
1440 4649 1643 4686 eorum
1677 4629 1906 4685 deliciis

255 4728 519 4780 nostram
551 4740 788 4795 operam
824 4738 938 4777 non
971 4721 1317 4794 incogruum
1351 4719 1776 4775 mstimavimus
1807 4720 1904 4774 de-

255 4812 492 4868 servire.
528 4811 729 4867 Fidem
761 4828 898 4884 erge
925 4815 1225 4884 gestorum
1248 4813 1303 4866 et
1335 4810 1390 4865 in
1424 4809 1603 4882 priori
1630 4811 1815 4881 parte,
1841 4811 1906 4861 ut

258 4900 475 4971 scripta
490 4900 728 4972 praefata
745 4899 1180 4967 monstrabant,
1194 4899 1674 4971 interpretatione
1697 4898 1905 4963 fida,ut

255 4994 417 5061 puto,
436 5006 622 5061 usque
647 4989 716 5045 ad
732 4989 959 5044 obitum
974 4988 1155 5043 beata:
1170 4987 1413 5061 virginis
1430 4985 1905 5058 transposuimus

2043 1087 2231 1158 ipsius
2263 1106 2490 1159 sponsa:
2523 1089 2727 1143 divinae
2774 1089 3126 1157 faventibus,
3163 1090 3457 1145 narrandi
3495 1092 3696 1147 ordine

2042 1177 2244 1231 eadem
2276 1178 2521 1248 vestigia
2554 1194 2994 1249 persequemur.

2109 1267 2162 1319 3.
2181 1266 2421 1320 Gratum
2448 1272 2724 1338 praetcrea
2747 1268 3065 1323 admodum
3083 1268 3553 1343 habemus,quod
3576 1272 3693 1328 haec

2041 1356 2741 1426 pesterioracertiorijam
2768 1356 3201 1428 aliquantulum
3224 1359 3445 1413 ducunt
3462 1360 3691 1427 itinere,

2039 1446 2319 1515 temporis
2368 1446 2621 1500 maxime
2672 1447 2900 1511 notitia,
2935 1464 3062 1518 quis
3113 1448 3445 1519 superiores
3492 1456 3692 1521 partes

2040 1531 2303 1586 nonnihil
2339 1532 2611 1598 infuscat,
2647 1532 2902 1587 lucidius
2944 1534 3243 1605 insignita.
3275 1535 3421 1590 Nam
3452 1542 3693 1608 excepto

2038 1620 2231 1691 prima
2271 1622 2456 1677 fronte
2485 1622 2722 1677 nomine
2760 1621 3067 1677 Childerici
3108 1624 3254 1694 (326)
3288 1625 3462 1697 regis,
3495 1630 3552 1679 et
3583 1624 3692 1680 hoc

2038 1709 2148 1763 sub
2162 1709 2433 1781 Opinione
2447 1711 2714 1782 apposito
2731 1727 2832 1782 per
2844 1716 3023 1766 totam
3038 1712 3244 1767 exinde
3259 1712 3691 1782 narrationem;

2038 1797 2201 1870 quid,
2227 1800 2478 1897 subque
2494 1816 2635 1897 .rege
2652 1799 3039 1899 velnprincipe
3060 1805 3294 1899 ges’tum
3328 1801 3425 1869 sit,
3458 1801 3540 1857 ita
3563 1802 3695 1859 sile-

2035 1891 2152 1953 tur,
2188 1892 2253 1942 ut
2281 1888 2457 1943 etiam
2491 1887 2615 1959 ipse
2648 1887 3034 1955 Childericus,
3064 1887 3168 1960 qui
3200 1888 3260 1944 in
3293 1906 3433 1945 nece
3485 1892 3692 1962 sponsi

2036 1975 2215 2030 beatas
2246 1976 2489 2047 virginis
2520 1977 2871 2031 sententiam
2905 1977 3097 2031 ferens
3128 1977 3430 2049 reperitur,
3456 1995 3573 2034 non
3597 1997 3693 2035 sa-

2034 2064 2111 2118 tis
2142 2070 2331 2119 certos
2362 2064 2643 2135 temporis
2676 2064 2900 2119 reddat.
2937 2065 3100 2120 Hunc
3134 2066 3425 2137 siquidem
3456 2067 3692 2124 Childe-

2035 2152 2244 2220 ricum,
2280 2152 2325 2207 si
2361 2156 2556 2207 tamen
2591 2153 2715 2224 ipse
2746 2157 2853 2220 est,
2889 2153 3046 2208 fama
3075 2158 3307 2209 tantum
3347 2155 3458 2210 fert
3497 2155 3691 2212 Caroli

2035 2241 2293 2296 Senioris
2324 2257 2439 2296 non
2473 2240 2728 2295 multum
2759 2242 3031 2313 superius
3054 2247 3317 2314 tempora
3346 2244 3688 2315 contigisse,

2033 2328 2202 2400 eique
2234 2330 2425 2386 adhuc
2449 2330 2766 2401 superstite
2786 2329 3112 2403 genitorem
3133 2331 3321 2403 ipsius
3353 2332 3538 2387 Caroli
3561 2333 3692 2406 Pip-

2033 2415 2235 2488 pinum
2270 2417 2435 2490 prius
2458 2419 2666 2472 ducem
2690 2422 2746 2473 et
2773 2419 3056 2489 majorem
3081 2420 3313 2487 domus,
3332 2424 3396 2475 ut
3426 2423 3568 2475 tunc
3601 2422 3691 2477 di-

2033 2506 2292 2575 cebatur,
2327 2506 2384 2561 in
2417 2507 2574 2578 regio
2607 2506 2863 2563 culmine
2893 2509 3339 2579 superductum,
3372 2508 3557 2564 nimia
3588 2510 3689 2566 illo

2033 2596 2299 2650 socordia
2329 2600 2384 2650 et
2416 2595 2585 2650 inerti
2619 2596 2887 2651 demerso
2919 2595 3169 2668 ignavia,
3207 2598 3379 2653 rebus
3413 2599 3689 2671 regendis

2031 2700 2147 2739 non
2180 2682 2370 2740 scium
2404 2684 2602 2739 minus
2634 2684 2882 2753 idomeo,
2918 2685 3017 2739 sed
3052 2701 3155 2757 per
3193 2686 3391 2741 omnia
3441 2703 3688 2758 prorsus

2031 2773 2222 2829 inutili
2256 2772 2637 2830 reddito.lioc
2670 2778 2870 2828 utrum
2905 2775 2987 2829 sic
3020 2792 3081 2830 se
3113 2773 3547 2842 habeat,necne
3570 2794 3689 2831 non

2031 2862 2303 2934 equidem
2351 2862 2411 2916 in
2462 2878 2674 2934 magno
2720 2878 2934 2934 ponam
2984 2862 3344 2919 discrimine.
3398 2868 3689 2920 Caeterum

2030 2951 2270 3007 annales
2300 2967 2402 3006 seu
2435 2949 2717 3019 historici,
2753 2968 2899 3022 quos
2932 2951 3221 3024 inspicere
3260 2953 3443 3025 potui,
3478 2958 3692 3024 praeter

2030 3039 2215 3095 solam
2247 3038 2434 3095 Caroli
2466 3038 2680 3106 Vitam,
2716 3039 3149 3112 Raganfredum
3195 3043 3509 3114 quemdam
3546 3060 3687 3098 con-

2030 3128 2237 3195 tinent,
2272 3127 2341 3181 de
2371 3127 2542 3198 cujus
2573 3143 2752 3181 manu
2779 3127 3021 3183 Carolus
3051 3130 3445 3203 principatum
3489 3135 3691 3187 sustu-

2028 3213 2125 3281 lit;
2157 3213 2550 3269 Childericum
2583 3231 2737 3270 unus
2791 3220 3022 3270 tantum
3075 3216 3170 3273 ille
3218 3218 3450 3274 annalis
3499 3236 3688 3291 quam

2027 3303 2371 3377 brevissime
2428 3301 2685 3369 adnotat,
2719 3308 2777 3357 et
2806 3302 3022 3358 famam
3058 3307 3459 3376 supradictam
3491 3310 3693 3380 sequi-

2027 3395 2124 3445 tur
2153 3406 2219 3445 eo
2252 3389 2514 3460 deposito
2546 3389 2617 3444 de
2646 3406 2824 3462 regno
2857 3396 2913 3445 et
2943 3396 3263 3460 tonsorato,
3288 3394 3614 3466 Pippinum
3640 3396 3692 3453 ei

2028 3479 2473 3551 superductum.
2508 3478 2569 3534 Si
2600 3484 2797 3534 tamen
2828 3479 2879 3534 is
2910 3480 2980 3533 de
3019 3496 3135 3551 quo
3174 3481 3330 3535 fama
3366 3482 3584 3553 jactat,
3627 3503 3696 3542 ea

2030 3571 2196 3623 aetate
2242 3566 2424 3622 fuisse
2455 3567 2780 3622 credendus
2814 3571 2938 3634 est;
2973 3569 3266 3640 quomodo
3297 3568 3379 3634 id,
3424 3574 3593 3641 quod
3636 3576 3694 3629 in

2030 3656 2301 3729 praesenti
2342 3655 2537 3711 libello
2589 3656 2893 3727 reperitur,
2948 3658 3104 3728 quod
3152 3657 3316 3713 locus
3362 3662 3693 3718 ccemeterii

2022 3743 2562 3800 sanctimonialium
2585 3744 2657 3798 ad
2684 3752 2918 3799 sanctos
2939 3745 3233 3816 apostolos
3263 3747 3512 3802 necdum
3538 3754 3693 3805 tem-

2023 3834 2181 3907 poris
2198 3849 2437 3905 corpore
2458 3833 2608 3889 beati
2632 3832 2857 3888 Arnulfi
2890 3832 3693 3907 habereturinsignis,possit

2023 3922 2278 3995 probari,
2313 3938 2429 3977 non
2462 3922 2610 3977 satis
2639 3920 2866 3978 elucet:
2900 3939 3036 3978 eum
3062 3927 3289 3978 constet
3310 3924 3548 3978 beatum
3580 3929 3691 3981 Ar-

2023 4009 2252 4066 nulfum
2297 4008 2530 4083 longius
2582 4010 2771 4066 multo
2822 4015 3138 4082 antequam
3190 4012 3240 4068 is
3305 4011 3682 4071 Childericus

2021 4099 2203 4155 fuisse
2234 4098 2481 4166 dicatur,
2515 4115 2547 4153 e
2578 4099 2799 4154 mundo
2830 4103 3149 4172 receptum,
3184 4105 3241 4156 et
3270 4104 3334 4155 ut
3365 4118 3532 4158 sacra
3553 4119 3685 4175 ges-

2021 4192 2216 4243 torum
2244 4187 2372 4257 ejus
2404 4186 2623 4258 scripta
2652 4185 2969 4256 declarant,
2998 4188 3237 4244 vixdum
3271 4206 3424 4244 anno
3456 4190 3682 4247 dormi-

2018 4274 2197 4331 tionis
2229 4292 2347 4331 sua;
2378 4279 2576 4330 exacte
2609 4292 2642 4330 a
2672 4274 2797 4330 loco
2821 4274 3138 4348 sepultura
3171 4277 3368 4332 Mettis
3400 4277 3677 4335 relatum.

2020 4365 2099 4420 Ea
2130 4369 2428 4433 utcunque
2475 4361 2593 4418 sint
2641 4364 2979 4436 quibusque
3011 4382 3112 4436 pro
3144 4365 3428 4421 arbitratu
3462 4365 3521 4420 in
3554 4384 3679 4423 me-

2019 4453 2182 4507 dium
2215 4452 2632 4523 relinquentes,
2668 4469 2784 4507 non
2826 4452 3081 4508 multum
3116 4454 3320 4525 utique
3352 4456 3677 4512 sententia-

2019 4558 2150 4596 rum
2182 4541 2412 4613 pondus
2451 4541 2561 4595 hac
2610 4541 2905 4596 adimente
2954 4542 3240 4614 ambage;
3274 4559 3401 4615 quae
3449 4546 3676 4599 restant

2017 4631 2275 4698 omnino,
2310 4628 2556 4685 Domino
2597 4632 2870 4684 conatum
2908 4631 3178 4699 juvante,
3217 4632 3343 4702 jam
3394 4634 3673 4705 persequi

2016 4719 2535 4787 contendamus,et
2564 4717 3053 4773 translationibus
3073 4719 3325 4791 geminis
3359 4720 3542 4774 beatae
3564 4722 3673 4775 vir-

2014 4808 2189 4881 ginis,
2214 4824 2341 4879 que:
2373 4806 2767 4862 successerint
2785 4806 3073 4860 virtutum
3108 4806 3408 4877 miracula,
3426 4824 3675 4880 qumque

2015 4898 2085 4953 ad
2120 4895 2580 4951 sacratissimam
2612 4893 2825 4949 tumuli
2872 4896 3002 4965 ejus
3052 4895 3433 4951 reverentiam
3485 4897 3674 4953 diver-

2014 5001 2214 5041 sorum
2246 4983 2554 5056 langorum
2590 4983 2708 5038 sint
2738 4987 2973 5039 ostensa
3008 4984 3287 5051 remedia,
3320 4983 3512 5040 officio
3555 5002 3671 5042 non

254 5081 312 5134 et
342 5095 497 5134 nunc
528 5078 913 5150 sequentibus
936 5075 1209 5148 deinceps
1232 5075 1357 5147 pari
1391 5075 1778 5131 nihilominus
1797 5089 1902 5145 pu-
1933 5096 1981 5161 D
2014 5074 2212 5129 minus
2244 5073 2448 5129 devoto
2474 5088 2651 5144 quam
2685 5072 2882 5128 debito
2913 5071 3294 5144 explicemus.

633 5352 1147 5443 NARRATIO
1204 5352 2005 5444 TRANSLATIONIS
2062 5349 2403 5442 PRIMJE
2463 5335 2548 5437 S.
2610 5345 3297 5444 GLODESINDIS.

321 5529 355 5581 4
408 5527 481 5583 Ut
511 5527 776 5597 superior
809 5529 1161 5582 narrationis
1203 5528 1384 5581 series
1432 5529 1896 5600 comprehendit,

251 5621 564 5687 postquam
579 5615 988 5670 sacratissima)
1003 5615 1244 5689 virginis
1257 5633 1468 5687 corpus
1484 5617 1901 5673 intemeratum

2011 5530 2069 5582 in
2102 5526 2346 5583 basilica
2378 5528 2715 5578 sanctorum
2731 5522 3128 5595 apostolorum
3150 5528 3311 5580 extra
3324 5541 3527 5580 muros
3543 5524 3669 5579 urbi

2014 5635 2114 5689 per
2143 5632 2329 5671 annos
2360 5614 2466 5667 25's
2495 5612 2814 5683 quieverat,
2859 5614 3127 5683 quaedam
3178 5613 3324 5668 forte
3371 5613 3671 5685 religiosa-

324 5765 474 5834 (326)
499 5766 831 5841 Legeudum
866 5767 1158 5839 Hilperici,
1196 5772 1257 5824 ut
1288 5768 1348 5822 in
1382 5768 1592 5824 saeculo
1625 5786 1661 5823 Ii
1697 5771 1998 5841 admonui,
2033 5786 2100 5824 eo
2133 5765 2366 5824 nomine
2398 5764 2571 5835 primi
2604 5763 2997 5820 Childericum
3050 5764 3359 5820 Chlodovei
3395 5764 3444 5819 II
3479 5762 3667 5819 ﬁlium

253 5834 555 5908 ignorasse
580 5834 818 5894 videtur
848 5834 1073 5897 auctor.

2024 6470 2301 6480 Α--
