3868 6472
554 135 1169 149 *ἠν-Ὠ

190 563 306 624 221

1506 135 2041 150 vv—v—v

1173 564 1276 624 DE
1318 559 1923 633 TRANSLATIONE
1968 558 2035 635 Ξ.
2082 560 2613 622 GLODESINDIS.

3492 568 3609 628 222

194 713 328 753 rum
360 712 539 767 supra
568 692 872 750 memorati
898 694 1413 750 sanctimonalium
1432 694 1845 750 emnobiirevc-
1872 691 1930 760 Α
1957 691 2212 747 basilica:
2243 693 2511 749 deferunt
2539 694 2963 751 habitaculum.
3001 695 3084 751 Ibi
3128 697 3608 757 sanctimoniales

191 785 408 842 latione
439 783 635 838 divina
666 801 727 839 se
751 787 962 839 testata
983 789 1072 838 est
1104 784 1285 840 fuisse
1310 782 1847 851 commonitam,uti

194 873 401 946 majori
426 872 705 937 ecclesiae,
739 891 867 944 qua:
898 878 1022 927 erat
1054 873 1181 928 loco
1222 872 1561 943 subteriori,
1592 872 1708 928 alia
1744 871 1846 926 ad-

184 965 390 1035 jaccns
421 962 784 1018 extrinsecus
818 962 874 1017 in
908 963 1124 1018 honore
1158 966 1372 1017 sanctm
1409 963 1507 1017 Dei
1543 961 1846 1033 genitricis

193 1052 387 1108 Maria:
401 1055 838 1107 construeretur
853 1051 1255 1118 basilica,mod
1267 1069 1485 1123 umque
1498 1051 1684 1123 ipsius
1698 1068 1846 1105 reve-

191 1141 430 1196 lationis
459 1141 569 1195 hoc
602 1140 802 1195 ordine
836 1142 1140 1196 referebat.
1167 1141 1508 1207 Videbatur,
1549 1141 1842 1210 inquiens,

193 1230 338 1285 mihi
385 1229 708 1301 quiescenti
755 1231 925 1285 beata
972 1231 1132 1304 virgo
1182 1229 1415 1285 Domini
1476 1228 1845 1286 Glodesindis

192 1337 371 1391 super
400 1336 638 1374 murum
673 1317 926 1374 civitatis
945 1323 1130 1385 stans,
1146 1319 1401 1391 lapidem
1420 1319 1654 1374 eminus
1670 1317 1843 1373 veluti

191 1408 318 1462 loco
350 1407 714 1481 designando
748 1425 925 1463 mann
958 1407 1453 1481 dejicere,mequc
1471 1408 1662 1463 verbis
1684 1407 1846 1462 insu-

191 1514 295 1569 per
325 1497 675 1569 compellare
708 1513 719 1550 :
758 1498 866 1563 Ibi,
900 1497 1110 1568 inquit,
1145 1497 1391 1552 ecclesia
1422 1496 1754 1565 fabricetur,
1789 1501 1849 1551 et

190 1603 367 1657 quem
401 1587 458 1641 in
486 1586 677 1642 locum
711 1585 861 1658 lapis
894 1604 1033 1641 casu
1066 1585 1381 1654 devenit,in
1405 1604 1469 1641 eo
1494 1586 1846 1641 beatissima}

190 1692 424 1747 semper
452 1674 696 1747 virginis
729 1676 924 1731 Mariae
975 1676 1235 1747 erigatur
1278 1675 1476 1731 altare.
1524 1677 1845 1730 Monstrato

189 1762 446 1835 denique
479 1762 655 1819 aliam
690 1764 1010 1836 quamdam
1031 1764 1087 1818 in
1107 1768 1331 1835 partem
1352 1763 1528 1819 latere
1547 1779 1840 1820 seorsum:

188 1852 317 1919 Hic,
353 1853 455 1919 ait,
490 1852 707 1907 ostium
738 1852 861 1919 fiat,
896 1852 1051 1924 quod
1101 1869 1169 1906 ex
1200 1850 1444 1907 ecclesia
1473 1851 1703 1924 majori,
1736 1853 1844 1908 hoc

184 1944 299 2007 est,
335 1940 712 2009 monasterio,
748 1940 806 1995 in
837 1940 1103 1995 eamdem
1139 1940 1367 2012 pervius
1400 1957 1606 1996 novam
1631 1941 1844 1997 sorori-

185 2029 301 2084 bus
330 2028 629 2100 aperiatur
658 2029 982 2103 ingressus.
1008 2029 1124 2084 Hoc
1158 2046 1364 2084 somno
1397 2030 1687 2099 discusso,
1709 2047 1843 2085 cum

184 2116 414 2172 czeteris
444 2117 761 2185 retulisset,
788 2116 1027 2190 ancipiti
1059 2119 1157 2173 diu
1210 2118 1427 2175 haesere
1479 2118 1741 2187 consilio,
1776 2137 1842 2175 eo

183 2205 343 2277 quod
373 2209 512 2261 tunc
543 2206 823 2279 temporis
855 2208 1025 2278 regias
1042 2206 1237 2261 tutela:
1258 2205 1422 2263 locus
1441 2208 1841 2276 subesset,nee

183 2292 303 2349 nisi
335 2294 407 2348 ad
440 2311 575 2349 eum
600 2295 897 2367 rogatione
920 2295 1143 2367 perlata
1170 2295 1283 2350 tale
1305 2296 1444 2367 quid
1469 2296 1842 2368 aggrediendi

181 2382 271 2438 eis
303 2383 729 2455 suggerebatur
759 2383 993 2438 ﬁducia.
1030 2383 1232 2455 Itaque
1261 2401 1319 2439 re
1352 2384 1650 2441 celerrime
1680 2386 1840 2457 prin-

183 2471 302 2545 cipi
321 2472 636 2541 insinuata,
660 2489 845 2544 eoque
861 2476 1096 2529 auctore
1115 2474 1173 2527 in
1198 2474 1428 2546 negotio
1448 2476 1838 2546 exsequendo,

184 2566 254 2618 ut
283 2560 429 2616 visio
458 2562 755 2626 docuerat,
784 2578 1018 2617 summa
1058 2561 1335 2618 facilitate
1385 2564 1660 2631 adducto,
1692 2580 1841 2638 Opus

186 2655 431 2708 strenue
461 2653 705 2706 curatur
732 2654 908 2721 atque
940 2650 1259 2723 perficitur.
1293 2651 1561 2708 Edictum
1602 2652 1846 2725 insuper

182 2738 358 2811 regiae
375 2738 745 2796 liberalitatis
757 2739 976 2795 eisdem
992 2757 1092 2794 san
1102 2739 1540 2796 ctimonialibus
1558 2745 1645 2797 est
1658 2742 1726 2797 ad
1726 2742 1844 2813 jec-

182 2832 336 2895 tum,
371 2832 437 2882 ut
466 2827 671 2883 eadem
705 2844 871 2895 nova,
905 2846 1031 2901 quae
1062 2830 1368 2884 condenda
1394 2834 1565 2898 esset,
1600 2830 1844 2886 basilica

181 2916 588 2972 cmmeterium
619 2934 886 2973 sororum
919 2917 1109 2974 denuo
1133 2915 1471 2974 solemniter
1498 2918 1759 2989 haberet,
1775 2935 1842 2977 ac

182 3022 323 3061 mox
351 3004 412 3061 in
444 3006 710 3062 eamdem
743 3005 1047 3061 basilicam
1070 3022 1283 3079 corpus
1316 3023 1492 3062 sacra:
1509 3006 1751 3081 virginis
1773 3024 1842 3065 ex

178 3092 311 3150 loco
345 3094 558 3166 prioris
586 3094 799 3150 tumuli
830 3094 1239 3151 venerabiliter
1269 3096 1580 3151 referretur
1595 3097 1843 3153 human-

179 3183 347 3239 dum.
368 3184 463 3240 Sic
488 3188 545 3240 et
576 3183 928 3257 longitudini
961 3185 1208 3253 itineris,
1229 3185 1382 3258 quod
1418 3184 1723 3241 funeribus
1743 3204 1841 3241 an-

178 3271 455 3328 cillarum
503 3271 605 3327 Dei
650 3273 793 3328 urbe
842 3273 988 3345 (327)
1047 3274 1423 3346 exportandis
1478 3273 1838 3331 laboriosum

179 3362 536 3416 cernebatur
564 3365 982 3434 temperatum,
1014 3365 1071 3417 et
1102 3361 1492 3434 patrocinium
1515 3363 1838 3420 multitudi-

1956 779 2352 836 inzestimabili
2409 782 2467 837 in
2516 800 2645 838 eam
2697 785 3006 841 duvotione
3054 788 3358 854 ferventes,
3394 806 3606 862 corpus

1957 869 2387 937 beatissimum,
2403 876 2704 943 tamquam
2725 877 2865 928 tunc
2883 874 3071 946 primo
3088 875 3207 930 vita
3236 879 3605 947 excessisset,

1955 960 2026 1013 de
2058 976 2218 1014 more
2249 960 2641 1016 ecclesiastico
2668 961 2866 1017 lavant
2903 968 3076 1036 atque
3115 969 3609 1023 exnrnant..lnter

1953 1047 2269 1103 lavandum
2297 1050 2562 1121 quzedam
2578 1051 3114 1107 sanctimonialium
3132 1055 3609 1129 diutinolanguo-

1914 1146 1917 1149 ’
1955 1154 2015 1191 re
2037 1137 2263 1205 obessa,
2299 1138 2596 1211 vitamque
2628 1140 2815 1212 ipsam
2851 1142 2904 1195 in
2941 1142 3181 1213 ancipiti
3218 1145 3475 1212 trahens,
3502 1164 3605 1218 spe

1956 1226 2165 1280 salutis
2200 1245 2313 1281 non
2348 1229 2564 1283 frustra
2595 1234 2971 1302 prmsumpta,
3025 1232 3093 1284 ad
3146 1231 3338 1286 locum
3391 1233 3604 1290 lavacri

1957 1315 2307 1372 fiducialiter
2333 1318 2581 1385 venit,et
2612 1319 2814 1373 faciem
2849 1324 3062 1374 sanctre
3095 1322 3276 1392 digito
3308 1322 3414 1377 levi
3448 1328 3603 1378 tactu

1956 1405 2323 1476 compressit.
2353 1405 2512 1459 Illico
2561 1406 2808 1477 digitum
2860 1409 3202 1464 redeuntem
3262 1412 3505 1483 sanguis
3538 1430 3607 1466 ex

1958 1491 2103 1546 facie
2161 1493 2423 1565 virginea
2473 1494 2737 1565 prodigio
2790 1496 3042 1550 mirabili
3094 1501 3182 1552 est
3230 1500 3601 1556 subsecutus.

1956 1580 2244 1635 Omnibus
2275 1581 2351 1636 ibi
2385 1583 2604 1653 pariter
2619 1584 3169 1651 consistentibuset
3198 1585 3255 1641 in
3276 1588 3607 1660 exemplum

1954 1668 2242 1724 Dominici
2272 1669 2471 1728 lateris
2503 1673 2787 1727 miraculo
2806 1676 3202 1745 stupentibus,
3229 1693 3402 1732 cruor
3420 1677 3605 1734 isdem

1955 1757 2148 1829 palam
2183 1761 2473 1831 apparuit.
2510 1760 2773 1833 Cumque
2805 1763 3007 1818 eadem
3036 1764 3151 1828 vix,
3188 1770 3253 1820 ut
3293 1765 3429 1833 dixi,
3467 1767 3607 1822 reli-

1953 1845 2119 1919 giosa
2151 1848 2367 1904 femina
2396 1866 2741 1922 supremum
2774 1851 3024 1907 halitum
3057 1855 3351 1923 retineret,
3370 1862 3608 1927 repente

1955 1935 2104 1991 vires
2139 1936 2259 2004 iam
2312 1940 2514 1993 morbo
2565 1940 2878 1997 exhaustas
2924 1941 3207 2014 paulatim
3255 1944 3366 2000 sibi
3419 1947 3608 2003 redire

1953 2026 2263 2096 persensit,
2297 2031 2353 2082 et
2384 2029 2688 2085 mensibus
2723 2046 2821 2085 sex
2871 2035 3046 2087 tantm
3098 2032 3177 2087 rei
3230 2033 3397 2090 testis
3445 2038 3606 2107 post-

1952 2115 2194 2169 modum
2227 2116 2560 2187 supervixit.
2600 2118 2838 2189 Expleto
2886 2121 3046 2175 omni
3079 2122 3157 2193 pii
3189 2122 3407 2178 amoris
3450 2124 3607 2180 circa

1954 2208 2219 2259 sanctam
2269 2206 2555 2277 virginem
2609 2207 2958 2277 ministerio,
3016 2210 3418 2282 deposuerunt
3473 2230 3603 2269 eam

1953 2290 2091 2346 item
2124 2293 2182 2348 in
2216 2296 2578 2368 sarcophago
2611 2314 2779 2365 novo,
2814 2299 2887 2352 ad
2918 2299 3215 2354 dexteram
3260 2306 3485 2372 partem
3520 2304 3605 2358 al-

1952 2381 2094 2437 taris
2123 2389 2337 2439 sancta:
2371 2384 2470 2439 Dei
2500 2385 2830 2455 Genitricis,
2865 2385 3163 2460 humoque
3204 2390 3456 2463 desuper
3500 2408 3602 2465 ag-

1952 2476 2135 2543 gesta,
2170 2472 2480 2547 diligenter
2507 2480 2883 2547 componunt.

2022 2562 2077 2616 6.
2110 2560 2491 2634 Aliquantum
2526 2568 2725 2635 postea
2774 2566 3018 2621 ﬂuxerat
3062 2570 3316 2640 tempus,
3368 2573 3426 2625 et
3472 2586 3603 2626 ecce

1953 2656 2120 2706 nocte
2151 2653 2407 2724 quadam
2439 2654 2675 2708 cuidam
2704 2654 2833 2731 vitae
2880 2655 3321 2712 continentioris
3372 2659 3602 2713 feminae

1951 2740 2009 2795 in
2036 2741 2163 2796 visu
2197 2760 2231 2797 a
2276 2743 2531 2815 quodam
2580 2744 2906 2809 dicebatur,
2942 2746 3098 2816 quod
3150 2762 3363 2817 corpus
3412 2748 3601 2820 ipsius

1953 2830 2133 2886 beatae
2163 2831 2406 2904 virginis
2438 2847 2572 2887 mus
2601 2832 2754 2887 infra
2791 2833 3126 2905 sepulcrum
3177 2840 3600 2908 corrumperet,

1953 2923 2126 2991 atque
2164 2920 2222 2974 id
2254 2919 2381 2993 ipso
2414 2937 2622 2993 sopore
2671 2926 3118 2978 monumentum
3152 2923 3262 2979 sibi
3295 2924 3604 2981 videbatur

1952 3008 2182 3080 aperiri,
2216 3015 2273 3065 et
2324 3027 2572 3080 murem,
2624 3011 2721 3082 qui
2766 3011 2893 3082 jam
2941 3010 3168 3084 pollicis
3219 3013 3384 3084 pedis
3414 3014 3599 3069 dextri

1952 3101 2177 3169 partem
2212 3103 2554 3166 corroscrat,
2587 3097 2715 3171 ipsa
2747 3116 2874 3171 qum
2915 3100 3036 3155 haec
3066 3100 3318 3169 videbat,
3353 3101 3600 3175 expelle-

1951 3188 2057 3239 ret.
2092 3185 2504 3257 Expergefacta
2535 3186 2815 3255 diluculo,
2851 3204 2971 3242 rem
3007 3189 3178 3243 matri
3210 3191 3606 3263 congregatio-

1951 3272 2062 3339 nis,
2078 3273 2415 3346 caeterisque
2437 3274 2737 3330 sororibus
2759 3277 3071 3331 narrat.Ad
3106 3276 3163 3331 id
3177 3277 3600 3349 explorandum

1950 3360 2253 3416 ministros
2286 3380 2587 3419 sacrorum
2622 3364 2794 3419 acciri
2832 3364 3108 3420 continuo
3139 3365 3380 3438 placuit.
3405 3369 3619 3434 Quide,

182 3452 239 3505 ni
276 3449 541 3505 fidelium
592 3454 681 3505 est
728 3450 1132 3521 copiosissime
1179 3450 1461 3506 divinitus
1512 3453 1833 3525 provisum.
1868 3433 1912 3501 C
1950 3466 2111 3504 more
2141 3450 2488 3505 Christianae
2520 3452 2822 3522 religionis
2862 3453 3083 3509 litaniis
3137 3459 3195 3509 et
3237 3457 3601 3514 oratianibus

180 3540 300 3595 Nec
334 3556 403 3594 ex
434 3555 500 3594 eo
522 3542 783 3610 tempore
806 3540 959 3610 jam,
983 3543 1044 3593 ut
1066 3539 1232 3611 prius
1264 3540 1445 3595 moris
1477 3546 1622 3607 erat,
1646 3542 1735 3597 vel
1767 3542 1838 3597 ad

182 3631 574 3684 memoratam
606 3628 1023 3700 apostolorum,
1077 3646 1235 3684 nunc
1282 3629 1434 3685 beati
1479 3630 1702 3685 Arnulﬁ
1736 3647 1837 3686 no-

182 3718 348 3773 mine
378 3716 687 3785 celebrem,
714 3716 802 3772 vel
834 3722 1072 3773 eaateras
1103 3718 1258 3772 circa
1311 3718 1514 3773 urbem
1564 3719 1839 3775 basilicas

181 3805 505 3878 cujuslibet
534 3823 736 3862 earum
770 3811 859 3861 est
891 3808 1069 3861 funus
1098 3806 1354 3874 elatum;
1389 3806 1489 3861 sed
1512 3806 1692 3861 veluti
1714 3824 1838 3863 ma-

179 3895 255 3950 tri
291 3894 447 3950 ﬁlias
479 3898 547 3950 ut
572 3894 829 3950 viventes
878 3895 1099 3950 devotis
1145 3894 1461 3966 obsequiis,
1497 3895 1579 3950 ita
1626 3895 1839 3951 szeculo

181 3985 423 4040 functas
455 3984 565 4040 sub
598 3989 833 4057 tempus
865 3984 1313 4057 glorificationis
1331 4002 1449 4039 suae
1482 3983 1678 4039 debita
1706 4001 1838 4040 cor-

178 4073 344 4147 poris
373 4072 572 4129 videas
599 4073 893 4130 adhaarere
924 4073 1140 4146 quiete.

245 4164 304 4220 5.
325 4161 917 4235 Fabricaigiturnova
928 4162 1181 4219 ecclesiae
1196 4164 1265 4218 ad
1283 4179 1579 4218 summam
1593 4179 1834 4218 manum

178 4251 484 4323 perducta,
517 4252 590 4308 ad
620 4251 815 4308 locum
865 4251 1120 4324 sepulcri
1174 4251 1343 4325 plebe
1394 4256 1516 4307 tota
1561 4252 1833 4308 certatim

176 4339 444 4413 undique
476 4341 994 4408 accurrente,mira
1023 4340 1325 4396 alacritate
1356 4342 1837 4409 contenditur,ef-

178 4429 455 4502 fossaque
485 4429 666 4486 humo
698 4430 1093 4501 circumjecta,
1129 4447 1195 4486 ac
1226 4429 1417 4502 lapide
1449 4436 1834 4487 monumento

179 4520 498 4589 subducto,
530 4519 828 4592 reperiunt
869 4523 1134 4575 sanctam
1186 4523 1306 4575 toto
1358 4519 1550 4574 adhuc
1596 4536 1835 4592 corpore

179 4608 493 4683 integram,
528 4608 693 4663 nulla
720 4606 882 4663 illius
913 4612 1037 4664 tam
1071 4607 1285 4663 diutini
1319 4606 1664 4681 scpulcralis
1682 4610 1834 4665 situs

181 4699 352 4771 signa
381 4697 442 4753 in
472 4713 647 4754 carne
676 4701 1125 4764 monstrantem,
1160 4698 1259 4753 sed
1293 4714 1359 4752 ac
1403 4696 1451 4753 si
1503 4697 1595 4753 die
1627 4698 1831 4753 eodem

179 4792 338 4844 esset
367 4788 653 4861 deposita,
685 4786 936 4860 gratiam
982 4787 1164 4842 totius
1213 4786 1470 4859 corporis
1521 4787 1823 4843 referebat.
1859 4804 1909 4869 Ι)

180 4880 315 4945 Quae
346 4878 427 4934 ibi
460 4878 681 4945 laetitia,
716 4894 845 4948 quae
876 4875 1069 4931 intimi
1098 4875 1288 4932 calore
1322 4875 1522 4949 gaudii
1558 4875 1827 4948 lacrymaa

177 4971 630 5040 prorumpentes
658 4964 1069 5022 beatamillam
1102 4965 1173 5020 de
1204 4969 1368 5020 tanta
1382 4964 1605 5019 visione
1628 4968 1825 5021 tenue-

177 5055 294 5111 rint
319 5054 732 5129 frequentiam,
765 5053 976 5110 melius
1004 5054 1197 5109 verbis
1228 5053 1825 5125 succumbere,quam

179 5160 385 5216 parum
402 5145 582 5218 digne
596 5144 806 5211 dicere,
822 5143 978 5215 quod
1002 5141 1202 5213 utique
1225 5142 1471 5198 dicendo
1489 5142 1687 5197 minus
1705 5143 1828 5197 red-

178 5232 449 5290 diderim.
483 5234 630 5291 Nam
662 5237 720 5289 et
749 5233 798 5289 si
831 5232 971 5304 quid
999 5230 1147 5285 forte
1179 5246 1371 5287 sermo
1412 5229 1599 5303 possit
1644 5229 1821 5302 expli-

178 5339 328 5393 care,
361 5324 418 5380 id
451 5323 639 5379 multo
669 5322 909 5379 uberius
941 5337 1009 5377 ea
1037 5320 1226 5376 fidelis
1258 5320 1457 5394 populi
1490 5325 1629 5376 tunc
1651 5319 1827 5376 evice-

177 5417 313 5468 runt
340 5412 639 5485 obsequia.
668 5412 930 5469 Tandem
947 5407 1467 5481 incomparabilem
1482 5410 1824 5465 thesaurum

179 5500 273 5573 pia
301 5502 576 5557 aviditate
603 5506 911 5573 exceptum
930 5516 1064 5553 cum
1083 5499 1327 5554 solemni
1349 5498 1599 5553 cmlcstis
1612 5515 1826 5570 pompa

180 5591 460 5663 triumphi
493 5590 698 5646 laudes
720 5591 835 5645 Deo
869 5587 1051 5644 sacris
1071 5587 1376 5643 ordinibus
1395 5592 1678 5642 concentu
1699 5586 1827 5641 reli-

177 5677 335 5749 gioso
354 5679 410 5733 in
426 5679 634 5734 ccelum
659 5678 999 5735 tollentibus
1019 5677 1091 5731 ad
1118 5681 1508 5748 praeparatum
1533 5675 1644 5731 sibi
1666 5692 1823 5731 nova:

1952 3555 2054 3609 pro
2086 3555 2145 3593 re
2178 3540 2576 3610 prosperanda
2624 3540 2876 3610 peractis
2922 3542 3220 3597 tumulum
3274 3550 3603 3602 reverenter

1950 3629 2238 3700 aperiunt,
2274 3634 2331 3684 et
2358 3629 2428 3684 ad
2462 3633 2621 3684 certa
2649 3630 2867 3685 indicia
2898 3630 3137 3686 visionis
3186 3632 3393 3703 pollice
3435 3635 3600 3705 pedis

1950 3717 2147 3772 dextro
2180 3722 2482 3774 cruentato
2533 3723 2779 3789 reperto,
2828 3718 3076 3775 soricem
3126 3720 3503 3793 depellentes,
3538 3729 3598 3778 et

1947 3806 2040 3861 via
2070 3806 2128 3860 in
2160 3806 2451 3879 reliquum
2485 3804 2827 3878 penetrandi
2879 3808 3199 3876 obstructa,
3233 3810 3595 3881 sepulcrum,

1948 3898 2014 3949 ut
2043 3894 2226 3965 prius,
2261 3895 2585 3949 obcludunt
2613 3900 2670 3950 et
2701 3894 2994 3954 muniunt.

2015 3985 2071 4049 7,
2105 3982 2332 4048 Quievit
2363 3983 2422 4037 in
2455 3983 2658 4038 eodem
2690 3982 2816 4039 loco
2864 4000 3078 4055 corpus
3128 3986 3598 4045 sacratissimum

1947 4086 2136 4141 usque
2157 4071 2227 4125 ad
2247 4076 2513 4143 tempora
2534 4071 2907 4143 imperatoris
2924 4072 3175 4145 piissimi
3208 4075 3479 4132 Ludovici
3499 4078 3601 4134 Ca-

1946 4159 2069 4215 rolo
2100 4159 2496 4216 famosissimo
2518 4176 2581 4215 ac
2611 4161 2869 4217 maxime
2901 4162 3250 4235 imperatore
3282 4167 3595 4237 progeniti,

1946 4249 2045 4306 ubi
2077 4249 2345 4322 pluribus
2378 4266 2439 4305 se
2470 4249 2806 4321 frequenter
2848 4252 3010 4325 virgo
3060 4254 3231 4309 beata
3279 4254 3601 4326 publicavit

1943 4338 2281 4404 virtutibus,
2308 4336 2613 4409 multaque
2644 4336 3074 4393 inﬁrmantium
3108 4340 3331 4396 curatio
3380 4345 3598 4398 sancti-

1944 4428 2084 4483 tatis
2115 4428 2244 4499 ejus
2272 4430 2331 4480 et
2360 4425 2552 4481 meriti
2585 4426 2737 4498 apud
2773 4426 3091 4483 Dominum
3123 4430 3598 4499 praestantissimi

1943 4514 2283 4571 testimonio
2314 4515 2445 4569 fuit.
2496 4514 2575 4571 Ea
2623 4514 2894 4585 quamvis
2944 4514 3172 4571 incuria
3221 4517 3597 4589 antiquitatis

1944 4604 2162 4676 scripto
2195 4602 2393 4657 minus
2426 4602 2545 4658 sint
2570 4602 2803 4669 tradita,
2825 4603 3109 4658 memoria
3140 4607 3337 4659 tamen
3371 4623 3440 4660 ex
3462 4623 3595 4662 nar-

1943 4694 2166 4750 ratione
2196 4691 2648 4764 prmcedentium
2682 4690 3003 4747 subindein
3018 4694 3398 4749 succedentes
3411 4698 3600 4751 trans-

1942 4784 2091 4848 fusa,
2112 4798 2238 4853 quae
2262 4796 2353 4835 res
2374 4796 2579 4835 omnes
2599 4783 2888 4836 vetustate
2909 4784 2966 4837 et
2987 4780 3149 4837 senio
3174 4782 3463 4854 fugientes
3485 4784 3593 4840 du-

1939 4869 2108 4927 rabili
2140 4872 2371 4941 reparat
2396 4866 2671 4937 novitate,
2707 4886 2939 4942 semper
2967 4887 3096 4925 eam
3128 4854 3460 4929 ostensione
3484 4874 3597 4947 sig-

1938 4976 2147 5016 norum
2182 4958 2451 5013 ﬂoruisse
2484 4974 2599 5012 non
2640 4961 2813 5012 tacet.
2848 4960 2983 5025 Quae
3034 4964 3235 5016 autem
3284 4962 3591 5033 posteriori

1937 5053 2121 5117 aetate,
2146 5046 2261 5102 otio
2279 5046 2409 5117 jam
2450 5045 2705 5119 segniori
2744 5047 3040 5116 submoto,
3076 5047 3282 5106 litterae
3324 5050 3593 5124 signave-

1936 5141 2094 5204 runt,
2127 5134 2295 5191 facile
2325 5134 2631 5190 insinuant
2659 5141 2881 5207 quanta
2903 5137 3046 5192 ﬁdes
3078 5139 3385 5210 prasteritis
3405 5142 3595 5213 possit

1934 5225 2157 5294 haberi,
2174 5241 2279 5280 nec
2302 5224 2500 5279 minus
2520 5224 2696 5281 claris
2718 5225 2777 5281 in
2798 5224 2898 5282 illo
2925 5227 3071 5282 tanti
3091 5229 3375 5301 temporis
3398 5231 3591 5303 spatio

1936 5312 2237 5371 miraculis
2268 5330 2398 5369 eam
2432 5313 2719 5370 celebrem
2762 5315 3075 5372 exstitisse.
3112 5319 3354 5376 Frustra
3393 5324 3591 5377 autem

1934 5404 2057 5461 11th
2082 5404 2141 5457 in
2174 5402 2742 5459 commendationem
2762 5406 2891 5476 ejus
2916 5406 3135 5478 requiri
3154 5408 3591 5477 videntur,cum

1936 5499 2088 5551 certe
2119 5492 2178 5549 id
2211 5509 2396 5548 unum
2428 5496 2593 5549 tanta
2622 5494 2936 5565 praesentia
2964 5495 3203 5554 deitatis
3242 5516 3590 5554 concessum

1936 5599 2148 5654 corpus
2179 5580 2401 5636 scilicet
2430 5599 2534 5653 per
2564 5586 2646 5636 tot
2662 5599 2849 5638 annos
2870 5583 2996 5639 sine
3014 5586 3386 5656 corruptione
3404 5602 3593 5649 scrva-

1934 5677 2061 5728 tum
2095 5674 2308 5727 cuncta
2336 5675 2643 5743 exsuperet
2677 5672 3044 5741 admiranda,
3076 5690 3427 5745 quocunque
3449 5691 3590 5729 casu

249 5803 393 5873 (3“87)
454 5803 799 5860 Cmmeteria
839 5801 977 5857 olim
1037 5803 1195 5856 extra
1246 5801 1421 5857 urbes
1471 5801 1659 5859 locata
1710 5804 1897 5869 erant,
1939 5799 2117 5857 etiam
2176 5795 2693 5853 sanctimonalium
2744 5803 2905 5854 extra
2953 5799 3235 5867 coenobia,
3272 5801 3335 5851 ut
3384 5796 3587 5855 multis

179 5874 454 5947 exemplis
487 5876 716 5947 probari
750 5876 958 5947 potest.
