3868 6482
328 527 441 585 227

1222 519 1548 583 JOANNIS
1597 518 1922 582 ABBA'I‘IS
1967 524 2033 582 S.
2079 521 2423 584 ARNULFI
2469 521 2861 585 METENSIS

3633 525 3744 588 228

403 658 488 711 14.
525 656 644 710 Sub
671 655 822 708 idem
847 657 1080 724 tempus
1104 652 1332 707 feminae
1356 657 1476 708 tres
1498 653 1756 709 febribus
1777 651 1976 707 nimiis
2005 661 2059 724 Α
2092 657 2215 720 Qua
2241 655 2520 710 divinitus
2563 657 2706 710 forte
2739 657 3027 711 subducta
3057 672 3354 729 nusquam
3385 664 3739 729 accurrente,

322 763 393 802 ex
413 742 746 801 diutissime
767 745 952 796 tracto
989 741 1276 813 languore
1314 741 1594 796 omnibus
1627 757 1774 813 pene
1803 756 1986 796 mem-

323 834 446 890 bris
477 833 934 902 cxhaustze,qua3
957 829 1014 885 in
1042 847 1193 885 vana
1215 830 1576 886 medicorum
1602 846 1744 885 cura
1769 829 1985 886 multo-

322 922 430 977 ties
461 920 572 976 sibi
605 920 828 974 frustra
859 917 1144 986 adhibita,
1163 935 1342 973 censu
1377 934 1702 990 pauperum
1737 917 1982 990 perdito,

319 1017 378 1067 et
405 1027 554 1066 onus
585 1007 1026 1081 geminaverant
1059 1005 1443 1078 paupertatis,
1477 1009 1532 1062 et
1563 1004 1801 1060 remedii
1838 1004 1982 1060 nihil

319 1099 558 1156 omnino
590 1096 948 1161 attulerant;
986 1095 1189 1150 audita
1221 1095 1501 1150 relatione
1530 1093 1856 1167 ingentium
1884 1093 1984 1148 mi-

317 1185 708 1253 rabilium,ad
743 1183 988 1257 virginis
1020 1187 1232 1239 sancta!
1268 1183 1606 1256 sepulcrum
1641 1199 1702 1238 se
1731 1183 1843 1236 lide
1867 1198 1979 1236 non

316 1295 485 1334 cassa
516 1291 756 1348 propere
789 1272 1196 1329 contulerunt.
1230 1274 1326 1328 Hae
1360 1291 1491 1328 mox
1525 1275 1588 1327 ut
1614 1269 1820 1326 limina
1841 1270 1980 1326 aedis

315 1372 530 1424 sancta:
563 1362 1244 1434 contingerunt,virgine
1269 1363 1325 1417 in
1357 1361 1448 1418 sui
1474 1360 1756 1415 auxilium
1795 1359 1980 1432 preci-

313 1459 426 1514 bus
455 1451 711 1511 credulis
754 1451 1043 1518 invocata,
1069 1450 1511 1524 integerrimam
1539 1449 1821 1504 membris
1851 1462 1975 1503 om-

314 1545 490 1602 nibus
520 1544 1016 1613 recuperavcruut
1045 1539 1321 1595 salutem.
1355 1540 1424 1594 Et
1466 1537 1527 1593 in
1568 1556 1685 1612 quo
1735 1536 1977 1594 avaritia

312 1650 564 1708 semper,
579 1629 952 1687 curationum
987 1628 1318 1685 carnalium
1349 1627 1683 1696 comes,illa
1701 1643 1976 1699 suae,qua

308 1725 370 1781 in
429 1723 780 1780 miserorum
835 1736 1081 1792 corpora
1157 1718 1245 1774 vel
1301 1736 1442 1791 opes
1517 1718 1775 1786 desaevit,
1827 1717 1972 1773 artis

308 1829 562 1887 expensa
613 1809 894 1883 potentia,
929 1811 1051 1864 tota
1097 1808 1417 1880 defecerat:
1453 1807 1603 1862 ﬁdes
1661 1805 1808 1876 sola,
1840 1823 1970 1878 quae

307 1901 492 1976 gratis
512 1901 724 1956 cuncta
753 1897 903 1952 ferre
925 1895 1250 1966 consuevit,
1273 1896 1432 1969 quod
1465 1912 1641 1952 suum
1672 1899 1780 1965 est,
1799 1895 1970 1950 solita

307 1989 607 2048 velocitate
637 1985 913 2043 restituit.

380 2081 468 2135 15.
508 2077 636 2133 Alia
680 2075 821 2132 item
881 2072 1100 2128 femina
1160 2073 1360 2129 morbo
1417 2073 1560 2128 adeo
1621 2069 1967 2146 gravissimo

304 2166 665 2241 longissimzn
696 2161 1066 2236 mgritudinis
1097 2161 1246 2218 lecto
1285 2161 1588 2218 decubans
1638 2161 1967 2216 tenebatur:

307 2262 374 2313 ut
421 2254 542 2312 solo
593 2253 806 2326 spiritu
855 2254 1086 2308 tantum
1141 2253 1498 2324 superesset,
1532 2249 1627 2306 cui
1679 2247 1968 2322 quidquid

304 2345 570 2401 humana
589 2341 940 2398 adhibuerat
969 2357 1204 2407 manus,
1231 2340 1453 2394 frustra
1500 2342 1688 2393 totum
1735 2337 1793 2392 id
1840 2338 1964 2392 fue-

303 2437 396 2488 rat
427 2449 440 2488 :
476 2431 616 2504 quia
645 2429 821 2485 etiam
857 2429 985 2500 ipsa
1015 2446 1118 2500 spe
1156 2427 1408 2483 salutem
1445 2426 1557 2481 sibi
1591 2425 1744 2481 ultra
1792 2443 1964 2497 posse

302 2521 530 2578 restitui
551 2522 679 2592 jam
713 2518 948 2590 penitus
979 2517 1381 2572 deserebatur.
1417 2515 1568 2584 Haec,
1602 2532 1717 2586 quo
1768 2513 1961 2569 nesci—

299 2615 399 2666 tur
426 2609 736 2675 instinctu,
771 2605 884 2662 nisi
917 2605 1062 2660 forte
1093 2609 1158 2660 ut
1205 2609 1338 2676 post
1386 2602 1530 2659 satis
1569 2602 1796 2670 claruit,
1843 2603 1959 2659 Deo

299 2698 394 2754 cui
420 2713 662 2754 suorum
696 2693 962 2750 omnium
996 2710 1138 2748 cura
1169 2699 1276 2759 est,
1301 2691 1646 2764 inspirante,
1681 2689 1783 2763 qui
1827 2708 1955 2746 eam

297 2805 368 2844 ex
392 2787 640 2858 hujusm
655 2783 752 2840 odi
783 2784 950 2838 fovea
978 2779 1402 2852 desperationis
1422 2780 1679 2853 gratuita
1701 2779 1956 2836 bonitate

297 2892 408 2932 sua
432 2875 688 2930 eximere
717 2870 920 2938 voluit,
939 2873 996 2925 et
1015 2871 1338 2925 fomentum
1360 2869 1496 2924 boni
1521 2869 1733 2941 operis,
1753 2885 1954 2940 quam-

292 2963 382 3020 vis
406 2963 662 3020 tenuiter
690 2959 750 3014 in
781 2976 850 3022 ea
879 2974 1216 3026 accensum,
1252 2974 1366 3012 non
1397 2973 1641 3028 prorsus
1691 2954 1950 3028 patieba-

293 3057 392 3107 tur
419 3045 827 3121 exstingui,ad
857 3043 1067 3098 limina
1095 3043 1245 3098 sacri
1280 3042 1618 3099 monasterii
1650 3041 1802 3097 inter
1833 3059 1952 3097 ma-

293 3155 410 3195 nus
440 3143 505 3194 se
537 3133 673 3192 ferri
695 3131 832 3194 fecit
862 3147 876 3186 :
912 3147 1040 3202 quae
1063 3130 1164 3185 ubi
1176 3131 1305 3200 jam
1327 3135 1560 3201 septum
1583 3147 1684 3184 seu
1707 3128 1944 3198 atrium,

291 3243 408 3314 quo
440 3221 866 3282 monasterium
897 3218 1284 3286 ambiebatur,
1306 3217 1574 3289 ingressa
1617 3221 1726 3284 est,
1759 3215 1947 3289 gratia

290 3305 680 3386 omnipotenti
729 3308 848 3364 Deo
897 3323 1056 3374 voce,
1091 3322 1208 3377 qua
1257 3305 1457 3375 valuit,
1509 3323 1680 3378 agere
1730 3305 1940 3376 coepit;

2098 742 2170 798 ab
2201 742 2330 816 ipsa
2361 744 2576 816 ignota,
2593 761 2772 816 quam
2797 744 2908 800 sub
2929 744 3111 800 dubia
3128 745 3242 800 adh
3254 763 3324 802 uc
3345 745 3473 802 luce
3491 747 3586 803 vix
3626 763 3741 804 cer-

2096 847 2232 886 nere
2263 835 2509 904 poterat,
2546 849 2732 904 usque
2765 833 2835 887 ad
2884 831 3223 904 sepulcrum
3269 834 3537 906 virginis,
3583 840 3743 908 parte

2095 935 2223 990 qum
2255 924 2430 992 caput
2452 919 2707 993 respicit,
2727 925 2816 976 est
2845 921 3146 994 perducta.
3177 921 3261 977 lbi
3300 922 3550 978 orationi
3581 941 3742 997 pros-

2094 1009 2382 1078 trata.,ubi
2417 1011 3072 1082 surgenstremebunda
3113 1014 3170 1064 et
3209 1011 3742 1086 stupidaercgionc

2091 1098 2303 1152 tumuli
2322 1099 2600 1165 constitit,
2617 1116 2720 1170 pro
2743 1098 3010 1172 sepulcro
3033 1098 3158 1170 ipso
3182 1099 3398 1155 nubem
3423 1103 3738 1172 quamdam

2091 1187 2200 1241 sibi
2234 1204 2513 1259 apparere
2535 1188 2815 1260 putabat;
2851 1192 2907 1242 ct
2951 1187 3278 1243 mirabatur
3324 1189 3478 1261 quod
3532 1191 3739 1260 nubes,

2089 1291 2216 1348 quae
2245 1275 2422 1331 altius
2452 1275 2508 1330 iu
2545 1293 2674 1330 acre
2725 1275 2860 1330 ferri
2895 1282 3344 1345 consueverunt,
3369 1281 3491 1334 tam
3539 1279 3740 1337 vicina:

2087 1368 2226 1418 tunc
2259 1367 2472 1419 terram
2509 1369 2742 1437 tangere
2771 1363 3142 1420 videbantur.
3177 1365 3406 1421 Sensim
3449 1366 3659 1425 deinde
3694 1371 3740 1426 ci

2086 1450 2186 1507 lux
2216 1453 2434 1508 clarius
2459 1453 2648 1526 magis
2668 1469 2734 1507 ac
2757 1454 2946 1527 magis
2967 1453 3140 1526 ccepit
3161 1453 3613 1522 infundi,doncc
3645 1475 3740 1514 ca-

2083 1540 2261 1615 ligine
2281 1546 2402 1598 tota
2421 1541 2608 1598 oculis
2630 1541 2904 1598 submota
2922 1547 3076 1599 certo
3101 1547 3156 1598 et
3177 1557 3308 1598 vero
3332 1544 3570 1614 intuitu,
3601 1547 3744 1618 quia

2083 1630 2420 1704 sepulcrum
2447 1635 2624 1700 esset,
2657 1631 2810 1703 quod
2844 1649 2964 1704 prae
2997 1629 3184 1687 oculis
3231 1631 3414 1689 situm
3460 1633 3738 1704 habebat,

2081 1720 2252 1793 plane
2273 1725 2666 1794 cognosceret.
2701 1721 2864 1776 Tunc
2891 1719 2992 1775 ubi
3022 1724 3194 1788 esset,
3211 1720 3297 1777 vel
3330 1721 3741 1795 qualiterilluc

2080 1807 2430 1878 advenisset,
2464 1807 2730 1878 attonita,
2767 1806 3033 1880 nihilque
3065 1807 3224 1864 circa
3274 1826 3336 1864 se
3385 1811 3542 1883 quod
3575 1829 3739 1870 reco-

2076 1902 2384 1970 gnosceret
2437 1897 2664 1966 videns,
2698 1897 2871 1953 anxia
2930 1897 3187 1954 haerebat
3241 1903 3299 1954 et
3354 1903 3636 1971 stupens;
3687 1907 3740 1958 et

1997 2027 2046 2094 B
2075 1987 2232 2058 quod
2266 1986 2458 2042 adhuc
2491 2003 2764 2060 pavorem
2797 1987 3193 2060 augeret,jam
3217 2003 3324 2043 nec
3345 1987 3533 2058 ipsam
3566 1989 3738 2062 igne-

2080 2080 2201 2131 tam
2233 2093 2566 2148 personam,
2601 2091 2780 2147 quam
2813 2093 2874 2132 se
2905 2075 3079 2148 paulo
3126 2080 3262 2132 ante
3308 2077 3655 2148 praecedere,
3684 2083 3738 2135 et

2078 2163 2220 2221 illuc
2253 2164 2567 2221 adduxisse
2599 2164 2942 2231 mirabatur,
2976 2163 3133 2220 ultra
3159 2165 3354 2221 videre
3405 2165 3734 2238 praevaluit.

2077 2257 2226 2310 Dum
2249 2271 2384 2327 ergo
2405 2254 2464 2309 in
2484 2252 2593 2312 hoc
2616 2271 2861 2310 mcerore
2882 2253 2984 2308 diu
3013 2253 3466 2323 contabesceret,
3489 2256 3736 2313 tandem

2075 2344 2146 2398 ad
2176 2359 2238 2398 se
2269 2361 2519 2412 reversa,
2535 2343 2764 2400 beatam
2788 2341 3200 2398 Glodesindcm
3223 2341 3333 2398 sibi
3359 2343 3734 2416 apparuisse,

2072 2437 2130 2488 et
2159 2450 2222 2488 se
2257 2431 2396 2488 illuc
2443 2431 2807 2506 perduxisse,
2843 2447 2908 2486 ac
2939 2430 3065 2486 suis
3113 2431 3338 2487 meritis
3381 2431 3580 2488 lumen
3615 2434 3736 2490 sibi

2071 2539 2466 2594 recuperasse,
2483 2521 2809 2578 certissime
2831 2519 3302 2594 cognovit,atque
3327 2519 3385 2575 in
3403 2520 3736 2592 gratiarum

2069 2603 2356 2658 actionem
2380 2601 3036 2674 prorumpensjamque
3058 2600 3212 2656 clare
3233 2601 3433 2656 omnia
3453 2617 3730 2669 cernens,

2067 2690 2384 2746 Dominum
2408 2695 2463 2746 et
2484 2695 2750 2746 sanetam
2771 2689 3056 2762 virginem
3080 2689 3333 2762 publicis
3352 2689 3596 2746 vocibus
3615 2693 3737 2748 eol-

2064 2779 2362 2848 laudabat,
2395 2797 2500 2836 nec
2535 2780 2665 2852 jam
2722 2777 2969 2835 ulterius
3028 2779 3176 2834 duce
3231 2778 3526 2852 indigens,
3561 2781 3728 2837 viam

2061 2868 2242 2926 libere
2275 2884 2748 2942 quaquaversum
2779 2865 3047 2922 exultans
3080 2866 3430 2940 ingreditur.

2135 2960 2222 3014 17.
2257 2958 2382 3013 Non
2416 2955 2618 3012 multis
2645 2955 2785 3011 hinc
2813 2955 3030 3011 exactis
3081 2955 3312 3024 diebus,
3347 2973 3558 3014 rursus
3609 2957 3734 3015 alia

2059 3045 2229 3101 multi
2261 3045 2399 3102 item
2431 3043 2714 3118 temporis
2745 3061 2895 3100 caeca
2923 3045 2994 3100 ad
3029 3047 3297 3101 tumbam
3331 3050 3602 3102 sanctam
3633 3049 3734 3105 de-

2055 3133 2574 3204 ducitur,illucque
2595 3149 2732 3188 cum
2755 3132 2976 3188 caeteris
2995 3132 3406 3206 languentium
3436 3135 3637 3192 turbis
3661 3135 3727 3192 il-

2054 3221 2130 3276 lic
2159 3221 2574 3276 exeubautium
2626 3237 2730 3292 per
2772 3225 2954 3276 totam
3005 3226 3235 3277 noctem
3277 3223 3544 3279 divinum
3565 3240 3725 3294 sum

2053 3309 2327 3382 precibus
2358 3306 2703 3381 praestolans
2741 3305 3100 3376 subsidium,
3129 3311 3466 3366 matutinali
3520 3313 3726 3369 officio

290 3401 431 3474 quia
461 3399 618 3472 quod
651 3412 955 3468 nunquam
987 3411 1223 3466 sperare
1253 3397 1540 3466 potuerat,
1573 3394 1673 3448 sed
1706 3409 1812 3448 nec
1833 3391 1942 3448 uli-
1979 3386 2021 3454 C
2051 3399 2120 3454 de
2153 3414 2314 3453 more
2345 3396 2417 3452 ab
2449 3395 2678 3451 ancillis
2709 3394 2810 3451 Dei
2842 3399 3096 3466 peracto,
3131 3395 3277 3451 vidit
3321 3398 3438 3454 sibi
3470 3399 3724 3458 beatam

288 3490 526 3563 quando
557 3486 682 3544 fieri
715 3503 886 3558 posse
917 3484 1206 3551 credebat,
1231 3483 1372 3539 illuc
1405 3500 1466 3540 sc
1497 3483 1694 3538 divina
1718 3481 1940 3539 miscri-

287 3579 488 3636 cordia
517 3577 711 3633 venire
743 3572 1114 3631 concesserit.
1150 3573 1296 3628 Cum
1327 3590 1461 3628 vero
1485 3577 1686 3644 portas
1725 3577 1938 3628 sanctae

286 3667 541 3724 basilicae
572 3663 780 3739 primis
810 3663 1094 3735 attingere
1127 3660 1396 3734 cmpissct
1427 3661 1706 3734 vestigiis,
1739 3661 1940 3734 paula-

284 3759 392 3814 tim
421 3757 704 3830 languore
735 3753 1000 3825 mitigato
1032 3769 1093 3806 se
1137 3750 1564 3820 convalescere;
1599 3755 1937 3822 quantoque

285 3847 554 3920 proprior
575 3846 946 3901 sacrosancto
979 3839 1205 3912 corpori
1238 3839 1567 3908 accedebat,
1603 3843 1763 3895 tanto
1808 3839 1934 3894 lon-

283 3936 416 4010 gius
447 3933 852 4007 mgritudinem
883 3948 918 3987 a
947 3947 1008 3986 se
1041 3928 1344 3997 removeri,
1371 3933 1426 3984 et
1448 3927 1659 3984 melius
1685 3927 1934 3984 subinde

282 4024 396 4080 sibi
449 4024 601 4078 vires
675 4026 732 4078 et
808 4017 1148 4090 sospitatem
1200 4017 1487 4074 sentiebat
1544 4033 1929 4073 succrescere.

281 4113 501 4169 Deinde
531 4128 667 4168 cum
695 4109 824 4181 ipsa
855 4108 945 4163 sui
979 4105 1164 4179 ipsius
1195 4107 1450 4178 quodam
1485 4105 1766 4162 miraculo
1800 4109 1930 4162 stu-

281 4217 448 4274 pens,
481 4200 596 4256 huc
645 4197 902 4268 illucque
962 4195 1133 4266 quasi
1183 4195 1574 4267 spatiabunda
1623 4194 1927 4252 basilicam

280 4287 660 4346 obambulare
691 4285 980 4360 coepisset,
999 4289 1056 4341 et
1075 4283 1293 4357 gratias
1315 4285 1552 4340 vocibus
1575 4284 1792 4358 apertis
1811 4302 1927 4340 non

281 4379 542 4435 modicas
575 4379 900 4444 resonaret;
934 4378 1066 4447 post
1096 4375 1392 4430 modicum
1421 4374 1492 4430 ad
1526 4375 1676 4456 sacri
1711 4373 1928 4430 tumuli

280 4467 614 4542 pavimenta
659 4463 1063 4538 supplicatura
1112 4463 1521 4536 prosternitur.
1565 4463 1646 4518 Ibi
1698 4462 1928 4519 enixius

279 4557 540 4612 oratione
601 4553 858 4626 profusa,
919 4554 975 4607 et
1031 4549 1374 4622 aliquandiu
1435 4549 1588 4605 inter
1633 4549 1814 4606 altare
1871 4554 1928 4608 et

279 4643 616 4716 sepulcrum
649 4643 1020 4714 pernoctans,
1053 4638 1256 4710 paucis
1287 4641 1418 4710 post
1449 4637 1656 4694 diebus
1704 4637 1927 4710 integre

279 4731 518 4788 sanitati
547 4735 638 4787 est
669 4729 1052 4818 restituta,put
1067 4726 1235 4818 illius
1266 4726 1478 4818 diutini
1529 4732 1588 4783 et
1624 4729 1925 4818 desperati
1955 4753 2004 4818 Β

275 4819 578 4892 languoris
601 4818 763 4874 nulla
791 4817 852 4872 in
875 4834 936 4873 se
959 4815 1174 4871 indicia
1197 4817 1443 4872 senserit
1475 4817 1782 4873 resedisse.

350 4910 436 4963 16.
473 4908 574 4964 Die
597 4908 853 4979 quadam
878 4903 1423 4962 sanctimonialibus
1447 4921 1570 4960 rem
1589 4904 1844 4960 divinam
1869 4905 1929 4961 in

276 4997 521 5054 ecclesia
549 4994 1107 5069 agentibus,mulicr
1138 4993 1356 5066 ignota,
1381 4994 1567 5050 oculis
1599 4998 1786 5067 capta,
1817 4995 1931 5052 alia

277 5087 532 5158 quadam
566 5086 676 5142 sibi
713 5083 1139 5140 manuductum
1174 5083 1486 5153 prmbcnte,
1521 5083 1580 5137 in
1613 5088 1929 5156 conspectu

275 5177 614 5232 earumdem
649 5173 978 5248 puellarum
1013 5170 1112 5226 Dei
1163 5169 1564 5241 psallentium,
1597 5172 1668 5227 ad
1712 5173 1930 5246 gradus

279 5282 488 5337 usque,
540 5263 760 5337 quibus
808 5262 880 5316 ad
931 5259 1114 5316 altare
1161 5257 1593 5327 conscenditur,
1647 5262 1925 5333 pervenit.

274 5355 430 5420 Quos
454 5351 553 5408 ubi
576 5354 1008 5424 pratergressa,
1023 5347 1267 5419 propius
1306 5347 1486 5404 altare
1503 5347 1628 5404 sola
1643 5352 1784 5406 tunc
1803 5352 1931 5426 ipsa

276 5440 586 5510 concessit,
625 5433 953 5511 palpebris,
979 5451 1107 5506 quae
1139 5435 1312 5508 longo
1345 5440 1402 5492 et
1433 5437 1622 5493 tenaci
1671 5437 1787 5496 situ
1828 5442 1928 5500 diu

272 5531 576 5589 haerebant
602 5525 870 5596 occlusae,
889 5523 950 5581 in
985 5522 1116 5581 aliis
1137 5524 1490 5598 quantulum
1520 5524 1720 5585 lumen
1751 5533 1932 5602 perci-

273 5617 555 5692 piendum
589 5618 884 5688 repetente
913 5611 1136 5678 divisis,
1151 5611 1416 5684 ignotam
1449 5613 1703 5684 quadam
1736 5632 1798 5671 se
1829 5619 1932 5676 du-

274 5723 404 5762 cere
435 5706 648 5760 mirata
675 5698 1006 5772 conspexit;
1037 5701 1348 5773 subitoque
1391 5700 1648 5757 clamore
1689 5703 1926 5778 emisso,

273 5809 446 5855 suam
477 5809 604 5866 quas
628 5791 798 5849 solito
819 5785 932 5844 sibi
952 5787 1129 5844 dabat
1149 5787 1593 5862 manum,ccepit
1613 5789 1926 5864 inquirere.

2048 3487 2334 3559 virginem
2391 3485 2635 3558 propius
2693 3483 3034 3551 accessisse,
3081 3488 3139 3539 et
3197 3485 3400 3557 digitis
3453 3491 3730 3562 propriis

2047 3575 2350 3633 oculorum
2412 3573 2742 3646 palpebras,
2773 3571 2943 3644 quasi
2998 3571 3280 3628 violenter
3329 3573 3404 3627 ab
3452 3574 3726 3633 invicem

2047 3681 2338 3738 separare.
2372 3664 2487 3720 Nec
2529 3679 2714 3728 mora,
2747 3678 2894 3734 puro
2924 3661 3148 3717 lumine
3190 3661 3439 3730 reddita,
3477 3666 3728 3722 meritis

2044 3753 2287 3827 virginis
2311 3769 2486 3808 sacrze
2510 3749 2782 3824 plurimis
2799 3753 3000 3822 postea
3017 3749 3189 3805 annis
3207 3751 3374 3806 testis
3392 3754 3723 3824 superfuit.

2116 3844 2202 3897 16.
2238 3841 2486 3908 Quidam
2537 3843 2815 3912 praeterea
2863 3837 3120 3892 mirabili
3170 3839 3407 3894 narium
3463 3839 3726 3900 horrore

2042 3931 2296 4006 graviter
2315 3927 2664 4002 spirans,ita
2687 3931 2750 3982 ut
2772 3943 2843 3982 ne
2865 3925 3098 3982 eminus
3138 3927 3377 4009 quidem
3413 3927 3464 3985 ei
3497 3945 3532 3984 a
3558 3947 3722 4004 quo-

2042 4037 2220 4094 quam
2253 4018 2440 4075 facilis
2471 4021 2626 4074 esset
2657 4014 2935 4084 accessio,
2963 4013 3023 4069 in
3057 4031 3172 4087 quo
3205 4033 3347 4072 cura
3396 4034 3431 4074 a
3459 4016 3723 4076 diversis

2041 4109 2259 4166 mederi
2283 4106 2656 4181 cupientibus
2677 4104 2726 4161 ei
2747 4121 2899 4176 smpe
2921 4103 3205 4175 adhibita,
3221 4123 3368 4162 vane
3385 4123 3489 4180 per
3503 4108 3721 4166 omnia

2037 4201 2312 4266 cesserat,
2329 4201 2394 4252 ut
2416 4211 2712 4251 rumorem
2734 4191 2904 4266 longe
2925 4191 3160 4262 lateque
3176 4195 3538 4252 currentium
3560 4213 3721 4270 gau-

2036 4288 2290 4356 diorum,
2316 4303 2444 4358 quae
2477 4281 2536 4338 in
2570 4281 2840 4339 Mettensi
2893 4281 3124 4340 civitate
3171 4283 3244 4340 ad
3294 4289 3718 4343 memoratum

2035 4374 2461 4432 monasterium
2480 4389 2584 4445 per
2603 4371 2844 4444 gloriosi
2872 4370 3066 4426 meriti
3088 4370 3378 4445 virginem
3403 4373 3721 4432 Glodesin-

2036 4467 2168 4522 dem
2196 4465 2435 4531 ﬁebant,
2471 4459 2712 4530 audivit,
2745 4459 2886 4516 illuc
2942 4459 3194 4516 festinus
3224 4477 3526 4518 accurrere
3575 4467 3715 4520 stu-

2035 4556 2182 4611 duit.
2213 4556 2335 4621 Quo
2367 4555 2684 4624 postquam
2716 4547 2998 4623 pervenit,
3033 4553 3089 4606 et
3119 4549 3429 4607 ecclesiam
3468 4550 3713 4625 ingredi

2033 4645 2196 4700 visus
2218 4647 2328 4708 est,
2343 4658 2548 4696 omnes
2583 4639 2764 4696 nimio
2785 4657 2852 4695 ex
2877 4639 3124 4695 naribus
3143 4639 3468 4712 prodeunte
3490 4641 3713 4697 otfensi

2043 4733 2243 4800 fetore,
2281 4733 2477 4803 fugere
2507 4729 2579 4784 ab
2611 4746 2678 4784 eo
2711 4727 2768 4782 in
2817 4726 3048 4783 diversa
3093 4744 3336 4800 cccpere.
3373 4728 3472 4784 Ille
3519 4745 3710 4801 quem

2024 4815 2198 4877 ‘anxii
2231 4819 2448 4876 doloris
2501 4835 2680 4874 causa
2725 4834 2981 4890 prmsens
3029 4817 3323 4886 monebat,
3356 4821 3414 4872 et
3461 4834 3711 4890 pinnam

2041 4927 2210 4966 suam
2244 4925 2444 4966 secum
2469 4907 2889 4962 circumferens
2910 4921 2973 4962 se
2994 4906 3194 4980 fugere
3215 4905 3342 4978 ipse
3381 4921 3501 4961 non
3535 4911 3711 4978 pote-

2040 5003 2150 5066 rat,
2168 4999 2450 5070 pudorem
2471 4995 2779 5054 hominum
2800 4995 3147 5054 necessitate
3172 4992 3506 5066 devincens,
3537 4998 3596 5051 et
3628 4997 3712 5053 de

2039 5104 2126 5156 eo,
2147 5087 2247 5160 qui
2279 5087 2643 5160 leprosorum
2675 5093 2732 5144 et
2766 5103 2970 5144 cruore
3017 5084 3325 5142 ﬂuentium
3356 5088 3710 5146 contactum

2039 5193 2156 5232 non
2181 5176 2414 5250 sprevit,
2431 5181 2486 5233 et
2506 5177 2742 5234 morbos
2761 5175 3318 5250 atqueinfirmitates
3340 5175 3708 5236 miserorum

2041 5283 2245 5324 curare
2271 5266 2950 5336 descendit,nullatenus
2981 5265 3319 5334 difﬁsus,ad
3353 5265 3707 5338 sepulcrum

2039 5358 2317 5414 omnibus
2347 5356 2602 5412 salutare
2652 5373 2787 5413 cum
2817 5355 3039 5412 czeteris
3089 5353 3342 5411 inﬁrmis
3385 5355 3704 5427 processit,

2039 5446 2242 5520 ibique
2272 5446 2592 5516 lucernam,
2623 5449 2824 5501 votum
2855 5448 3195 5502 sanctorum
3235 5459 3416 5499 manu
3459 5449 3708 5516 proten-

2039 5536 2278 5604 dens,et
2307 5553 2410 5609 pro
2442 5535 2650 5592 salutis
2681 5551 2800 5592 sum
2833 5531 3272 5606 recuperatione
3300 5531 3531 5590 enixius
3552 5549 3706 5607 sup-

2039 5626 2288 5700 plicans,
2323 5623 2735 5680 misericordize
2765 5623 3019 5680 cmlestis
3050 5621 3426 5695 exspectabat
3473 5621 3706 5678 adven-

2037 5720 2186 5771 tum.
2221 5715 2335 5770 Nec
2367 5713 2530 5785 prius
2552 5731 2584 5769 a
2614 5713 2748 5769 ﬁdei
2781 5731 2900 5768 suae
2929 5710 3211 5769 instantia
3239 5709 3484 5782 destitit,
3509 5727 3702 5784 quam

2039 5819 2148 5877 ope
2177 5803 2434 5876 ingentis
2467 5802 2654 5858 meriti
2687 5801 2952 5875 virginis,
2986 5801 3085 5857 illa
3115 5799 3275 5857 omni
3297 5799 3536 5858 obsceni
3557 5799 3704 5858 odo-
