3868 6490
141 516 256 575 229

1129 514 1228 575 DE
1273 511 1872 577 'I‘RANSLATIONE
1917 515 1978 576 S.
2031 513 2572 581 GLODESINDIS.

3455 523 3575 586 230

142 647 224 700 I‘is
255 647 512 702 foeditate
529 649 844 712 careret,et
870 646 1168 700 communi
1193 645 1466 718 deinceps
1492 647 1799 702 hominum
1832 661 1880 724 Α
1915 645 2281 720 contiguum,
2299 649 2398 720 qui
2416 650 2598 709 Sallia
2619 653 2697 723 (la
2718 654 2906 724 Scilla)
2925 653 3158 721 dicitur,
3179 673 3358 713 causa
3377 659 3575 732 aliqua

143 735 490 807 frequentia,
525 739 584 792 et
610 733 801 790 solitis
831 733 1255 790 salutationum
1287 739 1343 790 et
1373 736 1804 792 confabulatio-

145 840 285 880 num
344 823 688 881 occursibus
741 822 866 879 sine
917 823 1272 896 cujusquam
1325 823 1596 880 molestia
1653 826 1808 880 frue-

145 915 325 969 retur.

217 1002 304 1058 18.
337 1002 482 1058 Item
515 1001 732 1058 mulier
759 1003 887 1073 jam
921 1003 1202 1058 docennio
1236 1020 1404 1071 creca,
1425 1020 1528 1057 nec
1555 1020 1716 1076 spem
1752 1003 1809 1057 in

145 1091 440 1164 reliquum
465 1092 628 1147 visus
654 1091 912 1147 retinens
937 1091 1217 1164 potiendi,
1243 1091 1544 1159 divinitus,
1571 1097 1635 1146 ut
1667 1092 1812 1147 resti-

146 1185 364 1250 matur,
395 1179 756 1235 commonita
787 1179 1213 1235 monasterium
1247 1180 1430 1252 petiit.
1451 1183 1584 1246 Quae
1629 1180 1809 1236 eccle-

145 1269 296 1324 siam
330 1269 618 1341 ingressa,
639 1274 706 1324 ut
726 1267 1049 1324 tumultum
1080 1268 1530 1335 inﬁrmantium,
1557 1269 1658 1340 qui
1681 1268 1809 1340 plu-

147 1357 282 1412 rimi
310 1358 581 1413 sedentes
606 1357 951 1429 sepulcrum
987 1356 1538 1429 circumsepserant,
1569 1357 1808 1425 audivit,

145 1447 389 1502 vocibus
411 1446 588 1503 altius
611 1446 848 1502 emissis
873 1445 932 1500 in
958 1445 1239 1500 auxilium
1264 1445 1354 1501 sui
1377 1446 1809 1513 Glodesindem,

161 1535 422 1608 itemque
453 1535 692 1591 nomine
725 1535 1102 1606 ingeminans
1148 1533 1476 1590 invocabat.
1510 1535 1813 1607 Deumque

158 1623 271 1680 sibi
297 1623 606 1697 peccatrici
641 1623 962 1697 propitium
998 1623 1120 1680 fieri
1144 1625 1511 1696 precabatur.
1547 1625 1677 1680 Mox
1705 1623 1812 1678 vir-

147 1712 298 1769 tutis
351 1730 628 1786 supernaz
692 1711 962 1786 largitate
1021 1711 1151 1768 luce
1207 1717 1458 1786 recepta,
1509 1713 1642 1769 laeta
1695 1713 1812 1770 dis-

153 1803 356 1858 cessit.

225 1891 314 1944 19.
345 1891 416 1946 Et
447 1907 520 1944 ne
552 1889 807 1962 singulis
829 1889 1164 1962 quibusque
1185 1889 1451 1963 personis
1474 1890 1819 1946 diutiusim-

144 1978 364 2035 morati
394 1977 711 2046 taediosi,et
743 1980 816 2035 ob
849 1979 959 2035 hoc
991 1981 1198 2036 merito
1230 1978 1555 2051 refugiendi
1578 1979 1819 2052 scripto-

146 2067 236 2122 ris
277 2067 512 2140 culpam
559 2066 879 2123 incurrisse
913 2067 1238 2134 videamur,
1271 2067 1320 2123 si
1351 2067 1494 2140 quid
1525 2084 1812 2124 memora-

143 2155 335 2211 bilius
385 2155 671 2212 duntaxat
717 2156 1018 2228 exstiterit,
1053 2173 1231 2228 quam
1266 2157 1562 2212 succincte
1593 2161 1810 2225 notato,

143 2244 390 2300 turbam
411 2249 748 2300 curatorum
767 2243 826 2299 in
849 2262 1162 2300 numerum
1181 2245 1497 2317 quemdam
1523 2244 1815 2317 redegisse

143 2333 470 2388 suffecerit.
505 2334 782 2388 Ordinem
821 2349 980 2402 sane,
1017 2339 1082 2388 ut
1115 2333 1226 2390 sibi
1259 2333 1510 2389 subinde
1557 2333 1814 2406 operatio

141 2421 438 2476 virtutum
480 2421 786 2489 successit,
823 2438 1120 2494 quoquam
1169 2438 1445 2478 cavemus
1491 2423 1810 2489 invertere;

146 2511 259 2565 sed
293 2510 445 2564 sicut
468 2509 760 2581 scriptura
789 2509 918 2582 ipsa
941 2509 1186 2566 veterior
1216 2510 1432 2578 retulit,
1463 2527 1589 2582 quae
1614 2511 1816 2582 utique

149 2614 764 2669 unamquamcunque
795 2599 1191 2654 narrationem
1205 2600 1378 2671 juxta
1391 2599 1654 2654 ordinem
1676 2603 1820 2654 tem-

145 2684 320 2760 poris
351 2686 434 2742 ita
463 2687 830 2742 antecedenti
868 2687 1189 2758 subtexuit,
1222 2692 1286 2744 ut
1315 2689 1471 2760 quod
1504 2687 1668 2760 prius
1701 2688 1816 2744 fac-

146 2779 286 2830 tum
321 2775 418 2844 sit,
453 2775 618 2847 prius
650 2775 950 2844 scriberet,
984 2780 1041 2832 et
1085 2777 1241 2848 quod
1294 2777 1504 2832 deinde
1547 2793 1683 2832 mox
1729 2779 1820 2832 est

146 2864 570 2932 subsecutum,
605 2881 636 2920 e
666 2863 910 2938 vestigio
945 2865 1240 2934 redderet;
1276 2866 1479 2938 sicque
1510 2882 1697 2938 usque
1745 2865 1818 2920 ad

145 2957 387 3009 certum
422 2959 657 3026 tempus
689 2953 838 3009 serie
859 2955 1039 3010 totius
1071 2954 1317 3027 catalogi
1349 2959 1660 3023 texeretur,
1683 2953 1820 3010 licet

144 3042 259 3098 ﬁdi
293 3041 635 3116 interpretis
679 3042 818 3098 vitio
863 3043 1202 3107 denotandi,
1236 3061 1339 3116 per
1379 3043 1578 3100 omnia
1620 3043 1816 3115 sequi-

141 3147 316 3187 mur.

219 3223 324 3276 20.
361 3219 630 3294 Quinque
679 3221 759 3276 ibi
813 3221 1062 3288 feminas,
1097 3221 1328 3278 diutina
1373 3221 1514 3277 olim
1563 3221 1820 3277 cmcitatc

143 3307 692 3379 multatte,Christo
712 3310 958 3366 Domino
981 3311 1352 3366 illuminante
1374 3311 1447 3366 ad
1487 3310 1733 3383 gloriam
1764 3315 1822 3366 et

1848 2027 1897 2092 B

1923 741 2269 808 perurgente
2298 739 2566 810 trajicere
2597 742 2902 813 gestiebat,
2935 743 3036 814 qui
3069 743 3166 798 ubi
3199 745 3336 816 ripa)
3367 765 3575 803 accur-

1921 839 2057 878 rens
2086 823 2384 896 navigium
2416 844 2710 899 nusquam
2761 829 2905 884 vidit
2953 831 3176 899 adesse,
3211 833 3311 888 diu
3360 834 3410 890 si
3443 836 3576 908 quis

1923 911 2068 966 forte.
2100 929 2451 986 quacunque
2483 932 2550 969 ex
2583 922 2744 987 parte
2778 917 3040 974 fluminis
3083 921 3401 991 adveniret,
3435 940 3576 995 ope-

1923 999 2207 1055 riebatur.
2245 1001 2360 1056 Hac
2393 1004 2846 1076 exspectatione,
2878 1011 2942 1062 ut
2974 1009 3057 1076 tit,
3091 1011 3326 1064 tandem
3377 1012 3579 1068 defati-

1889 1149 1892 1154 _
1921 1092 2115 1160 gatus,
2139 1088 2436 1162 humoque
2459 1091 2766 1162 paululum
2801 1093 3140 1164 reclinatus,
3164 1115 3371 1154 somno
3397 1101 3576 1156 corri-

1922 1177 2108 1248 pitur;
2141 1184 2532 1249 experrectus,
2551 1199 2656 1236 nec
2678 1183 2817 1253 quid
2845 1187 3020 1238 etiam
3044 1189 3168 1240 tum
3193 1188 3264 1241 ad
3289 1187 3578 1260 trajicieno

1922 1265 2066 1320 dum
2098 1272 2368 1338 spectans
2401 1269 2649 1337 consilii,
2669 1271 2812 1326 dum
2835 1272 2962 1341 jam
2987 1275 3368 1346 semetipsum
3395 1293 3581 1334 mora-

1923 1371 2241 1428 rum,quas
2271 1356 2380 1410 sibi
2417 1357 2623 1413 tandiu
2670 1359 2888 1414 frustra
2935 1360 3372 1434 insumpsisset,
3407 1385 3578 1422 accu-

1923 1460 2082 1510 sans,
2118 1443 2467 1500 deliberaret
2519 1448 2805 1514 recedere,
2855 1455 3090 1520 repente
3136 1452 3222 1506 ori
3284 1455 3582 1526 subrepsit

1923 1535 2191 1588 sanctam
2212 1533 2499 1606 virginem
2522 1537 2760 1592 nomine
2791 1537 3132 1595 inclamare.
3151 1540 3466 1614 Postquam
3491 1561 3583 1600 vo-

1923 1636 2050 1675 cem
2086 1619 2308 1692 aliquot
2330 1622 2486 1678 intra
2515 1641 2577 1679 se
2600 1629 2900 1681 momenta
2920 1628 3226 1698 sustinuit,
3244 1635 3302 1686 et
3333 1648 3465 1688 ecce
3501 1649 3584 1689 re-

1925 1707 2179 1780 spiciens
2211 1709 2406 1768 navim
2437 1711 2546 1768 sibi
2579 1710 2639 1767 in
2671 1712 2798 1770 loco
2831 1713 3066 1786 littoris,
3097 1733 3214 1788 quo
3249 1719 3468 1787 stabat,
3514 1738 3583 1778 ex

1925 1797 2242 1869 improviso
2267 1799 2424 1856 videt
2453 1801 2752 1869 assistere,
2788 1819 2916 1874 quas
2947 1819 3064 1874 quo
3107 1805 3312 1862 ordine
3359 1809 3584 1881 absque

1926 1885 2188 1942 humano
2220 1887 2546 1944 ministerio
2579 1889 2834 1946 adducta
2863 1889 2964 1964 sit.l
2992 1908 3127 1948 cum
3175 1894 3417 1952 omnino
3464 1914 3581 1954 non

1928 1980 2127 2046 posset
2173 1976 2483 2047 conjicere,
2517 1976 2780 2034 divinum
2831 1983 3242 2038 tantummodo
3290 2000 3460 2056 opus,
3487 1987 3582 2042 cui

1926 2061 2126 2119 omnia
2157 2064 2542 2134 famulantur,
2575 2070 2631 2121 et
2661 2067 2872 2122 merita
2917 2085 3094 2125 sacras
3123 2071 3388 2144 virginis,
3404 2091 3581 2147 quam

1926 2151 2274 2220 invocasset,
2309 2153 2422 2208 sibi
2453 2153 2512 2208 id
2545 2158 2768 2210 certum
2809 2157 3000 2212 tenuit
3045 2160 3408 2229 prmstitisse.
3443 2163 3584 2218 Stu-

1924 2257 2188 2314 pensque
2218 2242 2327 2297 hoc
2355 2247 2518 2298 tanto
2553 2243 2860 2311 miraculo,
2883 2249 2940 2300 et
2971 2248 3291 2319 gratias,ui
3313 2267 3418 2322 per
3436 2257 3580 2321 erat,

1925 2329 2250 2386 immensas
2279 2331 2666 2403 omnipotenti
2697 2333 2814 2388 Deo
2845 2340 3178 2408 sanctmque
3208 2338 3418 2410 virgini
3450 2342 3583 2396 red-

1925 2421 2092 2488 dens,
2127 2419 2393 2488 ﬂuvium,
2418 2425 2485 2475 ut
2517 2421 2968 2490 desideraverat,
3001 2425 3235 2482 transit.
3269 2427 3585 2502 Hucusque

1926 2511 2046 2562 tam
2080 2507 2338 2580 ingentis
2369 2508 2505 2563 facti
2535 2509 2662 2580 ipse
2710 2516 2840 2581 post
2884 2512 3095 2568 fideilis
3143 2515 3358 2572 relator
3385 2523 3586 2575 sancte

1923 2595 2164 2665 juratus
2195 2595 2450 2651 asseruit
2498 2596 2640 2652 nihil
2696 2616 2757 2654 se
2805 2600 3178 2672 confinxisse,
3211 2605 3334 2674 sed,
3378 2610 3443 2661 ut
3473 2607 3584 2662 sibi

1927 2700 2060 2738 vere
2093 2683 2436 2756 contigerat,
2468 2685 2720 2741 ﬁdeliter
2748 2703 3040 2745 enarrare.

1999 2773 2090 2826 24.
2119 2773 2598 2844 Pauperquidam
2621 2773 2793 2847 longe
2815 2777 2887 2832 ab
2912 2777 3056 2833 urbe
3075 2785 3585 2856 commanens,qui

1931 2859 2114 2914 vitam
2147 2865 2270 2915 arte
2290 2865 2521 2916 tantum
2551 2861 2867 2934 piscatoria
2896 2866 3188 2934 tuebatur,
3213 2869 3306 2924 die
3327 2873 3584 2942 quadam

1930 2953 1996 3003 ut
2027 2949 2455 3004 monasterium
2499 2951 2791 3022 przsdictaa
2837 2952 3083 3026 virginis
3131 2957 3339 3026 adiret,
3390 2966 3586 3018 mente

1929 3036 2214 3107 concepit.
2245 3036 2352 3102 Qni
2380 3036 2756 3108 simplicitate
2801 3040 3040 3109 rustica,
3073 3059 3188 3098 non
3236 3049 3434 3100 tamen
3467 3047 3584 3103 im-

1929 3125 2253 3196 probanda,
2268 3143 2488 3181 vacuus
2513 3125 2653 3182 illue
2673 3129 2986 3198 procedere
3005 3129 3230 3200 nolens,
3246 3134 3386 3206 quia
3427 3135 3587 3194 aliud

1931 3215 2077 3268 forte
2108 3213 2220 3269 sibi
2242 3231 2358 3269 non
2379 3215 2642 3284 suberat,
2675 3216 2893 3272 ﬂumen
2916 3220 3508 3295 petere,piscemque,
3540 3227 3591 3282 si

1931 3301 2069 3375 quis
2102 3303 2353 3358 torsitan
2387 3310 2738 3374 occurreret,
2772 3307 2920 3362 ferre
2952 3307 3230 3380 disponit.
3269 3311 3401 3368 Mox
3438 3315 3594 3370 navi-

144 3399 743 3456 commendationem
781 3399 1198 3456 sacratissima
1217 3399 1464 3473 virginis
1487 3399 1589 3454 diu
1613 3396 1906 3462 deside-.C
1935 3391 2068 3447 cuia
2098 3393 2614 3464 conscensa,jact0
2646 3399 2800 3450 recte
2830 3395 3052 3467 piscem
3083 3403 3292 3468 praeter
3311 3418 3474 3472 spem
3501 3403 3590 3458 in-

143 3489 268 3544 rati
293 3487 544 3545 luminis
557 3489 806 3560 gratiam
829 3493 1190 3560 receperunt.
1207 3489 1425 3545 Exinde
1449 3487 1660 3544 mulier
1675 3506 1826 3562 qua:-

143 3579 299 3635 dam
346 3595 449 3650 per
481 3581 602 3632 tres
643 3582 891 3633 eatenus
924 3595 1110 3633 annos
1161 3578 1369 3650 pedem
1415 3581 1734 3648 utrumque
1765 3581 1824 3632 et

139 3683 408 3724 manum
433 3683 612 3722 unam
637 3683 850 3739 gerens
867 3666 1422 3734 dislortam,auditis
1438 3671 1526 3721 tot
1546 3665 1827 3720 mirabili-

135 3754 405 3827 bus,illo
436 3754 601 3811 ocius
631 3772 690 3811 se
725 3756 871 3812 terre
904 3754 1458 3828 rogavit,allataque
1491 3755 1822 3827 pavimento

133 3845 418 3920 sepulcri
446 3849 758 3917 prostrata,
779 3845 1038 3918 ﬂetuque
1071 3844 1255 3900 multo
1287 3848 1344 3899 et
1373 3843 1644 3916 precibus
1665 3859 1726 3899 se
1748 3843 1821 3898 ob

134 3939 400 4008 peccata
427 3933 666 4006 propria
695 3933 818 3989 haec
852 3933 1163 4007 pertulisse
1209 3937 1443 3999 testata,
1476 3933 1714 3987 tandem
1761 3932 1820 3988 in

132 4023 734 4080 commendationem
768 4023 876 4095 piae
909 4028 968 4080 et
1000 4027 1153 4078 recte
1183 4026 1322 4078 acta:
1352 4021 1725 4094 virginitatis,
1760 4021 1819 4075 in

133 4115 478 4187 conspectu
513 4112 833 4168 multorum
865 4111 1376 4168 circumstantium
1407 4110 1626 4166 directa
1645 4109 1705 4164 in
1738 4109 1823 4166 in-

130 4208 392 4274 tegrum
418 4201 684 4272 perfectae
721 4201 996 4257 sanitatis
1030 4200 1312 4268 officium,
1345 4201 1620 4256 discessit
1661 4199 1818 4255 inco-

129 4289 358 4346 lumis.

208 4381 315 4435 21.
355 4379 592 4450 Septem
626 4383 759 4452 post
781 4379 954 4446 hanc,
989 4395 1180 4434 mares
1213 4383 1350 4446 tres,
1387 4379 1638 4446 feminas,
1675 4394 1818 4449 qua-

129 4467 580 4536 tuor,tenebris
602 4467 907 4524 oculorum
923 4469 1282 4539 jamdudum
1307 4467 1676 4537 damnati,ad
1701 4467 1820 4522 lau-

131 4559 280 4614 dem
319 4555 672 4612 clarissima:
704 4555 970 4629 virginis,
986 4559 1043 4612 et
1075 4573 1308 4628 semper
1339 4554 1562 4610 lumine
1593 4555 1818 4610 aeterni-

132 4647 288 4702 tatis
324 4644 718 4718 splendentis,
754 4645 871 4701 luci
902 4645 1164 4701 videndae
1196 4650 1335 4701 sunt
1365 4645 1638 4700 restituti.

1935 3479 2112 3535 volvit
2141 3498 2256 3536 non
2292 3481 2623 3549 modicum;
2653 3483 2913 3556 dumque
2951 3484 3120 3542 littus
3147 3491 3343 3544 tenere
3383 3491 3591 3562 depro-

1931 3573 2115 3640 perat,
2151 3569 2318 3625 ocius
2348 3569 2528 3642 piscis
2559 3587 2626 3626 ex
2657 3577 2811 3628 recte
2869 3572 3154 3629 violenter
3199 3574 3489 3634 eluctatus
3529 3579 3588 3634 in

1933 3658 2154 3713 flumen
2197 3657 2471 3714 elabitur.
2505 3659 2611 3714 Hic
2663 3661 2921 3716 rusticus
2964 3662 3340 3720 vehementer
3391 3666 3590 3724 animo

1932 3750 2369 3814 consternatus,
2421 3765 2556 3802 voce
2616 3747 2980 3820 lacrymabili
3027 3767 3041 3804 :
3093 3751 3326 3819 Sancta,
3372 3753 3589 3826 inquit,

1932 3835 2326 3904 Glodesindis,
2358 3836 2535 3891 redde
2583 3837 2738 3908 quod
2791 3837 2897 3891 tibi
2945 3838 3094 3894 ferre
3133 3839 3420 3911 disposui.
3473 3844 3590 3900 Hoc

1931 3923 2110 3991 dicto,
2147 3941 2353 3980 rursus
2409 3928 2528 3979 rete
2580 3923 2808 3979 flumini
2843 3941 3054 3994 merso,
3089 3927 3243 3983 idem
3275 3930 3377 4000 qui
3425 3931 3592 4002 prius

1931 4011 2113 4083 piscis
2163 4013 2363 4084 praeda
2410 4012 2656 4086 fugitiva
2705 4013 3097 4080 οοῐιςίυάιιυῐι,
3146 4023 3484 4091 votumque,
3525 4027 3592 4076 ut

1931 4105 2126 4158 mente
2179 4102 2534 4169 decreverat,
2587 4103 2943 4159 monasterio
2994 4103 3254 4160 delatum
3305 4111 3361 4162 et
3405 4110 3592 4164 reddi-

1931 4195 2076 4246 tum.

1997 4281 2089 4335 25.
2125 4279 2188 4336 In
2230 4279 2530 4337 curatione
2577 4286 2918 4338 vexatorum
2971 4300 3086 4339 non
3141 4283 3354 4341 minori
3399 4287 3592 4360 gratia

1929 4373 2193 4424 sanctam
2217 4369 2369 4426 hanc
2391 4369 2619 4427 meritis
2639 4372 2982 4442 potentibus
3004 4373 3312 4444 praevalere
3333 4375 3590 4446 plurima

1927 4458 2236 4529 prodidere
2259 4459 2626 4532 frequentius
2649 4459 3247 4533 documenta,quibus
3263 4463 3386 4519 haec
3410 4465 3586 4520 ﬁdem

1930 4549 2118 4604 facere
2146 4546 2236 4604 vel
2269 4546 2396 4602 sola
2425 4547 2742 4602 sufficiant.

1997 4639 2088 4690 26.
2119 4635 2382 4702 Rustico,
2409 4637 2482 4692 de
2523 4652 2639 4708 quo
2688 4637 3089 4709 pra'diximus,
3122 4640 3344 4711 piscem
3391 4649 3591 4699 votum

209 4738 316 4790 22.
360 4733 577 4788 Parum
601 4739 692 4790 est
711 4734 866 4789 circa
889 4735 1259 4806 praesentiam
1284 4734 1412 4804 ejus
1435 4733 1817 4789 sacratissimi
1849 4765 1897 4830 Β
1931 4726 2154 4823 ferente.
2200 4728 2276 4830 et]
2305 4725 2584 4791 abeunte.
2635 4724 2746 4780 Sub
2795 4725 2920 4797 ipso
2988 4727 3106 4784 fere
3154 4729 3398 4785 articulo
3445 4735 3591 4787 tem-

129 4821 425 4896 corporis
447 4822 682 4878 crebras
707 4823 890 4879 factas
921 4841 1049 4880 esse
1081 4823 1344 4891 virtutes,
1366 4823 1638 4878 absentes
1677 4839 1822 4894 quo-

129 4931 256 4986 que
292 4911 548 4968 nomine
579 4913 709 4984 ejus
741 4911 1005 4967 invocato
1038 4929 1142 4985 per
1171 4912 1421 4983 gratiam
1452 4911 1686 4978 Christi,
1721 4910 1822 4982 qui

128 5001 196 5057 in
231 5000 413 5057 omni
445 5003 611 5074 parte
641 4991 850 5056 mundi
883 5017 1018 5056 cum
1052 5001 1273 5056 sanctis
1305 5000 1431 5056 suis
1457 5005 1512 5056 et
1540 5005 1738 5055 manet
1769 5003 1826 5054 et

107 5094 460 5164 ,operatur,
493 5087 750 5162 plurima
779 5089 894 5144 sibi
942 5089 1204 5145 adfuisse
1252 5105 1487 5144 sensere
1533 5088 1820 5155 subsidia,

130 5181 305 5252 quod
345 5177 442 5233 vel
475 5194 544 5232 ex
575 5177 692 5248 his,
719 5195 848 5252 qua:
882 5177 1016 5233 licet
1036 5177 1244 5250 exigua
1275 5176 1820 5250 subjicimus,colli-

130 5268 384 5341 quebit.

208 5358 312 5414 23.
351 5355 620 5413 Clericus
651 5357 991 5414 monasterii
1018 5355 1207 5430 ipsius
1236 5356 1420 5412 vicem
1444 5355 1619 5412 ofﬁcii
1643 5353 1824 5412 eccle-

129 5443 386 5504 siastici
419 5443 481 5500 in
511 5445 716 5502 ordine
739 5445 976 5519 proprio
1009 5445 1451 5511 administrans,
1476 5444 1568 5500 cui
1609 5459 1822 5500 nomen

135 5533 573 5610 Fulgubertus
603 5539 748 5602 erat,
781 5534 1028 5590 ﬂuvium
1059 5533 1275 5590 civitati
1309 5551 1342 5590 a
1373 5537 1534 5606 parte
1556 5531 1823 5588 orientali

203 5729 380 5804 (332)
397 5725 849 5804 _Locum_buncg
865 5731 1087 5804 notavit
1105 5728 1360 5804 Jacobus
1383 5727 1738 5804 Sirmundus
1761 5725 1820 5782 in

125 5799 296 5868 notis
334 5799 423 5860 ad
447 5799 772 5877 capitulare
805 5802 853 5859 II
897 5801 1084 5860 Caroli
1133 5800 1310 5869 Calvi,
1346 5801 1444 5857 ubi
1497 5799 1818 5870 Judicium,

1933 4813 2090 4885 poris
2142 4812 2200 4866 in
2262 4811 2388 4868 loco
2440 4813 2644 4868 eodem
2698 4813 2862 4869 faber
2889 4815 3131 4886 quidam
3178 4816 3592 4890 imperatorias

1933 4903 2004 4958 de
2061 4901 2196 4956 villo
2257 4899 2489 4956 Judicio
2523 4902 2668 4972 (332)
2721 4903 2974 4958 advenit.
3025 4903 3127 4958 Hie
3166 4907 3292 4976 jam
3346 4924 3449 4979 per
3493 4925 3587 4964 an-

1935 5009 2041 5047 nos
2105 4990 2379 5044 undecim
2437 4989 2689 5062 graviter
2747 4991 3010 5047 (Immone
3067 4994 3341 5064 agitatus,
3403 4997 3592 5054 multa

1932 5085 2274 5136 sanctorum
2314 5084 2637 5151 martyrum
2671 5080 2798 5136 loca
2839 5080 3014 5137 etiam
3068 5081 3128 5138 in
3181 5082 3594 5158 longinquiora

1934 5167 2191 5224 Francia:
2249 5167 2320 5222 ad
2406 5166 2676 5223 sanctum
2750 5170 3160 5226 Sebastianum
3234 5174 3588 5243 Suessionis,

1944 5259 2119 5330 cujus
2146 5274 2262 5312 non
2295 5254 2481 5311 muito
2511 5261 2645 5312 ante
2694 5256 2850 5314 idem
2901 5261 3182 5332 temporis
3231 5262 3488 5336 reliquiae
3517 5265 3591 5320 ab

1937 5347 2080 5403 urbe
2105 5347 2292 5402 Roma
2323 5343 2463 5400 illuc
2494 5343 2842 5403 dicebantur
2870 5347 3071 5404 delata:
3109 5354 3166 5405 et
3214 5353 3368 5423 apud
3420 5370 3589 5409 sanc-

1932 5439 2059 5491 tum
2096 5433 2444 5490 Medardum
2478 5433 2816 5502 reconditae;
2851 5453 2953 5492 seu
2986 5437 3054 5492 ad
3079 5445 3347 5495 sanctum
3371 5439 3594 5506 Quinti-

1933 5541 2076 5580 num
2112 5521 2508 5590 Viromandis,
2545 5527 2723 5596 atque
2757 5529 3028 5581 sanctum
3055 5526 3398 5600 Dionysium
3433 5527 3590 5600 Pari-

1931 5719 2125 5794 vulgog
2153 5715 2556 5794 Juﬂiz__yocari
2603 5717 2826 5790 scribit,
2882 5719 3061 5777 situm
3112 5718 3268 5775 haud
3315 5717 3516 5790 procul
3553 5736 3588 5777 θ.

1933 5787 2266 5853 Thcodonis
2285 5787 2442 5846 villa.
