  <div class='ocr_page' id='page_1' title='image "/cluster/home/n/w/nwhite01/storage/ocr_20150623/136-137/uc1.31175019686917/797.png"; bbox 0 0 3868 6480; ppageno 0'>
   <div class='ocr_carea' id='block_1_1' title="bbox 309 522 421 582">
    <p class='ocr_par' dir='ltr' id='par_1_1' title="bbox 309 522 421 582">
     <span class='ocr_line' id='line_1_1' title="bbox 309 522 421 582; baseline -0.018 0"><span class='ocrx_word' id='word_1_1' title='bbox 309 522 421 582; x_wconf 73' lang='grc'>231</span> 
     </span>
    </p>
   </div>
   <div class='ocr_carea' id='block_1_2' title="bbox 1191 510 2833 582">
    <p class='ocr_par' dir='ltr' id='par_1_2' title="bbox 1191 510 2833 582">
     <span class='ocr_line' id='line_1_2' title="bbox 1191 510 2833 582; baseline -0.005 0"><span class='ocrx_word' id='word_1_2' title='bbox 1191 517 1516 582; x_wconf 84' lang='lat' dir='ltr'>JOANNIS</span> <span class='ocrx_word' id='word_1_3' title='bbox 1561 518 1895 580; x_wconf 83' lang='lat' dir='ltr'>ABBATIS</span> <span class='ocrx_word' id='word_1_4' title='bbox 1942 517 2003 576; x_wconf 87' lang='lat' dir='ltr'>S.</span> <span class='ocrx_word' id='word_1_5' title='bbox 2052 514 2393 577; x_wconf 79' lang='lat' dir='ltr'>ARNULFI</span> <span class='ocrx_word' id='word_1_6' title='bbox 2441 510 2833 575; x_wconf 78' lang='lat' dir='ltr'>METENSIS</span> 
     </span>
    </p>
   </div>
   <div class='ocr_carea' id='block_1_3' title="bbox 2078 133 2374 149">
    <p class='ocr_par' dir='ltr' id='par_1_3' title="bbox 2078 133 2374 149">
     <span class='ocr_line' id='line_1_3' title="bbox 2078 133 2374 149; baseline 0.003 -4"><span class='ocrx_word' id='word_1_7' title='bbox 2078 133 2374 149; x_wconf 49' lang='grc' dir='ltr'>..-ψ</span> 
     </span>
    </p>
   </div>
   <div class='ocr_carea' id='block_1_4' title="bbox 3612 512 3718 573">
    <p class='ocr_par' dir='ltr' id='par_1_4' title="bbox 3612 512 3718 573">
     <span class='ocr_line' id='line_1_4' title="bbox 3612 512 3718 573; baseline 0.028 -3"><span class='ocrx_word' id='word_1_8' title='bbox 3612 512 3718 573; x_wconf 73' lang='lat'>232</span> 
     </span>
    </p>
   </div>
   <div class='ocr_carea' id='block_1_5' title="bbox 311 643 3721 723">
    <p class='ocr_par' dir='ltr' id='par_1_5' title="bbox 311 643 3721 723">
     <span class='ocr_line' id='line_1_5' title="bbox 311 643 3721 723; baseline -0.003 -14"><span class='ocrx_word' id='word_1_9' title='bbox 311 654 436 709; x_wconf 88' lang='lat' dir='ltr'>sius</span> <span class='ocrx_word' id='word_1_10' title='bbox 467 655 635 723; x_wconf 86' lang='lat'>(333),</span> <span class='ocrx_word' id='word_1_11' title='bbox 672 653 1114 723; x_wconf 89' lang='lat' dir='ltr'>multorumque</span> <span class='ocrx_word' id='word_1_12' title='bbox 1144 657 1421 723; x_wconf 82' lang='lat' dir='ltr'>praeterea</span> <span class='ocrx_word' id='word_1_13' title='bbox 1471 656 1809 707; x_wconf 88' lang='lat' dir='ltr'>sanctorum</span> <span class='ocrx_word' id='word_1_14' title='bbox 1852 665 1967 703; x_wconf 87' lang='lat' dir='ltr'>me-</span> <span class='ocrx_word' id='word_1_15' title='bbox 1994 652 2049 715; x_wconf 81' lang='grc' dir='ltr'><strong>Α</strong></span> <span class='ocrx_word' id='word_1_16' title='bbox 2080 647 2358 702; x_wconf 86' lang='lat' dir='ltr'>mentalia</span> <span class='ocrx_word' id='word_1_17' title='bbox 2381 664 2557 718; x_wconf 88' lang='lat' dir='ltr'>penes</span> <span class='ocrx_word' id='word_1_18' title='bbox 2588 644 2746 717; x_wconf 88' lang='lat' dir='ltr'>ipsas</span> <span class='ocrx_word' id='word_1_19' title='bbox 2776 644 3022 699; x_wconf 85' lang='lat' dir='ltr'>ancillas</span> <span class='ocrx_word' id='word_1_20' title='bbox 3049 643 3151 701; x_wconf 90' lang='lat' dir='ltr'>Dei</span> <span class='ocrx_word' id='word_1_21' title='bbox 3190 661 3379 717; x_wconf 90' lang='lat' dir='ltr'>usque</span> <span class='ocrx_word' id='word_1_22' title='bbox 3409 645 3582 701; x_wconf 87' lang='lat' dir='ltr'>hodie</span> <span class='ocrx_word' id='word_1_23' title='bbox 3612 660 3721 701; x_wconf 82' lang='lat' dir='ltr'>ma-</span> 
     </span>
    </p>
   </div>
   <div class='ocr_carea' id='block_1_6' title="bbox 314 738 1968 813">
    <p class='ocr_par' dir='ltr' id='par_1_6' title="bbox 314 738 1968 813">
     <span class='ocr_line' id='line_1_6' title="bbox 314 738 1968 813; baseline -0.002 -16"><span class='ocrx_word' id='word_1_24' title='bbox 314 742 533 798; x_wconf 90' lang='lat' dir='ltr'>morias</span> <span class='ocrx_word' id='word_1_25' title='bbox 561 758 664 813; x_wconf 90' lang='lat' dir='ltr'>spe</span> <span class='ocrx_word' id='word_1_26' title='bbox 686 740 1096 812; x_wconf 85' lang='lat' dir='ltr'>recuperandae</span> <span class='ocrx_word' id='word_1_27' title='bbox 1119 739 1328 795; x_wconf 89' lang='lat' dir='ltr'>salutis</span> <span class='ocrx_word' id='word_1_28' title='bbox 1347 739 1681 805; x_wconf 89' lang='lat' dir='ltr'>circuierat;</span> <span class='ocrx_word' id='word_1_29' title='bbox 1708 738 1808 792; x_wconf 91' lang='lat' dir='ltr'>sed</span> <span class='ocrx_word' id='word_1_30' title='bbox 1839 738 1968 809; x_wconf 89' lang='lat' dir='ltr'>ejus</span> 
     </span>
    </p>
   </div>
   <div class='ocr_carea' id='block_1_7' title="bbox 312 825 1967 900">
    <p class='ocr_par' dir='ltr' id='par_1_7' title="bbox 312 825 1967 900">
     <span class='ocr_line' id='line_1_7' title="bbox 312 825 1967 900; baseline -0.003 -15"><span class='ocrx_word' id='word_1_31' title='bbox 312 831 538 888; x_wconf 79' lang='lat' dir='ltr'>curatio</span> <span class='ocrx_word' id='word_1_32' title='bbox 566 829 763 884; x_wconf 90' lang='lat' dir='ltr'>divino</span> <span class='ocrx_word' id='word_1_33' title='bbox 786 829 1043 900; x_wconf 89' lang='lat' dir='ltr'>quodam</span> <span class='ocrx_word' id='word_1_34' title='bbox 1060 845 1294 895; x_wconf 90' lang='lat' dir='ltr'>arcano,</span> <span class='ocrx_word' id='word_1_35' title='bbox 1310 844 1427 883; x_wconf 90' lang='lat' dir='ltr'>non</span> <span class='ocrx_word' id='word_1_36' title='bbox 1445 825 1967 899; x_wconf 88' lang='lat' dir='ltr'>perimpotcntiam</span> 
     </span>
    </p>
   </div>
   <div class='ocr_carea' id='block_1_8' title="bbox 312 915 1968 988">
    <p class='ocr_par' dir='ltr' id='par_1_8' title="bbox 312 915 1968 988">
     <span class='ocr_line' id='line_1_8' title="bbox 312 915 1968 988; baseline -0.002 -14"><span class='ocrx_word' id='word_1_37' title='bbox 312 922 653 974; x_wconf 88' lang='lat' dir='ltr'>sanctorum</span> <span class='ocrx_word' id='word_1_38' title='bbox 708 917 1106 985; x_wconf 71' lang='lat' dir='ltr'>differebatur,</span> <span class='ocrx_word' id='word_1_39' title='bbox 1142 917 1243 972; x_wconf 91' lang='lat' dir='ltr'>sed</span> <span class='ocrx_word' id='word_1_40' title='bbox 1283 915 1420 971; x_wconf 88' lang='lat' dir='ltr'>huic</span> <span class='ocrx_word' id='word_1_41' title='bbox 1471 920 1685 972; x_wconf 56' lang='lat' dir='ltr'>sancta</span> <span class='ocrx_word' id='word_1_42' title='bbox 1733 915 1968 988; x_wconf 80' lang='lat' dir='ltr'>virgini,</span> 
     </span>
    </p>
   </div>
   <div class='ocr_carea' id='block_1_9' title="bbox 311 1005 1967 1079">
    <p class='ocr_par' dir='ltr' id='par_1_9' title="bbox 311 1005 1967 1079">
     <span class='ocr_line' id='line_1_9' title="bbox 311 1005 1967 1079; baseline -0.001 -17"><span class='ocrx_word' id='word_1_43' title='bbox 311 1025 446 1063; x_wconf 90' lang='lat' dir='ltr'>cum</span> <span class='ocrx_word' id='word_1_44' title='bbox 478 1024 596 1079; x_wconf 89' lang='lat' dir='ltr'>qua</span> <span class='ocrx_word' id='word_1_45' title='bbox 618 1024 833 1061; x_wconf 88' lang='lat' dir='ltr'>manus</span> <span class='ocrx_word' id='word_1_46' title='bbox 864 1005 1094 1061; x_wconf 87' lang='lat' dir='ltr'>Domini</span> <span class='ocrx_word' id='word_1_47' title='bbox 1117 1011 1238 1061; x_wconf 86' lang='lat' dir='ltr'>tam</span> <span class='ocrx_word' id='word_1_48' title='bbox 1262 1006 1575 1061; x_wconf 79' lang='lat' dir='ltr'>efﬁcaciter</span> <span class='ocrx_word' id='word_1_49' title='bbox 1594 1006 1967 1078; x_wconf 78' lang='lat' dir='ltr'>operabatur,</span> 
     </span>
    </p>
   </div>
   <div class='ocr_carea' id='block_1_10' title="bbox 309 1093 1970 1167">
    <p class='ocr_par' dir='ltr' id='par_1_10' title="bbox 309 1093 1970 1167">
     <span class='ocr_line' id='line_1_10' title="bbox 309 1093 1970 1167; baseline -0.002 -17"><span class='ocrx_word' id='word_1_50' title='bbox 309 1096 636 1151; x_wconf 78' lang='lat' dir='ltr'>certissime</span> <span class='ocrx_word' id='word_1_51' title='bbox 667 1098 759 1150; x_wconf 89' lang='lat' dir='ltr'>est</span> <span class='ocrx_word' id='word_1_52' title='bbox 789 1098 1104 1149; x_wconf 80' lang='lat' dir='ltr'>reservata.</span> <span class='ocrx_word' id='word_1_53' title='bbox 1132 1094 1278 1149; x_wconf 87' lang='lat' dir='ltr'>Huic</span> <span class='ocrx_word' id='word_1_54' title='bbox 1309 1112 1544 1167; x_wconf 91' lang='lat' dir='ltr'>quoque</span> <span class='ocrx_word' id='word_1_55' title='bbox 1574 1093 1826 1149; x_wconf 78' lang='lat' dir='ltr'>carnalis</span> <span class='ocrx_word' id='word_1_56' title='bbox 1857 1111 1970 1148; x_wconf 84' lang='lat' dir='ltr'>me-</span> 
     </span>
    </p>
   </div>
   <div class='ocr_carea' id='block_1_11' title="bbox 309 1183 1964 1255">
    <p class='ocr_par' dir='ltr' id='par_1_11' title="bbox 309 1183 1964 1255">
     <span class='ocr_line' id='line_1_11' title="bbox 309 1183 1964 1255; baseline -0.001 -16"><span class='ocrx_word' id='word_1_57' title='bbox 309 1185 517 1240; x_wconf 82' lang='lat' dir='ltr'>dicinae</span> <span class='ocrx_word' id='word_1_58' title='bbox 563 1183 876 1251; x_wconf 85' lang='lat' dir='ltr'>industria,</span> <span class='ocrx_word' id='word_1_59' title='bbox 909 1184 957 1239; x_wconf 90' lang='lat' dir='ltr'>si</span> <span class='ocrx_word' id='word_1_60' title='bbox 1006 1201 1125 1255; x_wconf 88' lang='lat' dir='ltr'>qua</span> <span class='ocrx_word' id='word_1_61' title='bbox 1175 1190 1372 1255; x_wconf 90' lang='lat' dir='ltr'>posset</span> <span class='ocrx_word' id='word_1_62' title='bbox 1423 1189 1545 1238; x_wconf 87' lang='lat' dir='ltr'>arte</span> <span class='ocrx_word' id='word_1_63' title='bbox 1604 1200 1964 1251; x_wconf 91' lang='lat' dir='ltr'>succurrere,</span> 
     </span>
    </p>
   </div>
   <div class='ocr_carea' id='block_1_12' title="bbox 312 1271 1968 1342">
    <p class='ocr_par' dir='ltr' id='par_1_12' title="bbox 312 1271 1968 1342">
     <span class='ocr_line' id='line_1_12' title="bbox 312 1271 1968 1342; baseline -0.002 -13"><span class='ocrx_word' id='word_1_64' title='bbox 312 1275 501 1329; x_wconf 86' lang='lat' dir='ltr'>multa</span> <span class='ocrx_word' id='word_1_65' title='bbox 526 1291 671 1328; x_wconf 89' lang='lat' dir='ltr'>vane</span> <span class='ocrx_word' id='word_1_66' title='bbox 704 1273 963 1327; x_wconf 80' lang='lat' dir='ltr'>remedia</span> <span class='ocrx_word' id='word_1_67' title='bbox 992 1273 1271 1327; x_wconf 87' lang='lat' dir='ltr'>adhibere</span> <span class='ocrx_word' id='word_1_68' title='bbox 1304 1276 1513 1328; x_wconf 87' lang='lat' dir='ltr'>conata</span> <span class='ocrx_word' id='word_1_69' title='bbox 1560 1277 1669 1339; x_wconf 89' lang='lat' dir='ltr'>cst,</span> <span class='ocrx_word' id='word_1_70' title='bbox 1702 1271 1968 1342; x_wconf 84' lang='lat' dir='ltr'>nihilque</span> 
     </span>
    </p>
   </div>
   <div class='ocr_carea' id='block_1_13' title="bbox 309 1358 1967 1434">
    <p class='ocr_par' dir='ltr' id='par_1_13' title="bbox 309 1358 1967 1434">
     <span class='ocr_line' id='line_1_13' title="bbox 309 1358 1967 1434; baseline -0.001 -17"><span class='ocrx_word' id='word_1_71' title='bbox 309 1362 437 1434; x_wconf 90' lang='lat' dir='ltr'>opis</span> <span class='ocrx_word' id='word_1_72' title='bbox 500 1380 742 1434; x_wconf 76' lang='lat' dir='ltr'>prorsus</span> <span class='ocrx_word' id='word_1_73' title='bbox 792 1360 1085 1416; x_wconf 76' lang='lat' dir='ltr'>attulerat.</span> <span class='ocrx_word' id='word_1_74' title='bbox 1120 1358 1381 1416; x_wconf 76' lang='lat' dir='ltr'>Tandem</span> <span class='ocrx_word' id='word_1_75' title='bbox 1436 1361 1721 1416; x_wconf 88' lang='lat' dir='ltr'>Dominus</span> <span class='ocrx_word' id='word_1_76' title='bbox 1769 1361 1967 1415; x_wconf 88' lang='lat' dir='ltr'>volens</span> 
     </span>
    </p>
   </div>
   <div class='ocr_carea' id='block_1_14' title="bbox 308 1450 1968 1524">
    <p class='ocr_par' dir='ltr' id='par_1_14' title="bbox 308 1450 1968 1524">
     <span class='ocr_line' id='line_1_14' title="bbox 308 1450 1968 1524; baseline -0.002 -17"><span class='ocrx_word' id='word_1_77' title='bbox 308 1452 571 1524; x_wconf 86' lang='lat' dir='ltr'>apertius</span> <span class='ocrx_word' id='word_1_78' title='bbox 599 1453 1001 1506; x_wconf 87' lang='lat' dir='ltr'>demonstrare</span> <span class='ocrx_word' id='word_1_79' title='bbox 1030 1451 1249 1506; x_wconf 82' lang='lat' dir='ltr'>frustra</span> <span class='ocrx_word' id='word_1_80' title='bbox 1273 1466 1406 1505; x_wconf 89' lang='lat' dir='ltr'>eum</span> <span class='ocrx_word' id='word_1_81' title='bbox 1438 1455 1523 1505; x_wconf 87' lang='lat' dir='ltr'>tot</span> <span class='ocrx_word' id='word_1_82' title='bbox 1552 1450 1611 1504; x_wconf 89' lang='lat' dir='ltr'>in</span> <span class='ocrx_word' id='word_1_83' title='bbox 1645 1450 1968 1522; x_wconf 89' lang='lat' dir='ltr'>longinqua</span> 
     </span>
    </p>
   </div>
   <div class='ocr_carea' id='block_1_15' title="bbox 310 1537 1969 1613">
    <p class='ocr_par' dir='ltr' id='par_1_15' title="bbox 310 1537 1969 1613">
     <span class='ocr_line' id='line_1_15' title="bbox 310 1537 1969 1613; baseline -0.002 -17"><span class='ocrx_word' id='word_1_84' title='bbox 310 1540 483 1597; x_wconf 80' lang='lat' dir='ltr'>toties</span> <span class='ocrx_word' id='word_1_85' title='bbox 509 1540 798 1613; x_wconf 82' lang='lat' dir='ltr'>expetisse</span> <span class='ocrx_word' id='word_1_86' title='bbox 832 1539 1120 1606; x_wconf 86' lang='lat' dir='ltr'>subsidia,</span> <span class='ocrx_word' id='word_1_87' title='bbox 1148 1556 1283 1595; x_wconf 92' lang='lat' dir='ltr'>cum</span> <span class='ocrx_word' id='word_1_88' title='bbox 1314 1540 1384 1594; x_wconf 92' lang='lat' dir='ltr'>de</span> <span class='ocrx_word' id='word_1_89' title='bbox 1416 1538 1681 1611; x_wconf 73' lang='lat' dir='ltr'>proximo</span> <span class='ocrx_word' id='word_1_90' title='bbox 1718 1537 1969 1594; x_wconf 84' lang='lat' dir='ltr'>velocior</span> 
     </span>
    </p>
   </div>
   <div class='ocr_carea' id='block_1_16' title="bbox 311 1627 1964 1702">
    <p class='ocr_par' dir='ltr' id='par_1_16' title="bbox 311 1627 1964 1702">
     <span class='ocr_line' id='line_1_16' title="bbox 311 1627 1964 1702; baseline -0.002 -16"><span class='ocrx_word' id='word_1_91' title='bbox 311 1631 362 1686; x_wconf 94' lang='lat' dir='ltr'>ei</span> <span class='ocrx_word' id='word_1_92' title='bbox 396 1630 561 1687; x_wconf 91' lang='lat' dir='ltr'>salus</span> <span class='ocrx_word' id='word_1_93' title='bbox 590 1635 791 1702; x_wconf 87' lang='lat' dir='ltr'>posset</span> <span class='ocrx_word' id='word_1_94' title='bbox 810 1646 1135 1698; x_wconf 90' lang='lat' dir='ltr'>occurrere,</span> <span class='ocrx_word' id='word_1_95' title='bbox 1159 1633 1225 1684; x_wconf 90' lang='lat' dir='ltr'>ut</span> <span class='ocrx_word' id='word_1_96' title='bbox 1245 1629 1315 1684; x_wconf 93' lang='lat' dir='ltr'>de</span> <span class='ocrx_word' id='word_1_97' title='bbox 1337 1627 1757 1684; x_wconf 88' lang='lat' dir='ltr'>miraculorum</span> <span class='ocrx_word' id='word_1_98' title='bbox 1779 1631 1964 1696; x_wconf 89' lang='lat' dir='ltr'>tanta,</span> 
     </span>
    </p>
   </div>
   <div class='ocr_carea' id='block_1_17' title="bbox 311 1716 1971 1791">
    <p class='ocr_par' dir='ltr' id='par_1_17' title="bbox 311 1716 1971 1791">
     <span class='ocr_line' id='line_1_17' title="bbox 311 1716 1971 1791; baseline -0.002 -17"><span class='ocrx_word' id='word_1_99' title='bbox 311 1736 441 1790; x_wconf 85' lang='lat' dir='ltr'>quae</span> <span class='ocrx_word' id='word_1_100' title='bbox 456 1720 526 1774; x_wconf 90' lang='lat' dir='ltr'>ad</span> <span class='ocrx_word' id='word_1_101' title='bbox 541 1718 879 1791; x_wconf 85' lang='lat' dir='ltr'>sepulcrum</span> <span class='ocrx_word' id='word_1_102' title='bbox 905 1717 1388 1774; x_wconf 70' lang='lat' dir='ltr'>reverentissime:</span> <span class='ocrx_word' id='word_1_103' title='bbox 1412 1716 1655 1790; x_wconf 84' lang='lat' dir='ltr'>virginis</span> <span class='ocrx_word' id='word_1_104' title='bbox 1672 1716 1971 1772; x_wconf 89' lang='lat' dir='ltr'>Glodesin-</span> 
     </span>
    </p>
   </div>
   <div class='ocr_carea' id='block_1_18' title="bbox 310 1806 1967 1879">
    <p class='ocr_par' dir='ltr' id='par_1_18' title="bbox 310 1806 1967 1879">
     <span class='ocr_line' id='line_1_18' title="bbox 310 1806 1967 1879; baseline -0.002 -15"><span class='ocrx_word' id='word_1_105' title='bbox 310 1808 405 1864; x_wconf 90' lang='lat' dir='ltr'>dis</span> <span class='ocrx_word' id='word_1_106' title='bbox 429 1808 666 1875; x_wconf 87' lang='lat' dir='ltr'>ﬁebant,</span> <span class='ocrx_word' id='word_1_107' title='bbox 683 1806 901 1862; x_wconf 84' lang='lat' dir='ltr'>audivit</span> <span class='ocrx_word' id='word_1_108' title='bbox 929 1806 1278 1879; x_wconf 80' lang='lat' dir='ltr'>frequentia,</span> <span class='ocrx_word' id='word_1_109' title='bbox 1302 1806 1495 1862; x_wconf 89' lang='lat' dir='ltr'>Mettis</span> <span class='ocrx_word' id='word_1_110' title='bbox 1527 1824 1705 1878; x_wconf 91' lang='lat' dir='ltr'>quam</span> <span class='ocrx_word' id='word_1_111' title='bbox 1738 1806 1967 1862; x_wconf 87' lang='lat' dir='ltr'>celerri-</span> 
     </span>
    </p>
   </div>
   <div class='ocr_carea' id='block_1_19' title="bbox 311 1894 1969 1969">
    <p class='ocr_par' dir='ltr' id='par_1_19' title="bbox 311 1894 1969 1969">
     <span class='ocr_line' id='line_1_19' title="bbox 311 1894 1969 1969; baseline -0.001 -17"><span class='ocrx_word' id='word_1_112' title='bbox 311 1913 405 1952; x_wconf 90' lang='lat' dir='ltr'>me</span> <span class='ocrx_word' id='word_1_113' title='bbox 436 1896 645 1968; x_wconf 90' lang='lat' dir='ltr'>potuit,</span> <span class='ocrx_word' id='word_1_114' title='bbox 664 1894 946 1969; x_wconf 87' lang='lat' dir='ltr'>pervenit,</span> <span class='ocrx_word' id='word_1_115' title='bbox 965 1900 1141 1967; x_wconf 88' lang='lat' dir='ltr'>atque</span> <span class='ocrx_word' id='word_1_116' title='bbox 1171 1894 1477 1951; x_wconf 88' lang='lat' dir='ltr'>basilicam</span> <span class='ocrx_word' id='word_1_117' title='bbox 1510 1895 1691 1951; x_wconf 85' lang='lat' dir='ltr'>beatae</span> <span class='ocrx_word' id='word_1_118' title='bbox 1725 1894 1969 1967; x_wconf 82' lang='lat' dir='ltr'>virginis</span> 
     </span>
    </p>
   </div>
   <div class='ocr_carea' id='block_1_20' title="bbox 308 1982 1968 2059">
    <p class='ocr_par' dir='ltr' id='par_1_20' title="bbox 308 1982 1968 2059">
     <span class='ocr_line' id='line_1_20' title="bbox 308 1982 1968 2059; baseline -0.001 -20"><span class='ocrx_word' id='word_1_119' title='bbox 308 1984 836 2059; x_wconf 88' lang='lat' dir='ltr'>ingressus,penes</span> <span class='ocrx_word' id='word_1_120' title='bbox 864 1984 1132 2039; x_wconf 85' lang='lat' dir='ltr'>tumbam</span> <span class='ocrx_word' id='word_1_121' title='bbox 1164 1983 1353 2056; x_wconf 89' lang='lat' dir='ltr'>ipsius</span> <span class='ocrx_word' id='word_1_122' title='bbox 1402 2001 1463 2039; x_wconf 90' lang='lat' dir='ltr'>se</span> <span class='ocrx_word' id='word_1_123' title='bbox 1506 1982 1825 2039; x_wconf 89' lang='lat' dir='ltr'>collocavit.</span> <span class='ocrx_word' id='word_1_124' title='bbox 1860 1983 1968 2039; x_wconf 87' lang='lat' dir='ltr'>Ubi</span> 
     </span>
    </p>
   </div>
   <div class='ocr_carea' id='block_1_21' title="bbox 309 2071 1966 2146">
    <p class='ocr_par' dir='ltr' id='par_1_21' title="bbox 309 2071 1966 2146">
     <span class='ocr_line' id='line_1_21' title="bbox 309 2071 1966 2146; baseline -0.002 -16"><span class='ocrx_word' id='word_1_125' title='bbox 309 2092 445 2130; x_wconf 90' lang='lat' dir='ltr'>cum</span> <span class='ocrx_word' id='word_1_126' title='bbox 472 2073 818 2146; x_wconf 88' lang='lat' dir='ltr'>aliquandiu</span> <span class='ocrx_word' id='word_1_127' title='bbox 841 2072 1150 2145; x_wconf 88' lang='lat' dir='ltr'>jacuisset,</span> <span class='ocrx_word' id='word_1_128' title='bbox 1185 2073 1457 2145; x_wconf 91' lang='lat' dir='ltr'>impurus</span> <span class='ocrx_word' id='word_1_129' title='bbox 1511 2072 1607 2127; x_wconf 92' lang='lat' dir='ltr'>ille</span> <span class='ocrx_word' id='word_1_130' title='bbox 1645 2089 1711 2128; x_wconf 90' lang='lat' dir='ltr'>ac</span> <span class='ocrx_word' id='word_1_131' title='bbox 1741 2071 1966 2128; x_wconf 87' lang='lat' dir='ltr'>teterri-</span> 
     </span>
    </p>
   </div>
   <div class='ocr_carea' id='block_1_22' title="bbox 310 2159 1964 2233">
    <p class='ocr_par' dir='ltr' id='par_1_22' title="bbox 310 2159 1964 2233">
     <span class='ocr_line' id='line_1_22' title="bbox 310 2159 1964 2233; baseline -0.001 -15"><span class='ocrx_word' id='word_1_132' title='bbox 310 2178 445 2217; x_wconf 91' lang='lat' dir='ltr'>mus</span> <span class='ocrx_word' id='word_1_133' title='bbox 467 2161 711 2233; x_wconf 88' lang='lat' dir='ltr'>spiritus</span> <span class='ocrx_word' id='word_1_134' title='bbox 744 2160 1117 2233; x_wconf 88' lang='lat' dir='ltr'>praesentiam</span> <span class='ocrx_word' id='word_1_135' title='bbox 1150 2164 1324 2215; x_wconf 83' lang='lat' dir='ltr'>tantae</span> <span class='ocrx_word' id='word_1_136' title='bbox 1353 2159 1682 2217; x_wconf 85' lang='lat' dir='ltr'>sanctitatis</span> <span class='ocrx_word' id='word_1_137' title='bbox 1727 2177 1843 2215; x_wconf 90' lang='lat' dir='ltr'>non</span> <span class='ocrx_word' id='word_1_138' title='bbox 1884 2161 1964 2216; x_wconf 85' lang='lat' dir='ltr'>fe-</span> 
     </span>
    </p>
   </div>
   <div class='ocr_carea' id='block_1_23' title="bbox 310 2247 1964 2320">
    <p class='ocr_par' dir='ltr' id='par_1_23' title="bbox 310 2247 1964 2320">
     <span class='ocr_line' id='line_1_23' title="bbox 310 2247 1964 2320; baseline -0.001 -16"><span class='ocrx_word' id='word_1_139' title='bbox 310 2267 466 2318; x_wconf 89' lang='lat' dir='ltr'>rens,</span> <span class='ocrx_word' id='word_1_140' title='bbox 501 2249 645 2304; x_wconf 88' lang='lat' dir='ltr'>nihil</span> <span class='ocrx_word' id='word_1_141' title='bbox 678 2249 889 2304; x_wconf 89' lang='lat' dir='ltr'>deinde</span> <span class='ocrx_word' id='word_1_142' title='bbox 918 2247 1059 2303; x_wconf 90' lang='lat' dir='ltr'>viris</span> <span class='ocrx_word' id='word_1_143' title='bbox 1090 2247 1150 2303; x_wconf 92' lang='lat' dir='ltr'>in</span> <span class='ocrx_word' id='word_1_144' title='bbox 1193 2247 1431 2304; x_wconf 89' lang='lat' dir='ltr'>homine</span> <span class='ocrx_word' id='word_1_145' title='bbox 1480 2247 1810 2320; x_wconf 90' lang='lat' dir='ltr'>possidens,</span> <span class='ocrx_word' id='word_1_146' title='bbox 1844 2247 1964 2303; x_wconf 85' lang='lat' dir='ltr'>vio-</span> 
     </span>
    </p>
   </div>
   <div class='ocr_carea' id='block_1_24' title="bbox 308 2336 1066 2410">
    <p class='ocr_par' dir='ltr' id='par_1_24' title="bbox 308 2336 1066 2410">
     <span class='ocr_line' id='line_1_24' title="bbox 308 2336 1066 2410; baseline -0.001 -19"><span class='ocrx_word' id='word_1_147' title='bbox 308 2338 497 2394; x_wconf 89' lang='lat' dir='ltr'>lenter</span> <span class='ocrx_word' id='word_1_148' title='bbox 526 2337 737 2410; x_wconf 89' lang='lat' dir='ltr'>pulsus</span> <span class='ocrx_word' id='word_1_149' title='bbox 759 2336 1066 2393; x_wconf 87' lang='lat' dir='ltr'>abscessit.</span> 
     </span>
    </p>
   </div>
   <div class='ocr_carea' id='block_1_25' title="bbox 378 2423 1964 2496">
    <p class='ocr_par' dir='ltr' id='par_1_25' title="bbox 378 2423 1964 2496">
     <span class='ocr_line' id='line_1_25' title="bbox 378 2423 1964 2496; baseline -0.001 -15"><span class='ocrx_word' id='word_1_150' title='bbox 378 2429 468 2481; x_wconf 80' lang='lat'>27.</span> <span class='ocrx_word' id='word_1_151' title='bbox 502 2426 638 2481; x_wconf 89' lang='lat' dir='ltr'>Post</span> <span class='ocrx_word' id='word_1_152' title='bbox 668 2426 825 2480; x_wconf 87' lang='lat' dir='ltr'>hunc</span> <span class='ocrx_word' id='word_1_153' title='bbox 856 2424 1081 2480; x_wconf 90' lang='lat' dir='ltr'>multus</span> <span class='ocrx_word' id='word_1_154' title='bbox 1113 2423 1353 2496; x_wconf 90' lang='lat' dir='ltr'>quidam</span> <span class='ocrx_word' id='word_1_155' title='bbox 1406 2424 1477 2479; x_wconf 92' lang='lat' dir='ltr'>ab</span> <span class='ocrx_word' id='word_1_156' title='bbox 1527 2423 1777 2481; x_wconf 81' lang='lat' dir='ltr'>infantia</span> <span class='ocrx_word' id='word_1_157' title='bbox 1825 2424 1964 2480; x_wconf 92' lang='lat' dir='ltr'>illuc</span> 
     </span>
    </p>
   </div>
   <div class='ocr_carea' id='block_1_26' title="bbox 309 2510 1961 2586">
    <p class='ocr_par' dir='ltr' id='par_1_26' title="bbox 309 2510 1961 2586">
     <span class='ocr_line' id='line_1_26' title="bbox 309 2510 1961 2586; baseline -0.002 -16"><span class='ocrx_word' id='word_1_158' title='bbox 309 2515 594 2570; x_wconf 88' lang='lat' dir='ltr'>accedens</span> <span class='ocrx_word' id='word_1_159' title='bbox 630 2517 865 2586; x_wconf 91' lang='lat' dir='ltr'>repente</span> <span class='ocrx_word' id='word_1_160' title='bbox 896 2517 1030 2567; x_wconf 88' lang='lat' dir='ltr'>ante</span> <span class='ocrx_word' id='word_1_161' title='bbox 1051 2529 1266 2583; x_wconf 91' lang='lat' dir='ltr'>corpus</span> <span class='ocrx_word' id='word_1_162' title='bbox 1292 2510 1762 2567; x_wconf 84' lang='lat' dir='ltr'>sacratissimum</span> <span class='ocrx_word' id='word_1_163' title='bbox 1793 2511 1961 2567; x_wconf 85' lang='lat' dir='ltr'>abso-</span> 
     </span>
    </p>
   </div>
   <div class='ocr_carea' id='block_1_27' title="bbox 308 2600 1963 2658">
    <p class='ocr_par' dir='ltr' id='par_1_27' title="bbox 308 2600 1963 2658">
     <span class='ocr_line' id='line_1_27' title="bbox 308 2600 1963 2658; baseline -0.001 0"><span class='ocrx_word' id='word_1_164' title='bbox 308 2603 669 2658; x_wconf 72' lang='lat' dir='ltr'>lutissimum</span> <span class='ocrx_word' id='word_1_165' title='bbox 701 2601 820 2657; x_wconf 92' lang='lat' dir='ltr'>oris</span> <span class='ocrx_word' id='word_1_166' title='bbox 852 2601 1179 2656; x_wconf 89' lang='lat' dir='ltr'>libertatem</span> <span class='ocrx_word' id='word_1_167' title='bbox 1211 2604 1299 2655; x_wconf 89' lang='lat' dir='ltr'>est</span> <span class='ocrx_word' id='word_1_168' title='bbox 1340 2604 1712 2655; x_wconf 84' lang='lat' dir='ltr'>consecutus.</span> <span class='ocrx_word' id='word_1_169' title='bbox 1746 2600 1963 2656; x_wconf 83' lang='lat' dir='ltr'>Eodem</span> 
     </span>
    </p>
   </div>
   <div class='ocr_carea' id='block_1_28' title="bbox 309 2688 1962 2761">
    <p class='ocr_par' dir='ltr' id='par_1_28' title="bbox 309 2688 1962 2761">
     <span class='ocr_line' id='line_1_28' title="bbox 309 2688 1962 2761; baseline -0.003 -13"><span class='ocrx_word' id='word_1_170' title='bbox 309 2692 483 2748; x_wconf 91' lang='lat' dir='ltr'>modo</span> <span class='ocrx_word' id='word_1_171' title='bbox 510 2696 566 2747; x_wconf 92' lang='lat' dir='ltr'>et</span> <span class='ocrx_word' id='word_1_172' title='bbox 583 2691 797 2748; x_wconf 88' lang='lat' dir='ltr'>mulier</span> <span class='ocrx_word' id='word_1_173' title='bbox 826 2690 1051 2758; x_wconf 87' lang='lat' dir='ltr'>itidem,</span> <span class='ocrx_word' id='word_1_174' title='bbox 1085 2707 1155 2745; x_wconf 79' lang='lat' dir='ltr'>ex</span> <span class='ocrx_word' id='word_1_175' title='bbox 1181 2706 1296 2761; x_wconf 91' lang='lat' dir='ltr'>quo</span> <span class='ocrx_word' id='word_1_176' title='bbox 1328 2692 1466 2744; x_wconf 89' lang='lat' dir='ltr'>nata</span> <span class='ocrx_word' id='word_1_177' title='bbox 1492 2693 1601 2757; x_wconf 90' lang='lat' dir='ltr'>est,</span> <span class='ocrx_word' id='word_1_178' title='bbox 1631 2694 1816 2757; x_wconf 91' lang='lat' dir='ltr'>muta,</span> <span class='ocrx_word' id='word_1_179' title='bbox 1848 2688 1962 2744; x_wconf 88' lang='lat' dir='ltr'>vir-</span> 
     </span>
    </p>
   </div>
   <div class='ocr_carea' id='block_1_29' title="bbox 308 2778 1965 2854">
    <p class='ocr_par' dir='ltr' id='par_1_29' title="bbox 308 2778 1965 2854">
     <span class='ocr_line' id='line_1_29' title="bbox 308 2778 1965 2854; baseline -0.002 -17"><span class='ocrx_word' id='word_1_180' title='bbox 308 2786 432 2837; x_wconf 87' lang='lat' dir='ltr'>tute</span> <span class='ocrx_word' id='word_1_181' title='bbox 461 2780 704 2854; x_wconf 81' lang='lat' dir='ltr'>virginis</span> <span class='ocrx_word' id='word_1_182' title='bbox 736 2779 1033 2853; x_wconf 89' lang='lat' dir='ltr'>loquelam</span> <span class='ocrx_word' id='word_1_183' title='bbox 1061 2780 1279 2835; x_wconf 88' lang='lat' dir='ltr'>ibidem</span> <span class='ocrx_word' id='word_1_184' title='bbox 1313 2778 1550 2850; x_wconf 90' lang='lat' dir='ltr'>recepit.</span> <span class='ocrx_word' id='word_1_185' title='bbox 1573 2778 1716 2833; x_wconf 89' lang='lat' dir='ltr'>Item</span> <span class='ocrx_word' id='word_1_186' title='bbox 1747 2778 1965 2834; x_wconf 79' lang='lat' dir='ltr'>femina</span> 
     </span>
    </p>
   </div>
   <div class='ocr_carea' id='block_1_30' title="bbox 310 2866 1963 2943">
    <p class='ocr_par' dir='ltr' id='par_1_30' title="bbox 310 2866 1963 2943">
     <span class='ocr_line' id='line_1_30' title="bbox 310 2866 1963 2943; baseline -0.002 -17"><span class='ocrx_word' id='word_1_187' title='bbox 310 2871 578 2943; x_wconf 83' lang='lat' dir='ltr'>quaedam</span> <span class='ocrx_word' id='word_1_188' title='bbox 611 2870 876 2925; x_wconf 86' lang='lat' dir='ltr'>daemone</span> <span class='ocrx_word' id='word_1_189' title='bbox 906 2869 1007 2924; x_wconf 90' lang='lat' dir='ltr'>diu</span> <span class='ocrx_word' id='word_1_190' title='bbox 1034 2868 1308 2924; x_wconf 87' lang='lat' dir='ltr'>atrociter</span> <span class='ocrx_word' id='word_1_191' title='bbox 1337 2867 1628 2940; x_wconf 88' lang='lat' dir='ltr'>captivata</span> <span class='ocrx_word' id='word_1_192' title='bbox 1646 2866 1785 2923; x_wconf 90' lang='lat' dir='ltr'>illuc</span> <span class='ocrx_word' id='word_1_193' title='bbox 1803 2869 1963 2923; x_wconf 89' lang='lat' dir='ltr'>deve-</span> 
     </span>
    </p>
   </div>
   <div class='ocr_carea' id='block_1_31' title="bbox 310 2954 1965 3029">
    <p class='ocr_par' dir='ltr' id='par_1_31' title="bbox 310 2954 1965 3029">
     <span class='ocr_line' id='line_1_31' title="bbox 310 2954 1965 3029; baseline -0.002 -15"><span class='ocrx_word' id='word_1_194' title='bbox 310 2958 480 3015; x_wconf 88' lang='lat' dir='ltr'>niens</span> <span class='ocrx_word' id='word_1_195' title='bbox 501 2957 831 3015; x_wconf 88' lang='lat' dir='ltr'>adversario</span> <span class='ocrx_word' id='word_1_196' title='bbox 853 2956 1121 3029; x_wconf 90' lang='lat' dir='ltr'>depulso,</span> <span class='ocrx_word' id='word_1_197' title='bbox 1141 2956 1235 3012; x_wconf 91' lang='lat' dir='ltr'>sui</span> <span class='ocrx_word' id='word_1_198' title='bbox 1266 2972 1506 3028; x_wconf 92' lang='lat' dir='ltr'>compos</span> <span class='ocrx_word' id='word_1_199' title='bbox 1531 2959 1707 3027; x_wconf 90' lang='lat' dir='ltr'>atque</span> <span class='ocrx_word' id='word_1_200' title='bbox 1738 2954 1965 3027; x_wconf 86' lang='lat' dir='ltr'>integra</span> 
     </span>
    </p>
   </div>
   <div class='ocr_carea' id='block_1_32' title="bbox 310 3043 1962 3119">
    <p class='ocr_par' dir='ltr' id='par_1_32' title="bbox 310 3043 1962 3119">
     <span class='ocr_line' id='line_1_32' title="bbox 310 3043 1962 3119; baseline -0.003 -16"><span class='ocrx_word' id='word_1_201' title='bbox 310 3053 506 3103; x_wconf 85' lang='lat' dir='ltr'>mente</span> <span class='ocrx_word' id='word_1_202' title='bbox 534 3062 805 3119; x_wconf 87' lang='lat' dir='ltr'>regressa</span> <span class='ocrx_word' id='word_1_203' title='bbox 834 3050 942 3102; x_wconf 90' lang='lat' dir='ltr'>est.</span> <span class='ocrx_word' id='word_1_204' title='bbox 968 3045 1227 3100; x_wconf 85' lang='lat' dir='ltr'>Claudus</span> <span class='ocrx_word' id='word_1_205' title='bbox 1257 3043 1501 3115; x_wconf 89' lang='lat' dir='ltr'>quidam</span> <span class='ocrx_word' id='word_1_206' title='bbox 1550 3058 1619 3097; x_wconf 79' lang='lat' dir='ltr'>ex</span> <span class='ocrx_word' id='word_1_207' title='bbox 1646 3043 1782 3098; x_wconf 89' lang='lat' dir='ltr'>villa</span> <span class='ocrx_word' id='word_1_208' title='bbox 1814 3044 1962 3099; x_wconf 88' lang='lat' dir='ltr'>Lau-</span> 
     </span>
    </p>
   </div>
   <div class='ocr_carea' id='block_1_33' title="bbox 310 3130 1959 3204">
    <p class='ocr_par' dir='ltr' id='par_1_33' title="bbox 310 3130 1959 3204">
     <span class='ocr_line' id='line_1_33' title="bbox 310 3130 1959 3204; baseline -0.001 -14"><span class='ocrx_word' id='word_1_209' title='bbox 310 3136 466 3192; x_wconf 87' lang='lat' dir='ltr'>riaco</span> <span class='ocrx_word' id='word_1_210' title='bbox 496 3134 558 3190; x_wconf 85' lang='lat' dir='ltr'>in</span> <span class='ocrx_word' id='word_1_211' title='bbox 588 3133 717 3189; x_wconf 89' lang='lat' dir='ltr'>loco</span> <span class='ocrx_word' id='word_1_212' title='bbox 745 3134 951 3190; x_wconf 87' lang='lat' dir='ltr'>eodem</span> <span class='ocrx_word' id='word_1_213' title='bbox 982 3132 1204 3204; x_wconf 86' lang='lat' dir='ltr'>potenti</span> <span class='ocrx_word' id='word_1_214' title='bbox 1237 3132 1449 3186; x_wconf 87' lang='lat' dir='ltr'>virtute</span> <span class='ocrx_word' id='word_1_215' title='bbox 1479 3130 1722 3204; x_wconf 81' lang='lat' dir='ltr'>virginis</span> <span class='ocrx_word' id='word_1_216' title='bbox 1764 3133 1959 3202; x_wconf 88' lang='lat' dir='ltr'>pedes,</span> 
     </span>
    </p>
   </div>
   <div class='ocr_carea' id='block_1_34' title="bbox 310 3218 1962 3294">
    <p class='ocr_par' dir='ltr' id='par_1_34' title="bbox 310 3218 1962 3294">
     <span class='ocr_line' id='line_1_34' title="bbox 310 3218 1962 3294; baseline -0.002 -16"><span class='ocrx_word' id='word_1_217' title='bbox 310 3239 460 3294; x_wconf 91' lang='lat' dir='ltr'>quos</span> <span class='ocrx_word' id='word_1_218' title='bbox 487 3221 684 3277; x_wconf 86' lang='lat' dir='ltr'>valida</span> <span class='ocrx_word' id='word_1_219' title='bbox 702 3221 870 3277; x_wconf 84' lang='lat' dir='ltr'>tabes</span> <span class='ocrx_word' id='word_1_220' title='bbox 894 3220 1257 3285; x_wconf 81' lang='lat' dir='ltr'>distorserat,</span> <span class='ocrx_word' id='word_1_221' title='bbox 1288 3218 1351 3272; x_wconf 86' lang='lat' dir='ltr'>in</span> <span class='ocrx_word' id='word_1_222' title='bbox 1404 3235 1579 3272; x_wconf 91' lang='lat' dir='ltr'>usum</span> <span class='ocrx_word' id='word_1_223' title='bbox 1621 3218 1800 3273; x_wconf 90' lang='lat' dir='ltr'>libere</span> <span class='ocrx_word' id='word_1_224' title='bbox 1828 3235 1962 3291; x_wconf 88' lang='lat' dir='ltr'>gra-</span> 
     </span>
    </p>
   </div>
   <div class='ocr_carea' id='block_1_35' title="bbox 311 3305 1962 3380">
    <p class='ocr_par' dir='ltr' id='par_1_35' title="bbox 311 3305 1962 3380">
     <span class='ocr_line' id='line_1_35' title="bbox 311 3305 1962 3380; baseline -0.002 -14"><span class='ocrx_word' id='word_1_225' title='bbox 311 3310 511 3366; x_wconf 80' lang='lat' dir='ltr'>diendi</span> <span class='ocrx_word' id='word_1_226' title='bbox 544 3307 796 3365; x_wconf 88' lang='lat' dir='ltr'>directos</span> <span class='ocrx_word' id='word_1_227' title='bbox 840 3307 1076 3380; x_wconf 86' lang='lat' dir='ltr'>recepit.</span> <span class='ocrx_word' id='word_1_228' title='bbox 1112 3306 1321 3363; x_wconf 84' lang='lat' dir='ltr'>Mulier</span> <span class='ocrx_word' id='word_1_229' title='bbox 1364 3308 1435 3362; x_wconf 89' lang='lat' dir='ltr'>ab</span> <span class='ocrx_word' id='word_1_230' title='bbox 1482 3305 1655 3361; x_wconf 89' lang='lat' dir='ltr'>annis</span> <span class='ocrx_word' id='word_1_231' title='bbox 1688 3306 1962 3377; x_wconf 88' lang='lat' dir='ltr'>plurimis</span> 
     </span>
    </p>
   </div>
   <div class='ocr_carea' id='block_1_36' title="bbox 2079 734 3719 808">
    <p class='ocr_par' dir='ltr' id='par_1_36' title="bbox 2079 734 3719 808">
     <span class='ocr_line' id='line_1_36' title="bbox 2079 734 3719 808; baseline -0.001 -17"><span class='ocrx_word' id='word_1_232' title='bbox 2079 741 2238 803; x_wconf 90' lang='lat' dir='ltr'>nent,</span> <span class='ocrx_word' id='word_1_233' title='bbox 2274 752 2403 808; x_wconf 79' lang='lat' dir='ltr'>quae</span> <span class='ocrx_word' id='word_1_234' title='bbox 2434 752 2617 790; x_wconf 90' lang='lat' dir='ltr'>suasu</span> <span class='ocrx_word' id='word_1_235' title='bbox 2656 734 2927 807; x_wconf 85' lang='lat' dir='ltr'>conjugis</span> <span class='ocrx_word' id='word_1_236' title='bbox 2957 750 3077 790; x_wconf 88' lang='lat' dir='ltr'>suae</span> <span class='ocrx_word' id='word_1_237' title='bbox 3121 734 3462 808; x_wconf 85' lang='lat' dir='ltr'>Teutbergae</span> <span class='ocrx_word' id='word_1_238' title='bbox 3492 734 3719 807; x_wconf 64' lang='lat' dir='ltr'>regina,</span> 
     </span>
    </p>
   </div>
   <div class='ocr_carea' id='block_1_37' title="bbox 2077 822 3724 896">
    <p class='ocr_par' dir='ltr' id='par_1_37' title="bbox 2077 822 3724 896">
     <span class='ocr_line' id='line_1_37' title="bbox 2077 822 3724 896; baseline -0.001 -16"><span class='ocrx_word' id='word_1_239' title='bbox 2077 824 2495 881; x_wconf 85' lang='lat' dir='ltr'>interveniente</span> <span class='ocrx_word' id='word_1_240' title='bbox 2544 823 2751 879; x_wconf 89' lang='lat' dir='ltr'>eodem</span> <span class='ocrx_word' id='word_1_241' title='bbox 2791 822 3072 878; x_wconf 85' lang='lat' dir='ltr'>Adventio</span> <span class='ocrx_word' id='word_1_242' title='bbox 3114 823 3409 896; x_wconf 89' lang='lat' dir='ltr'>episcopo,</span> <span class='ocrx_word' id='word_1_243' title='bbox 3442 823 3528 879; x_wconf 85' lang='lat' dir='ltr'>eis</span> <span class='ocrx_word' id='word_1_244' title='bbox 3579 828 3638 879; x_wconf 88' lang='lat' dir='ltr'>et</span> <span class='ocrx_word' id='word_1_245' title='bbox 3663 825 3724 880; x_wconf 86' lang='lat' dir='ltr'>de</span> 
     </span>
    </p>
   </div>
   <div class='ocr_carea' id='block_1_38' title="bbox 2078 911 3727 983">
    <p class='ocr_par' dir='ltr' id='par_1_38' title="bbox 2078 911 3727 983">
     <span class='ocr_line' id='line_1_38' title="bbox 2078 911 3727 983; baseline -0.001 -14"><span class='ocrx_word' id='word_1_246' title='bbox 2078 914 2304 970; x_wconf 88' lang='lat' dir='ltr'>noviter</span> <span class='ocrx_word' id='word_1_247' title='bbox 2353 913 2525 981; x_wconf 85' lang='lat' dir='ltr'>datis,</span> <span class='ocrx_word' id='word_1_248' title='bbox 2550 916 2607 968; x_wconf 91' lang='lat' dir='ltr'>et</span> <span class='ocrx_word' id='word_1_249' title='bbox 2664 913 2735 967; x_wconf 87' lang='lat' dir='ltr'>de</span> <span class='ocrx_word' id='word_1_250' title='bbox 2792 911 3224 983; x_wconf 85' lang='lat' dir='ltr'>antiquioribus</span> <span class='ocrx_word' id='word_1_251' title='bbox 3270 912 3580 981; x_wconf 85' lang='lat' dir='ltr'>restitutis,</span> <span class='ocrx_word' id='word_1_252' title='bbox 3618 913 3727 968; x_wconf 83' lang='lat' dir='ltr'>sive</span> 
     </span>
    </p>
   </div>
   <div class='ocr_carea' id='block_1_39' title="bbox 2078 1001 3727 1075">
    <p class='ocr_par' dir='ltr' id='par_1_39' title="bbox 2078 1001 3727 1075">
     <span class='ocr_line' id='line_1_39' title="bbox 2078 1001 3727 1075; baseline -0.001 -16"><span class='ocrx_word' id='word_1_253' title='bbox 2078 1003 2255 1059; x_wconf 88' lang='lat' dir='ltr'>etiam</span> <span class='ocrx_word' id='word_1_254' title='bbox 2287 1005 2357 1058; x_wconf 90' lang='lat' dir='ltr'>de</span> <span class='ocrx_word' id='word_1_255' title='bbox 2388 1001 2866 1057; x_wconf 88' lang='lat' dir='ltr'>immunitatibus</span> <span class='ocrx_word' id='word_1_256' title='bbox 2896 1002 3162 1073; x_wconf 87' lang='lat' dir='ltr'>ejusdem</span> <span class='ocrx_word' id='word_1_257' title='bbox 3194 1002 3533 1058; x_wconf 89' lang='lat' dir='ltr'>monasterii</span> <span class='ocrx_word' id='word_1_258' title='bbox 3579 1002 3727 1075; x_wconf 86' lang='lat' dir='ltr'>regia</span> 
     </span>
    </p>
   </div>
   <div class='ocr_carea' id='block_1_40' title="bbox 2079 1089 3728 1148">
    <p class='ocr_par' dir='ltr' id='par_1_40' title="bbox 2079 1089 3728 1148">
     <span class='ocr_line' id='line_1_40' title="bbox 2079 1089 3728 1148; baseline -0.001 -1"><span class='ocrx_word' id='word_1_259' title='bbox 2079 1095 2423 1148; x_wconf 86' lang='lat' dir='ltr'>auctoritate</span> <span class='ocrx_word' id='word_1_260' title='bbox 2453 1094 2725 1146; x_wconf 85' lang='lat' dir='ltr'>constant</span> <span class='ocrx_word' id='word_1_261' title='bbox 2756 1089 3170 1146; x_wconf 88' lang='lat' dir='ltr'>liberalissime</span> <span class='ocrx_word' id='word_1_262' title='bbox 3191 1090 3492 1146; x_wconf 88' lang='lat' dir='ltr'>attributa.</span> <span class='ocrx_word' id='word_1_263' title='bbox 3510 1091 3659 1146; x_wconf 89' lang='lat' dir='ltr'>Nam</span> <span class='ocrx_word' id='word_1_264' title='bbox 3679 1097 3728 1146; x_wconf 85' lang='lat' dir='ltr'>et</span> 
     </span>
    </p>
   </div>
   <div class='ocr_carea' id='block_1_41' title="bbox 2076 1179 3729 1256">
    <p class='ocr_par' dir='ltr' id='par_1_41' title="bbox 2076 1179 3729 1256">
     <span class='ocr_line' id='line_1_41' title="bbox 2076 1179 3729 1256; baseline -0.001 -18"><span class='ocrx_word' id='word_1_265' title='bbox 2076 1184 2205 1256; x_wconf 90' lang='lat' dir='ltr'>ipea</span> <span class='ocrx_word' id='word_1_266' title='bbox 2228 1182 2560 1253; x_wconf 86' lang='lat' dir='ltr'>Tcutberga</span> <span class='ocrx_word' id='word_1_267' title='bbox 2576 1179 2777 1251; x_wconf 82' lang='lat' dir='ltr'>regina</span> <span class='ocrx_word' id='word_1_268' title='bbox 2796 1179 2905 1234; x_wconf 92' lang='lat' dir='ltr'>loci</span> <span class='ocrx_word' id='word_1_269' title='bbox 2929 1179 3118 1252; x_wconf 87' lang='lat' dir='ltr'>ipsius</span> <span class='ocrx_word' id='word_1_270' title='bbox 3141 1179 3399 1252; x_wconf 88' lang='lat' dir='ltr'>regimen</span> <span class='ocrx_word' id='word_1_271' title='bbox 3424 1184 3563 1235; x_wconf 89' lang='lat' dir='ltr'>tunc</span> <span class='ocrx_word' id='word_1_272' title='bbox 3582 1184 3729 1236; x_wconf 67' lang='lat' dir='ltr'>tene</span> 
     </span>
    </p>
   </div>
   <div class='ocr_carea' id='block_1_42' title="bbox 2078 1268 3726 1343">
    <p class='ocr_par' dir='ltr' id='par_1_42' title="bbox 2078 1268 3726 1343">
     <span class='ocr_line' id='line_1_42' title="bbox 2078 1268 3726 1343; baseline -0.001 -16"><span class='ocrx_word' id='word_1_273' title='bbox 2078 1274 2343 1343; x_wconf 76' lang='lat' dir='ltr'>bat,quae</span> <span class='ocrx_word' id='word_1_274' title='bbox 2365 1270 2539 1325; x_wconf 87' lang='lat' dir='ltr'>etiam</span> <span class='ocrx_word' id='word_1_275' title='bbox 2573 1269 2651 1323; x_wconf 90' lang='lat' dir='ltr'>ibi</span> <span class='ocrx_word' id='word_1_276' title='bbox 2671 1268 2953 1341; x_wconf 89' lang='lat' dir='ltr'>quiescit;</span> <span class='ocrx_word' id='word_1_277' title='bbox 2980 1270 3078 1324; x_wconf 88' lang='lat' dir='ltr'>sed</span> <span class='ocrx_word' id='word_1_278' title='bbox 3119 1273 3173 1323; x_wconf 88' lang='lat' dir='ltr'>et</span> <span class='ocrx_word' id='word_1_279' title='bbox 3213 1269 3347 1340; x_wconf 84' lang='lat' dir='ltr'>quis</span> <span class='ocrx_word' id='word_1_280' title='bbox 3386 1269 3493 1325; x_wconf 89' lang='lat' dir='ltr'>iste</span> <span class='ocrx_word' id='word_1_281' title='bbox 3519 1270 3726 1325; x_wconf 88' lang='lat' dir='ltr'>Lotha-</span> 
     </span>
    </p>
   </div>
   <div class='ocr_carea' id='block_1_43' title="bbox 2079 1358 3727 1432">
    <p class='ocr_par' dir='ltr' id='par_1_43' title="bbox 2079 1358 3727 1432">
     <span class='ocr_line' id='line_1_43' title="bbox 2079 1358 3727 1432; baseline -0.001 -17"><span class='ocrx_word' id='word_1_282' title='bbox 2079 1361 2201 1415; x_wconf 89' lang='lat' dir='ltr'>rius</span> <span class='ocrx_word' id='word_1_283' title='bbox 2233 1359 2497 1427; x_wconf 86' lang='lat' dir='ltr'>fuerit,et</span> <span class='ocrx_word' id='word_1_284' title='bbox 2527 1377 2595 1413; x_wconf 78' lang='lat' dir='ltr'>ex</span> <span class='ocrx_word' id='word_1_285' title='bbox 2626 1358 2930 1413; x_wconf 84' lang='lat' dir='ltr'>occasione</span> <span class='ocrx_word' id='word_1_286' title='bbox 2959 1358 3087 1428; x_wconf 88' lang='lat' dir='ltr'>ejus</span> <span class='ocrx_word' id='word_1_287' title='bbox 3126 1358 3326 1430; x_wconf 87' lang='lat' dir='ltr'>aliqua</span> <span class='ocrx_word' id='word_1_288' title='bbox 3360 1375 3539 1430; x_wconf 88' lang='lat' dir='ltr'>supra</span> <span class='ocrx_word' id='word_1_289' title='bbox 3569 1377 3727 1432; x_wconf 85' lang='lat' dir='ltr'>repe-</span> 
     </span>
    </p>
   </div>
   <div class='ocr_carea' id='block_1_44' title="bbox 2078 1446 3727 1519">
    <p class='ocr_par' dir='ltr' id='par_1_44' title="bbox 2078 1446 3727 1519">
     <span class='ocr_line' id='line_1_44' title="bbox 2078 1446 3727 1519; baseline 0 -16"><span class='ocrx_word' id='word_1_290' title='bbox 2078 1455 2197 1505; x_wconf 86' lang='lat' dir='ltr'>tere</span> <span class='ocrx_word' id='word_1_291' title='bbox 2242 1467 2358 1504; x_wconf 92' lang='lat' dir='ltr'>non</span> <span class='ocrx_word' id='word_1_292' title='bbox 2407 1447 2705 1519; x_wconf 85' lang='lat' dir='ltr'>ingratum</span> <span class='ocrx_word' id='word_1_293' title='bbox 2754 1464 2882 1503; x_wconf 87' lang='lat' dir='ltr'>esse</span> <span class='ocrx_word' id='word_1_294' title='bbox 2930 1446 3129 1501; x_wconf 91' lang='lat' dir='ltr'>lectori</span> <span class='ocrx_word' id='word_1_295' title='bbox 3160 1446 3533 1515; x_wconf 88' lang='lat' dir='ltr'>arbitramur,</span> <span class='ocrx_word' id='word_1_296' title='bbox 3570 1452 3637 1503; x_wconf 90' lang='lat' dir='ltr'>ut</span> <span class='ocrx_word' id='word_1_297' title='bbox 3667 1466 3727 1503; x_wconf 76' lang='lat' dir='ltr'>ex</span> 
     </span>
    </p>
   </div>
   <div class='ocr_carea' id='block_1_45' title="bbox 2079 1535 3727 1609">
    <p class='ocr_par' dir='ltr' id='par_1_45' title="bbox 2079 1535 3727 1609">
     <span class='ocr_line' id='line_1_45' title="bbox 2079 1535 3727 1609; baseline -0.001 -16"><span class='ocrx_word' id='word_1_298' title='bbox 2079 1537 2285 1594; x_wconf 85' lang='lat' dir='ltr'>notitia</span> <span class='ocrx_word' id='word_1_299' title='bbox 2312 1542 2645 1609; x_wconf 89' lang='lat' dir='ltr'>temporum</span> <span class='ocrx_word' id='word_1_300' title='bbox 2676 1536 2986 1591; x_wconf 87' lang='lat' dir='ltr'>validiores</span> <span class='ocrx_word' id='word_1_301' title='bbox 3007 1535 3325 1591; x_wconf 88' lang='lat' dir='ltr'>narrationi</span> <span class='ocrx_word' id='word_1_302' title='bbox 3357 1536 3507 1592; x_wconf 88' lang='lat' dir='ltr'>vires</span> <span class='ocrx_word' id='word_1_303' title='bbox 3536 1553 3727 1592; x_wconf 87' lang='lat' dir='ltr'>accre-</span> 
     </span>
    </p>
   </div>
   <div class='ocr_carea' id='block_1_46' title="bbox 2078 1623 3729 1696">
    <p class='ocr_par' dir='ltr' id='par_1_46' title="bbox 2078 1623 3729 1696">
     <span class='ocr_line' id='line_1_46' title="bbox 2078 1623 3729 1696; baseline -0.001 -14"><span class='ocrx_word' id='word_1_304' title='bbox 2078 1630 2265 1682; x_wconf 89' lang='lat' dir='ltr'>scant.</span> <span class='ocrx_word' id='word_1_305' title='bbox 2290 1625 2394 1682; x_wconf 89' lang='lat' dir='ltr'>Hic</span> <span class='ocrx_word' id='word_1_306' title='bbox 2423 1630 2512 1681; x_wconf 89' lang='lat' dir='ltr'>est</span> <span class='ocrx_word' id='word_1_307' title='bbox 2539 1624 2851 1681; x_wconf 90' lang='lat' dir='ltr'>Lotharius</span> <span class='ocrx_word' id='word_1_308' title='bbox 2874 1624 3079 1696; x_wconf 90' lang='lat' dir='ltr'>junior</span> <span class='ocrx_word' id='word_1_309' title='bbox 3107 1623 3267 1680; x_wconf 84' lang='lat' dir='ltr'>ﬁlius</span> <span class='ocrx_word' id='word_1_310' title='bbox 3284 1623 3446 1679; x_wconf 90' lang='lat' dir='ltr'>illius</span> <span class='ocrx_word' id='word_1_311' title='bbox 3467 1625 3729 1681; x_wconf 87' lang='lat' dir='ltr'>Lotharii</span> 
     </span>
    </p>
   </div>
   <div class='ocr_carea' id='block_1_47' title="bbox 2078 1710 3732 1786">
    <p class='ocr_par' dir='ltr' id='par_1_47' title="bbox 2078 1710 3732 1786">
     <span class='ocr_line' id='line_1_47' title="bbox 2078 1710 3732 1786; baseline 0 -16"><span class='ocrx_word' id='word_1_312' title='bbox 2078 1714 2326 1771; x_wconf 89' lang='lat' dir='ltr'>senioris</span> <span class='ocrx_word' id='word_1_313' title='bbox 2353 1730 2424 1770; x_wconf 87' lang='lat' dir='ltr'>ex</span> <span class='ocrx_word' id='word_1_314' title='bbox 2455 1712 2748 1781; x_wconf 84' lang='lat' dir='ltr'>Ludovico</span> <span class='ocrx_word' id='word_1_315' title='bbox 2778 1713 2877 1769; x_wconf 93' lang='lat' dir='ltr'>Pio</span> <span class='ocrx_word' id='word_1_316' title='bbox 2925 1712 3126 1786; x_wconf 89' lang='lat' dir='ltr'>geniti,</span> <span class='ocrx_word' id='word_1_317' title='bbox 3159 1710 3261 1785; x_wconf 89' lang='lat' dir='ltr'>qui</span> <span class='ocrx_word' id='word_1_318' title='bbox 3309 1717 3441 1785; x_wconf 91' lang='lat' dir='ltr'>post</span> <span class='ocrx_word' id='word_1_319' title='bbox 3481 1718 3732 1770; x_wconf 87' lang='lat' dir='ltr'>mortem</span> 
     </span>
    </p>
   </div>
   <div class='ocr_carea' id='block_1_48' title="bbox 2076 1800 3734 1877">
    <p class='ocr_par' dir='ltr' id='par_1_48' title="bbox 2076 1800 3734 1877">
     <span class='ocr_line' id='line_1_48' title="bbox 2076 1800 3734 1877; baseline 0.001 -18"><span class='ocrx_word' id='word_1_320' title='bbox 2076 1804 2267 1877; x_wconf 88' lang='lat' dir='ltr'>ipsius</span> <span class='ocrx_word' id='word_1_321' title='bbox 2296 1802 2403 1876; x_wconf 82' lang='lat' dir='ltr'>piae</span> <span class='ocrx_word' id='word_1_322' title='bbox 2436 1801 2730 1858; x_wconf 86' lang='lat' dir='ltr'>memoriae</span> <span class='ocrx_word' id='word_1_323' title='bbox 2761 1801 2945 1874; x_wconf 90' lang='lat' dir='ltr'>patris</span> <span class='ocrx_word' id='word_1_324' title='bbox 2977 1800 3068 1857; x_wconf 87' lang='lat' dir='ltr'>sui</span> <span class='ocrx_word' id='word_1_325' title='bbox 3100 1800 3330 1857; x_wconf 89' lang='lat' dir='ltr'>diutina</span> <span class='ocrx_word' id='word_1_326' title='bbox 3369 1802 3734 1861; x_wconf 86' lang='lat' dir='ltr'>dissensione</span> 
     </span>
    </p>
   </div>
   <div class='ocr_carea' id='block_1_49' title="bbox 2078 1889 3736 1965">
    <p class='ocr_par' dir='ltr' id='par_1_49' title="bbox 2078 1889 3736 1965">
     <span class='ocr_line' id='line_1_49' title="bbox 2078 1889 3736 1965; baseline 0 -16"><span class='ocrx_word' id='word_1_327' title='bbox 2078 1910 2215 1949; x_wconf 91' lang='lat' dir='ltr'>cum</span> <span class='ocrx_word' id='word_1_328' title='bbox 2248 1892 2531 1948; x_wconf 84' lang='lat' dir='ltr'>fratribus</span> <span class='ocrx_word' id='word_1_329' title='bbox 2556 1890 2681 1948; x_wconf 89' lang='lat' dir='ltr'>suis</span> <span class='ocrx_word' id='word_1_330' title='bbox 2713 1890 3005 1947; x_wconf 84' lang='lat' dir='ltr'>Ludovico</span> <span class='ocrx_word' id='word_1_331' title='bbox 3035 1889 3461 1947; x_wconf 89' lang='lat' dir='ltr'>Germanorum</span> <span class='ocrx_word' id='word_1_332' title='bbox 3512 1909 3655 1965; x_wconf 88' lang='lat' dir='ltr'>rege</span> <span class='ocrx_word' id='word_1_333' title='bbox 3684 1897 3736 1949; x_wconf 88' lang='lat' dir='ltr'>et</span> 
     </span>
    </p>
   </div>
   <div class='ocr_carea' id='block_1_50' title="bbox 2078 1979 3737 2053">
    <p class='ocr_par' dir='ltr' id='par_1_50' title="bbox 2078 1979 3737 2053">
     <span class='ocr_line' id='line_1_50' title="bbox 2078 1979 3737 2053; baseline -0.001 -15"><span class='ocrx_word' id='word_1_334' title='bbox 2078 1980 2419 2053; x_wconf 87' lang='lat' dir='ltr'>Carolo,qui</span> <span class='ocrx_word' id='word_1_335' title='bbox 2446 1984 2578 2052; x_wconf 90' lang='lat' dir='ltr'>post</span> <span class='ocrx_word' id='word_1_336' title='bbox 2608 1980 2926 2053; x_wconf 87' lang='lat' dir='ltr'>imperator</span> <span class='ocrx_word' id='word_1_337' title='bbox 2945 1980 3135 2035; x_wconf 84' lang='lat' dir='ltr'>factus</span> <span class='ocrx_word' id='word_1_338' title='bbox 3166 1984 3274 2047; x_wconf 90' lang='lat' dir='ltr'>est,</span> <span class='ocrx_word' id='word_1_339' title='bbox 3289 1979 3611 2053; x_wconf 88' lang='lat' dir='ltr'>cupiditate</span> <span class='ocrx_word' id='word_1_340' title='bbox 3635 1982 3737 2037; x_wconf 84' lang='lat' dir='ltr'>im-</span> 
     </span>
    </p>
   </div>
   <div class='ocr_carea' id='block_1_51' title="bbox 2076 2068 3738 2144">
    <p class='ocr_par' dir='ltr' id='par_1_51' title="bbox 2076 2068 3738 2144">
     <span class='ocr_line' id='line_1_51' title="bbox 2076 2068 3738 2144; baseline 0.001 -18"><span class='ocrx_word' id='word_1_341' title='bbox 2076 2070 2222 2144; x_wconf 89' lang='lat' dir='ltr'>perii</span> <span class='ocrx_word' id='word_1_342' title='bbox 2255 2069 2474 2137; x_wconf 89' lang='lat' dir='ltr'>habita,</span> <span class='ocrx_word' id='word_1_343' title='bbox 2498 2069 2737 2125; x_wconf 88' lang='lat' dir='ltr'>tandem</span> <span class='ocrx_word' id='word_1_344' title='bbox 2770 2068 3046 2141; x_wconf 85' lang='lat' dir='ltr'>gravibus</span> <span class='ocrx_word' id='word_1_345' title='bbox 3077 2072 3135 2125; x_wconf 92' lang='lat' dir='ltr'>et</span> <span class='ocrx_word' id='word_1_346' title='bbox 3158 2069 3457 2125; x_wconf 86' lang='lat' dir='ltr'>intestinis</span> <span class='ocrx_word' id='word_1_347' title='bbox 3478 2070 3634 2127; x_wconf 87' lang='lat' dir='ltr'>odiis</span> <span class='ocrx_word' id='word_1_348' title='bbox 3659 2072 3738 2127; x_wconf 83' lang='lat' dir='ltr'>fu-</span> 
     </span>
    </p>
   </div>
   <div class='ocr_carea' id='block_1_52' title="bbox 2077 2157 3735 2233">
    <p class='ocr_par' dir='ltr' id='par_1_52' title="bbox 2077 2157 3735 2233">
     <span class='ocr_line' id='line_1_52' title="bbox 2077 2157 3735 2233; baseline 0.001 -18"><span class='ocrx_word' id='word_1_349' title='bbox 2077 2164 2240 2216; x_wconf 88' lang='lat' dir='ltr'>nesto</span> <span class='ocrx_word' id='word_1_350' title='bbox 2273 2159 2387 2214; x_wconf 89' lang='lat' dir='ltr'>ritu</span> <span class='ocrx_word' id='word_1_351' title='bbox 2419 2159 2573 2214; x_wconf 83' lang='lat' dir='ltr'>inter</span> <span class='ocrx_word' id='word_1_352' title='bbox 2602 2175 2665 2215; x_wconf 89' lang='lat' dir='ltr'>se</span> <span class='ocrx_word' id='word_1_353' title='bbox 2696 2157 2867 2231; x_wconf 90' lang='lat' dir='ltr'>longe</span> <span class='ocrx_word' id='word_1_354' title='bbox 2897 2158 3062 2232; x_wconf 90' lang='lat' dir='ltr'>prius</span> <span class='ocrx_word' id='word_1_355' title='bbox 3109 2159 3443 2230; x_wconf 87' lang='lat' dir='ltr'>protractis,</span> <span class='ocrx_word' id='word_1_356' title='bbox 3476 2159 3535 2215; x_wconf 87' lang='lat' dir='ltr'>in</span> <span class='ocrx_word' id='word_1_357' title='bbox 3581 2176 3735 2233; x_wconf 87' lang='lat' dir='ltr'>pago</span> 
     </span>
    </p>
   </div>
   <div class='ocr_carea' id='block_1_53' title="bbox 2073 2246 3737 2321">
    <p class='ocr_par' dir='ltr' id='par_1_53' title="bbox 2073 2246 3737 2321">
     <span class='ocr_line' id='line_1_53' title="bbox 2073 2246 3737 2321; baseline 0.001 -18"><span class='ocrx_word' id='word_1_358' title='bbox 2073 2246 2569 2306; x_wconf 87' lang='lat' dir='ltr'>Autissiodorensi</span> <span class='ocrx_word' id='word_1_359' title='bbox 2589 2246 2734 2316; x_wconf 91' lang='lat' dir='ltr'>loco,</span> <span class='ocrx_word' id='word_1_360' title='bbox 2752 2247 2852 2320; x_wconf 90' lang='lat' dir='ltr'>qui</span> <span class='ocrx_word' id='word_1_361' title='bbox 2870 2247 3087 2303; x_wconf 90' lang='lat' dir='ltr'>dicitur</span> <span class='ocrx_word' id='word_1_362' title='bbox 3109 2248 3518 2315; x_wconf 87' lang='lat' dir='ltr'>Fontanctum,</span> <span class='ocrx_word' id='word_1_363' title='bbox 3535 2249 3737 2321; x_wconf 80' lang='lat' dir='ltr'>praelio</span> 
     </span>
    </p>
   </div>
   <div class='ocr_carea' id='block_1_54' title="bbox 2074 2335 3737 2409">
    <p class='ocr_par' dir='ltr' id='par_1_54' title="bbox 2074 2335 3737 2409">
     <span class='ocr_line' id='line_1_54' title="bbox 2074 2335 3737 2409; baseline 0.001 -16"><span class='ocrx_word' id='word_1_364' title='bbox 2074 2336 2537 2405; x_wconf 89' lang='lat' dir='ltr'>atrocissimo,et</span> <span class='ocrx_word' id='word_1_365' title='bbox 2568 2336 2792 2408; x_wconf 89' lang='lat' dir='ltr'>absque</span> <span class='ocrx_word' id='word_1_366' title='bbox 2823 2335 3087 2409; x_wconf 85' lang='lat' dir='ltr'>exemplo</span> <span class='ocrx_word' id='word_1_367' title='bbox 3112 2335 3546 2406; x_wconf 89' lang='lat' dir='ltr'>cruentissimo,</span> <span class='ocrx_word' id='word_1_368' title='bbox 3576 2339 3737 2394; x_wconf 82' lang='lat' dir='ltr'>caede</span> 
     </span>
    </p>
   </div>
   <div class='ocr_carea' id='block_1_55' title="bbox 2076 2425 3738 2499">
    <p class='ocr_par' dir='ltr' id='par_1_55' title="bbox 2076 2425 3738 2499">
     <span class='ocr_line' id='line_1_55' title="bbox 2076 2425 3738 2499; baseline 0 -17"><span class='ocrx_word' id='word_1_369' title='bbox 2076 2425 2400 2482; x_wconf 82' lang='lat' dir='ltr'>miserabili</span> <span class='ocrx_word' id='word_1_370' title='bbox 2433 2425 2839 2493; x_wconf 80' lang='lat' dir='ltr'>conflixerunt,</span> <span class='ocrx_word' id='word_1_371' title='bbox 2874 2426 3151 2497; x_wconf 90' lang='lat' dir='ltr'>adjuncto</span> <span class='ocrx_word' id='word_1_372' title='bbox 3177 2425 3263 2481; x_wconf 90' lang='lat' dir='ltr'>eis</span> <span class='ocrx_word' id='word_1_373' title='bbox 3292 2425 3538 2498; x_wconf 89' lang='lat' dir='ltr'>Pippino</span> <span class='ocrx_word' id='word_1_374' title='bbox 3558 2427 3738 2499; x_wconf 81' lang='lat' dir='ltr'>Aqui-</span> 
     </span>
    </p>
   </div>
   <div class='ocr_carea' id='block_1_56' title="bbox 2073 2514 3736 2588">
    <p class='ocr_par' dir='ltr' id='par_1_56' title="bbox 2073 2514 3736 2588">
     <span class='ocr_line' id='line_1_56' title="bbox 2073 2514 3736 2588; baseline -0.001 -17"><span class='ocrx_word' id='word_1_375' title='bbox 2073 2521 2346 2571; x_wconf 89' lang='lat' dir='ltr'>tanorum</span> <span class='ocrx_word' id='word_1_376' title='bbox 2381 2532 2535 2588; x_wconf 86' lang='lat' dir='ltr'>rege.</span> <span class='ocrx_word' id='word_1_377' title='bbox 2570 2514 2714 2570; x_wconf 88' lang='lat' dir='ltr'>Pace</span> <span class='ocrx_word' id='word_1_378' title='bbox 2743 2518 2941 2570; x_wconf 90' lang='lat' dir='ltr'>tamen</span> <span class='ocrx_word' id='word_1_379' title='bbox 2974 2520 3104 2588; x_wconf 89' lang='lat' dir='ltr'>post</span> <span class='ocrx_word' id='word_1_380' title='bbox 3135 2514 3287 2570; x_wconf 87' lang='lat' dir='ltr'>inter</span> <span class='ocrx_word' id='word_1_381' title='bbox 3308 2532 3406 2570; x_wconf 89' lang='lat' dir='ltr'>eos</span> <span class='ocrx_word' id='word_1_382' title='bbox 3439 2516 3611 2584; x_wconf 85' lang='lat' dir='ltr'>facta,</span> <span class='ocrx_word' id='word_1_383' title='bbox 3648 2517 3736 2570; x_wconf 85' lang='lat' dir='ltr'>di-</span> 
     </span>
    </p>
   </div>
   <div class='ocr_carea' id='block_1_57' title="bbox 2073 2603 3735 2676">
    <p class='ocr_par' dir='ltr' id='par_1_57' title="bbox 2073 2603 3735 2676">
     <span class='ocr_line' id='line_1_57' title="bbox 2073 2603 3735 2676; baseline 0 -17"><span class='ocrx_word' id='word_1_384' title='bbox 2073 2604 2313 2676; x_wconf 90' lang='lat' dir='ltr'>visoque</span> <span class='ocrx_word' id='word_1_385' title='bbox 2363 2620 2562 2676; x_wconf 85' lang='lat' dir='ltr'>regno,</span> <span class='ocrx_word' id='word_1_386' title='bbox 2597 2603 2720 2659; x_wconf 83' lang='lat' dir='ltr'>haec</span> <span class='ocrx_word' id='word_1_387' title='bbox 2764 2620 2900 2675; x_wconf 88' lang='lat' dir='ltr'>pars</span> <span class='ocrx_word' id='word_1_388' title='bbox 2951 2603 3378 2676; x_wconf 83' lang='lat' dir='ltr'>Franciae,quae</span> <span class='ocrx_word' id='word_1_389' title='bbox 3428 2604 3636 2660; x_wconf 82' lang='lat' dir='ltr'>Rheno</span> <span class='ocrx_word' id='word_1_390' title='bbox 3683 2610 3735 2661; x_wconf 87' lang='lat' dir='ltr'>et</span> 
     </span>
    </p>
   </div>
   <div class='ocr_carea' id='block_1_58' title="bbox 2075 2691 3736 2765">
    <p class='ocr_par' dir='ltr' id='par_1_58' title="bbox 2075 2691 3736 2765">
     <span class='ocr_line' id='line_1_58' title="bbox 2075 2691 3736 2765; baseline 0.001 -16"><span class='ocrx_word' id='word_1_391' title='bbox 2075 2692 2317 2749; x_wconf 90' lang='lat' dir='ltr'>Mosella</span> <span class='ocrx_word' id='word_1_392' title='bbox 2345 2692 2653 2761; x_wconf 89' lang='lat' dir='ltr'>limitatur,</span> <span class='ocrx_word' id='word_1_393' title='bbox 2670 2691 2884 2748; x_wconf 88' lang='lat' dir='ltr'>additis</span> <span class='ocrx_word' id='word_1_394' title='bbox 2916 2710 3019 2765; x_wconf 92' lang='lat' dir='ltr'>pro</span> <span class='ocrx_word' id='word_1_395' title='bbox 3052 2709 3343 2749; x_wconf 89' lang='lat' dir='ltr'>consensu</span> <span class='ocrx_word' id='word_1_396' title='bbox 3376 2697 3430 2748; x_wconf 86' lang='lat' dir='ltr'>et</span> <span class='ocrx_word' id='word_1_397' title='bbox 3453 2693 3736 2750; x_wconf 76' lang='lat' dir='ltr'>firmitate</span> 
     </span>
    </p>
   </div>
   <div class='ocr_carea' id='block_1_59' title="bbox 2074 2781 3737 2855">
    <p class='ocr_par' dir='ltr' id='par_1_59' title="bbox 2074 2781 3737 2855">
     <span class='ocr_line' id='line_1_59' title="bbox 2074 2781 3737 2855; baseline 0 -18"><span class='ocrx_word' id='word_1_398' title='bbox 2074 2782 2236 2855; x_wconf 90' lang='lat' dir='ltr'>pacis</span> <span class='ocrx_word' id='word_1_399' title='bbox 2268 2781 2627 2854; x_wconf 90' lang='lat' dir='ltr'>quibusdam</span> <span class='ocrx_word' id='word_1_400' title='bbox 2659 2781 2995 2838; x_wconf 89' lang='lat' dir='ltr'>civitatibus</span> <span class='ocrx_word' id='word_1_401' title='bbox 3032 2786 3089 2838; x_wconf 90' lang='lat' dir='ltr'>et</span> <span class='ocrx_word' id='word_1_402' title='bbox 3136 2781 3436 2855; x_wconf 85' lang='lat' dir='ltr'>regalibus</span> <span class='ocrx_word' id='word_1_403' title='bbox 3478 2782 3737 2839; x_wconf 87' lang='lat' dir='ltr'>abbatiis</span> 
     </span>
    </p>
   </div>
   <div class='ocr_carea' id='block_1_60' title="bbox 2074 2869 3737 2943">
    <p class='ocr_par' dir='ltr' id='par_1_60' title="bbox 2074 2869 3737 2943">
     <span class='ocr_line' id='line_1_60' title="bbox 2074 2869 3737 2943; baseline 0.001 -18"><span class='ocrx_word' id='word_1_404' title='bbox 2074 2870 2229 2927; x_wconf 89' lang='lat' dir='ltr'>ultra</span> <span class='ocrx_word' id='word_1_405' title='bbox 2245 2871 2527 2942; x_wconf 89' lang='lat' dir='ltr'>citraque,</span> <span class='ocrx_word' id='word_1_406' title='bbox 2545 2870 2734 2926; x_wconf 88' lang='lat' dir='ltr'>cidem</span> <span class='ocrx_word' id='word_1_407' title='bbox 2760 2869 3033 2926; x_wconf 90' lang='lat' dir='ltr'>Lothario</span> <span class='ocrx_word' id='word_1_408' title='bbox 3055 2869 3506 2943; x_wconf 85' lang='lat' dir='ltr'>cessit,cjusque</span> <span class='ocrx_word' id='word_1_409' title='bbox 3523 2871 3737 2927; x_wconf 79' lang='lat' dir='ltr'>exinde</span> 
     </span>
    </p>
   </div>
   <div class='ocr_carea' id='block_1_61' title="bbox 2072 2958 3737 3034">
    <p class='ocr_par' dir='ltr' id='par_1_61' title="bbox 2072 2958 3737 3034">
     <span class='ocr_line' id='line_1_61' title="bbox 2072 2958 3737 3034; baseline 0.001 -20"><span class='ocrx_word' id='word_1_410' title='bbox 2072 2959 2133 3014; x_wconf 90' lang='lat' dir='ltr'>in</span> <span class='ocrx_word' id='word_1_411' title='bbox 2163 2959 2222 3014; x_wconf 90' lang='lat' dir='ltr'>id</span> <span class='ocrx_word' id='word_1_412' title='bbox 2255 2974 2446 3031; x_wconf 88' lang='lat' dir='ltr'>usque</span> <span class='ocrx_word' id='word_1_413' title='bbox 2474 2958 2757 3032; x_wconf 85' lang='lat' dir='ltr'>temporis</span> <span class='ocrx_word' id='word_1_414' title='bbox 2792 2958 3027 3015; x_wconf 90' lang='lat' dir='ltr'>nomine</span> <span class='ocrx_word' id='word_1_415' title='bbox 3057 2977 3308 3033; x_wconf 89' lang='lat' dir='ltr'>regnum</span> <span class='ocrx_word' id='word_1_416' title='bbox 3342 2960 3603 3016; x_wconf 85' lang='lat' dir='ltr'>Lotharii</span> <span class='ocrx_word' id='word_1_417' title='bbox 3635 2978 3737 3034; x_wconf 88' lang='lat' dir='ltr'>ap-</span> 
     </span>
    </p>
   </div>
   <div class='ocr_carea' id='block_1_62' title="bbox 2072 3046 3740 3120">
    <p class='ocr_par' dir='ltr' id='par_1_62' title="bbox 2072 3046 3740 3120">
     <span class='ocr_line' id='line_1_62' title="bbox 2072 3046 3740 3120; baseline 0.002 -18"><span class='ocrx_word' id='word_1_418' title='bbox 2072 3046 2348 3120; x_wconf 87' lang='lat' dir='ltr'>pellatur.</span> <span class='ocrx_word' id='word_1_419' title='bbox 2383 3047 2513 3119; x_wconf 88' lang='lat' dir='ltr'>Ipse</span> <span class='ocrx_word' id='word_1_420' title='bbox 2543 3064 2660 3103; x_wconf 90' lang='lat' dir='ltr'>non</span> <span class='ocrx_word' id='word_1_421' title='bbox 2703 3047 2890 3103; x_wconf 87' lang='lat' dir='ltr'>multo</span> <span class='ocrx_word' id='word_1_422' title='bbox 2930 3053 3065 3120; x_wconf 90' lang='lat' dir='ltr'>post</span> <span class='ocrx_word' id='word_1_423' title='bbox 3094 3048 3292 3104; x_wconf 78' lang='lat' dir='ltr'>cuncti</span> <span class='ocrx_word' id='word_1_424' title='bbox 3331 3047 3529 3105; x_wconf 82' lang='lat' dir='ltr'>saeculi</span> <span class='ocrx_word' id='word_1_425' title='bbox 3559 3050 3740 3105; x_wconf 84' lang='lat' dir='ltr'>rebus</span> 
     </span>
    </p>
   </div>
   <div class='ocr_carea' id='block_1_63' title="bbox 2071 3134 3740 3206">
    <p class='ocr_par' dir='ltr' id='par_1_63' title="bbox 2071 3134 3740 3206">
     <span class='ocr_line' id='line_1_63' title="bbox 2071 3134 3740 3206; baseline 0.002 -17"><span class='ocrx_word' id='word_1_426' title='bbox 2071 3138 2280 3206; x_wconf 89' lang='lat' dir='ltr'>sponte</span> <span class='ocrx_word' id='word_1_427' title='bbox 2310 3134 2575 3204; x_wconf 90' lang='lat' dir='ltr'>abjectis,</span> <span class='ocrx_word' id='word_1_428' title='bbox 2600 3135 2959 3192; x_wconf 89' lang='lat' dir='ltr'>monachum</span> <span class='ocrx_word' id='word_1_429' title='bbox 3003 3135 3063 3191; x_wconf 90' lang='lat' dir='ltr'>in</span> <span class='ocrx_word' id='word_1_430' title='bbox 3115 3136 3351 3191; x_wconf 89' lang='lat' dir='ltr'>Prumia</span> <span class='ocrx_word' id='word_1_431' title='bbox 3381 3138 3740 3193; x_wconf 87' lang='lat' dir='ltr'>monasterio</span> 
     </span>
    </p>
   </div>
   <div class='ocr_carea' id='block_1_64' title="bbox 2072 3221 3741 3297">
    <p class='ocr_par' dir='ltr' id='par_1_64' title="bbox 2072 3221 3741 3297">
     <span class='ocr_line' id='line_1_64' title="bbox 2072 3221 3741 3297; baseline 0.003 -20"><span class='ocrx_word' id='word_1_432' title='bbox 2072 3221 2628 3295; x_wconf 85' lang='lat' dir='ltr'>professus,ibidem</span> <span class='ocrx_word' id='word_1_433' title='bbox 2658 3221 3013 3293; x_wconf 91' lang='lat' dir='ltr'>quievit,ubi</span> <span class='ocrx_word' id='word_1_434' title='bbox 3045 3228 3102 3279; x_wconf 90' lang='lat' dir='ltr'>et</span> <span class='ocrx_word' id='word_1_435' title='bbox 3133 3224 3472 3296; x_wconf 89' lang='lat' dir='ltr'>sepulcrum</span> <span class='ocrx_word' id='word_1_436' title='bbox 3494 3227 3633 3297; x_wconf 87' lang='lat' dir='ltr'>ejus</span> <span class='ocrx_word' id='word_1_437' title='bbox 3651 3243 3741 3281; x_wconf 81' lang='lat' dir='ltr'>ce-</span> 
     </span>
    </p>
   </div>
   <div class='ocr_carea' id='block_1_65' title="bbox 2072 3310 3741 3388">
    <p class='ocr_par' dir='ltr' id='par_1_65' title="bbox 2072 3310 3741 3388">
     <span class='ocr_line' id='line_1_65' title="bbox 2072 3310 3741 3388; baseline 0.002 -22"><span class='ocrx_word' id='word_1_438' title='bbox 2072 3311 2229 3366; x_wconf 92' lang='lat' dir='ltr'>lebre</span> <span class='ocrx_word' id='word_1_439' title='bbox 2264 3326 2453 3381; x_wconf 89' lang='lat' dir='ltr'>usque</span> <span class='ocrx_word' id='word_1_440' title='bbox 2483 3310 2751 3366; x_wconf 89' lang='lat' dir='ltr'>habetur.</span> <span class='ocrx_word' id='word_1_441' title='bbox 2768 3311 3068 3367; x_wconf 87' lang='lat' dir='ltr'>Successit</span> <span class='ocrx_word' id='word_1_442' title='bbox 3085 3312 3275 3367; x_wconf 90' lang='lat' dir='ltr'>eidem</span> <span class='ocrx_word' id='word_1_443' title='bbox 3300 3313 3458 3370; x_wconf 78' lang='lat' dir='ltr'>filius</span> <span class='ocrx_word' id='word_1_444' title='bbox 3481 3318 3541 3370; x_wconf 92' lang='lat' dir='ltr'>et</span> <span class='ocrx_word' id='word_1_445' title='bbox 3557 3315 3741 3388; x_wconf 78' lang='lat' dir='ltr'>aequi-</span> 
     </span>
    </p>
   </div>
   <div class='ocr_carea' id='block_1_66' title="bbox 311 3389 3742 3470">
    <p class='ocr_par' dir='ltr' id='par_1_66' title="bbox 311 3389 3742 3470">
     <span class='ocr_line' id='line_1_66' title="bbox 311 3389 3742 3470; baseline 0.002 -16"><span class='ocrx_word' id='word_1_446' title='bbox 311 3416 482 3466; x_wconf 86' lang='lat' dir='ltr'>caeca,</span> <span class='ocrx_word' id='word_1_447' title='bbox 516 3398 588 3452; x_wconf 91' lang='lat' dir='ltr'>de</span> <span class='ocrx_word' id='word_1_448' title='bbox 614 3396 752 3452; x_wconf 91' lang='lat' dir='ltr'>villa</span> <span class='ocrx_word' id='word_1_449' title='bbox 781 3397 1151 3464; x_wconf 89' lang='lat' dir='ltr'>Areuntiaco,</span> <span class='ocrx_word' id='word_1_450' title='bbox 1171 3394 1368 3467; x_wconf 89' lang='lat' dir='ltr'>aliquo</span> <span class='ocrx_word' id='word_1_451' title='bbox 1401 3399 1663 3467; x_wconf 86' lang='lat' dir='ltr'>tempore</span> <span class='ocrx_word' id='word_1_452' title='bbox 1691 3396 1764 3450; x_wconf 91' lang='lat' dir='ltr'>ad</span> <span class='ocrx_word' id='word_1_453' title='bbox 1797 3412 1964 3452; x_wconf 90' lang='lat' dir='ltr'>sanc-</span> <span class='ocrx_word' id='word_1_454' title='bbox 1996 3389 2039 3455; x_wconf 85' lang='lat' dir='ltr'>C</span> <span class='ocrx_word' id='word_1_455' title='bbox 2077 3414 2255 3454; x_wconf 90' lang='lat' dir='ltr'>vocus</span> <span class='ocrx_word' id='word_1_456' title='bbox 2289 3396 2383 3453; x_wconf 91' lang='lat' dir='ltr'>hic</span> <span class='ocrx_word' id='word_1_457' title='bbox 2405 3397 2610 3469; x_wconf 91' lang='lat' dir='ltr'>junior</span> <span class='ocrx_word' id='word_1_458' title='bbox 2641 3398 2975 3464; x_wconf 87' lang='lat' dir='ltr'>Lotharius,</span> <span class='ocrx_word' id='word_1_459' title='bbox 3007 3400 3078 3454; x_wconf 90' lang='lat' dir='ltr'>de</span> <span class='ocrx_word' id='word_1_460' title='bbox 3111 3416 3226 3470; x_wconf 90' lang='lat' dir='ltr'>quo</span> <span class='ocrx_word' id='word_1_461' title='bbox 3260 3400 3424 3455; x_wconf 81' lang='lat' dir='ltr'>fama</span> <span class='ocrx_word' id='word_1_462' title='bbox 3456 3403 3611 3459; x_wconf 86' lang='lat' dir='ltr'>satis</span> <span class='ocrx_word' id='word_1_463' title='bbox 3643 3405 3742 3460; x_wconf 91' lang='lat' dir='ltr'>do-</span> 
     </span>
    </p>
   </div>
   <div class='ocr_carea' id='block_1_67' title="bbox 302 3482 1959 3557">
    <p class='ocr_par' dir='ltr' id='par_1_67' title="bbox 302 3482 1959 3557">
     <span class='ocr_line' id='line_1_67' title="bbox 302 3482 1959 3557; baseline 0.001 -17"><span class='ocrx_word' id='word_1_464' title='bbox 302 3492 437 3541; x_wconf 31' lang='lat' dir='ltr'>:tum</span> <span class='ocrx_word' id='word_1_465' title='bbox 472 3485 811 3557; x_wconf 89' lang='lat' dir='ltr'>sepulcrum</span> <span class='ocrx_word' id='word_1_466' title='bbox 843 3501 979 3540; x_wconf 90' lang='lat' dir='ltr'>cum</span> <span class='ocrx_word' id='word_1_467' title='bbox 1010 3482 1264 3539; x_wconf 82' lang='lat' dir='ltr'>inﬁrmis</span> <span class='ocrx_word' id='word_1_468' title='bbox 1285 3483 1507 3538; x_wconf 85' lang='lat' dir='ltr'>caeteris</span> <span class='ocrx_word' id='word_1_469' title='bbox 1526 3483 1821 3540; x_wconf 81' lang='lat' dir='ltr'>excubans</span> <span class='ocrx_word' id='word_1_470' title='bbox 1844 3501 1959 3541; x_wconf 91' lang='lat' dir='ltr'>non</span> 
     </span>
    </p>
   </div>
   <div class='ocr_carea' id='block_1_68' title="bbox 313 3570 1961 3647">
    <p class='ocr_par' dir='ltr' id='par_1_68' title="bbox 313 3570 1961 3647">
     <span class='ocr_line' id='line_1_68' title="bbox 313 3570 1961 3647; baseline -0.001 -17"><span class='ocrx_word' id='word_1_471' title='bbox 313 3578 443 3647; x_wconf 91' lang='lat' dir='ltr'>post</span> <span class='ocrx_word' id='word_1_472' title='bbox 472 3573 727 3629; x_wconf 90' lang='lat' dir='ltr'>multum</span> <span class='ocrx_word' id='word_1_473' title='bbox 759 3573 1041 3645; x_wconf 91' lang='lat' dir='ltr'>temporis</span> <span class='ocrx_word' id='word_1_474' title='bbox 1071 3571 1202 3627; x_wconf 90' lang='lat' dir='ltr'>lucc</span> <span class='ocrx_word' id='word_1_475' title='bbox 1234 3573 1451 3627; x_wconf 89' lang='lat' dir='ltr'>donata</span> <span class='ocrx_word' id='word_1_476' title='bbox 1469 3575 1576 3627; x_wconf 90' lang='lat' dir='ltr'>est.</span> <span class='ocrx_word' id='word_1_477' title='bbox 1596 3570 1876 3628; x_wconf 90' lang='lat' dir='ltr'>Similiter</span> <span class='ocrx_word' id='word_1_478' title='bbox 1905 3579 1961 3629; x_wconf 89' lang='lat' dir='ltr'>et</span> 
     </span>
    </p>
   </div>
   <div class='ocr_carea' id='block_1_69' title="bbox 311 3659 1960 3733">
    <p class='ocr_par' dir='ltr' id='par_1_69' title="bbox 311 3659 1960 3733">
     <span class='ocr_line' id='line_1_69' title="bbox 311 3659 1960 3733; baseline -0.001 -13"><span class='ocrx_word' id='word_1_479' title='bbox 311 3664 436 3720; x_wconf 84' lang='lat' dir='ltr'>aliae</span> <span class='ocrx_word' id='word_1_480' title='bbox 468 3664 596 3718; x_wconf 87' lang='lat' dir='ltr'>duae</span> <span class='ocrx_word' id='word_1_481' title='bbox 627 3662 882 3719; x_wconf 77' lang='lat' dir='ltr'>caecitate</span> <span class='ocrx_word' id='word_1_482' title='bbox 903 3664 1193 3717; x_wconf 87' lang='lat' dir='ltr'>damnatae</span> <span class='ocrx_word' id='word_1_483' title='bbox 1224 3660 1474 3733; x_wconf 88' lang='lat' dir='ltr'>gratiam</span> <span class='ocrx_word' id='word_1_484' title='bbox 1508 3659 1608 3715; x_wconf 92' lang='lat' dir='ltr'>diu</span> <span class='ocrx_word' id='word_1_485' title='bbox 1638 3661 1841 3718; x_wconf 90' lang='lat' dir='ltr'>amissi</span> <span class='ocrx_word' id='word_1_486' title='bbox 1872 3662 1960 3718; x_wconf 92' lang='lat' dir='ltr'>lu-</span> 
     </span>
    </p>
   </div>
   <div class='ocr_carea' id='block_1_70' title="bbox 312 3750 1583 3825">
    <p class='ocr_par' dir='ltr' id='par_1_70' title="bbox 312 3750 1583 3825">
     <span class='ocr_line' id='line_1_70' title="bbox 312 3750 1583 3825; baseline -0.003 -17"><span class='ocrx_word' id='word_1_487' title='bbox 312 3753 490 3809; x_wconf 88' lang='lat' dir='ltr'>minis</span> <span class='ocrx_word' id='word_1_488' title='bbox 524 3771 626 3825; x_wconf 91' lang='lat' dir='ltr'>per</span> <span class='ocrx_word' id='word_1_489' title='bbox 650 3754 879 3808; x_wconf 90' lang='lat' dir='ltr'>beatam</span> <span class='ocrx_word' id='word_1_490' title='bbox 911 3750 1197 3823; x_wconf 87' lang='lat' dir='ltr'>virginem</span> <span class='ocrx_word' id='word_1_491' title='bbox 1222 3754 1583 3823; x_wconf 90' lang='lat' dir='ltr'>receperunt.</span> 
     </span>
    </p>
   </div>
   <div class='ocr_carea' id='block_1_71' title="bbox 379 3840 1961 3916">
    <p class='ocr_par' dir='ltr' id='par_1_71' title="bbox 379 3840 1961 3916">
     <span class='ocr_line' id='line_1_71' title="bbox 379 3840 1961 3916; baseline -0.001 -18"><span class='ocrx_word' id='word_1_492' title='bbox 379 3846 471 3898; x_wconf 85' lang='lat'>28.</span> <span class='ocrx_word' id='word_1_493' title='bbox 509 3843 692 3899; x_wconf 89' lang='lat' dir='ltr'>Multa</span> <span class='ocrx_word' id='word_1_494' title='bbox 716 3847 926 3916; x_wconf 87' lang='lat' dir='ltr'>praeter</span> <span class='ocrx_word' id='word_1_495' title='bbox 942 3842 1063 3896; x_wconf 80' lang='lat' dir='ltr'>haec</span> <span class='ocrx_word' id='word_1_496' title='bbox 1087 3844 1144 3896; x_wconf 93' lang='lat' dir='ltr'>et</span> <span class='ocrx_word' id='word_1_497' title='bbox 1164 3858 1310 3913; x_wconf 89' lang='lat' dir='ltr'>pene</span> <span class='ocrx_word' id='word_1_498' title='bbox 1332 3840 1785 3896; x_wconf 87' lang='lat' dir='ltr'>innumerabilia</span> <span class='ocrx_word' id='word_1_499' title='bbox 1806 3842 1961 3914; x_wconf 91' lang='lat' dir='ltr'>apud</span> 
     </span>
    </p>
   </div>
   <div class='ocr_carea' id='block_1_72' title="bbox 310 3928 1965 4005">
    <p class='ocr_par' dir='ltr' id='par_1_72' title="bbox 310 3928 1965 4005">
     <span class='ocr_line' id='line_1_72' title="bbox 310 3928 1965 4005; baseline -0.002 -17"><span class='ocrx_word' id='word_1_500' title='bbox 310 3934 442 4004; x_wconf 91' lang='lat' dir='ltr'>ejus</span> <span class='ocrx_word' id='word_1_501' title='bbox 491 3936 770 4005; x_wconf 89' lang='lat' dir='ltr'>perpetua</span> <span class='ocrx_word' id='word_1_502' title='bbox 818 3930 1150 4003; x_wconf 87' lang='lat' dir='ltr'>virginitate</span> <span class='ocrx_word' id='word_1_503' title='bbox 1202 3928 1609 3986; x_wconf 90' lang='lat' dir='ltr'>beatissimum</span> <span class='ocrx_word' id='word_1_504' title='bbox 1653 3947 1866 4003; x_wconf 90' lang='lat' dir='ltr'>corpus</span> <span class='ocrx_word' id='word_1_505' title='bbox 1894 3948 1965 3987; x_wconf 79' lang='lat' dir='ltr'>ex</span> 
     </span>
    </p>
   </div>
   <div class='ocr_carea' id='block_1_73' title="bbox 309 4019 1964 4095">
    <p class='ocr_par' dir='ltr' id='par_1_73' title="bbox 309 4019 1964 4095">
     <span class='ocr_line' id='line_1_73' title="bbox 309 4019 1964 4095; baseline 0 -18"><span class='ocrx_word' id='word_1_506' title='bbox 309 4028 571 4095; x_wconf 90' lang='lat' dir='ltr'>tempore</span> <span class='ocrx_word' id='word_1_507' title='bbox 598 4021 900 4078; x_wconf 87' lang='lat' dir='ltr'>memorati</span> <span class='ocrx_word' id='word_1_508' title='bbox 919 4020 1204 4093; x_wconf 89' lang='lat' dir='ltr'>Drogonis</span> <span class='ocrx_word' id='word_1_509' title='bbox 1221 4019 1642 4092; x_wconf 88' lang='lat' dir='ltr'>archiepiscopi</span> <span class='ocrx_word' id='word_1_510' title='bbox 1661 4038 1764 4092; x_wconf 92' lang='lat' dir='ltr'>per</span> <span class='ocrx_word' id='word_1_511' title='bbox 1777 4038 1964 4077; x_wconf 90' lang='lat' dir='ltr'>annos</span> 
     </span>
    </p>
   </div>
   <div class='ocr_carea' id='block_1_74' title="bbox 311 4109 1967 4183">
    <p class='ocr_par' dir='ltr' id='par_1_74' title="bbox 311 4109 1967 4183">
     <span class='ocr_line' id='line_1_74' title="bbox 311 4109 1967 4183; baseline 0 -17"><span class='ocrx_word' id='word_1_512' title='bbox 311 4111 541 4167; x_wconf 87' lang='lat' dir='ltr'>circiter</span> <span class='ocrx_word' id='word_1_513' title='bbox 555 4110 858 4183; x_wconf 84' lang='lat' dir='ltr'>sexaginta</span> <span class='ocrx_word' id='word_1_514' title='bbox 877 4110 988 4165; x_wconf 89' lang='lat' dir='ltr'>sub</span> <span class='ocrx_word' id='word_1_515' title='bbox 1010 4109 1325 4181; x_wconf 80' lang='lat' dir='ltr'>praesulatu</span> <span class='ocrx_word' id='word_1_516' title='bbox 1345 4109 1610 4165; x_wconf 88' lang='lat' dir='ltr'>Adventii</span> <span class='ocrx_word' id='word_1_517' title='bbox 1632 4110 1821 4166; x_wconf 89' lang='lat' dir='ltr'>eidem</span> <span class='ocrx_word' id='word_1_518' title='bbox 1839 4128 1967 4166; x_wconf 90' lang='lat' dir='ltr'>suc-</span> 
     </span>
    </p>
   </div>
   <div class='ocr_carea' id='block_1_75' title="bbox 311 4198 1968 4272">
    <p class='ocr_par' dir='ltr' id='par_1_75' title="bbox 311 4198 1968 4272">
     <span class='ocr_line' id='line_1_75' title="bbox 311 4198 1968 4272; baseline 0.001 -18"><span class='ocrx_word' id='word_1_519' title='bbox 311 4199 572 4255; x_wconf 90' lang='lat' dir='ltr'>ccdentis</span> <span class='ocrx_word' id='word_1_520' title='bbox 604 4198 1326 4272; x_wconf 88' lang='lat' dir='ltr'>episc0pi,imperantibus</span> <span class='ocrx_word' id='word_1_521' title='bbox 1350 4198 1622 4255; x_wconf 82' lang='lat' dir='ltr'>Lothario</span> <span class='ocrx_word' id='word_1_522' title='bbox 1646 4198 1894 4268; x_wconf 90' lang='lat' dir='ltr'>seniore,</span> <span class='ocrx_word' id='word_1_523' title='bbox 1911 4203 1968 4255; x_wconf 91' lang='lat' dir='ltr'>et</span> 
     </span>
    </p>
   </div>
   <div class='ocr_carea' id='block_1_76' title="bbox 312 4287 1962 4360">
    <p class='ocr_par' dir='ltr' id='par_1_76' title="bbox 312 4287 1962 4360">
     <span class='ocr_line' id='line_1_76' title="bbox 312 4287 1962 4360; baseline 0.001 -17"><span class='ocrx_word' id='word_1_524' title='bbox 312 4292 445 4360; x_wconf 90' lang='lat' dir='ltr'>post</span> <span class='ocrx_word' id='word_1_525' title='bbox 473 4305 610 4344; x_wconf 91' lang='lat' dir='ltr'>eum</span> <span class='ocrx_word' id='word_1_526' title='bbox 640 4287 913 4344; x_wconf 89' lang='lat' dir='ltr'>Lothario</span> <span class='ocrx_word' id='word_1_527' title='bbox 937 4288 1194 4359; x_wconf 87' lang='lat' dir='ltr'>juniore,</span> <span class='ocrx_word' id='word_1_528' title='bbox 1222 4291 1361 4344; x_wconf 91' lang='lat' dir='ltr'>sunt</span> <span class='ocrx_word' id='word_1_529' title='bbox 1390 4292 1627 4344; x_wconf 88' lang='lat' dir='ltr'>ostensa</span> <span class='ocrx_word' id='word_1_530' title='bbox 1657 4288 1962 4357; x_wconf 89' lang='lat' dir='ltr'>miracula,</span> 
     </span>
    </p>
   </div>
   <div class='ocr_carea' id='block_1_77' title="bbox 313 4376 1965 4450">
    <p class='ocr_par' dir='ltr' id='par_1_77' title="bbox 313 4376 1965 4450">
     <span class='ocr_line' id='line_1_77' title="bbox 313 4376 1965 4450; baseline 0.001 -18"><span class='ocrx_word' id='word_1_531' title='bbox 313 4393 501 4449; x_wconf 89' lang='lat' dir='ltr'>usque</span> <span class='ocrx_word' id='word_1_532' title='bbox 531 4378 602 4432; x_wconf 91' lang='lat' dir='ltr'>ad</span> <span class='ocrx_word' id='word_1_533' title='bbox 634 4380 901 4450; x_wconf 89' lang='lat' dir='ltr'>tempora</span> <span class='ocrx_word' id='word_1_534' title='bbox 948 4377 1230 4447; x_wconf 90' lang='lat' dir='ltr'>Walonis,</span> <span class='ocrx_word' id='word_1_535' title='bbox 1253 4376 1354 4449; x_wconf 89' lang='lat' dir='ltr'>qui</span> <span class='ocrx_word' id='word_1_536' title='bbox 1405 4378 1642 4449; x_wconf 85' lang='lat' dir='ltr'>praefato</span> <span class='ocrx_word' id='word_1_537' title='bbox 1684 4379 1965 4435; x_wconf 84' lang='lat' dir='ltr'>Adventio</span> 
     </span>
    </p>
   </div>
   <div class='ocr_carea' id='block_1_78' title="bbox 312 4466 1969 4540">
    <p class='ocr_par' dir='ltr' id='par_1_78' title="bbox 312 4466 1969 4540">
     <span class='ocr_line' id='line_1_78' title="bbox 312 4466 1969 4540; baseline 0 -17"><span class='ocrx_word' id='word_1_538' title='bbox 312 4467 615 4535; x_wconf 90' lang='lat' dir='ltr'>successit,</span> <span class='ocrx_word' id='word_1_539' title='bbox 638 4484 767 4540; x_wconf 83' lang='lat' dir='ltr'>quae</span> <span class='ocrx_word' id='word_1_540' title='bbox 817 4483 886 4523; x_wconf 84' lang='lat' dir='ltr'>ex</span> <span class='ocrx_word' id='word_1_541' title='bbox 932 4466 1160 4524; x_wconf 89' lang='lat' dir='ltr'>incuria</span> <span class='ocrx_word' id='word_1_542' title='bbox 1208 4466 1424 4539; x_wconf 91' lang='lat' dir='ltr'>scripto</span> <span class='ocrx_word' id='word_1_543' title='bbox 1470 4484 1587 4523; x_wconf 91' lang='lat' dir='ltr'>non</span> <span class='ocrx_word' id='word_1_544' title='bbox 1635 4470 1776 4523; x_wconf 90' lang='lat' dir='ltr'>sunt</span> <span class='ocrx_word' id='word_1_545' title='bbox 1816 4484 1969 4523; x_wconf 89' lang='lat' dir='ltr'>com-</span> 
     </span>
    </p>
   </div>
   <div class='ocr_carea' id='block_1_79' title="bbox 313 4553 1969 4627">
    <p class='ocr_par' dir='ltr' id='par_1_79' title="bbox 313 4553 1969 4627">
     <span class='ocr_line' id='line_1_79' title="bbox 313 4553 1969 4627; baseline 0 -17"><span class='ocrx_word' id='word_1_546' title='bbox 313 4555 606 4611; x_wconf 90' lang='lat' dir='ltr'>mendata.</span> <span class='ocrx_word' id='word_1_547' title='bbox 623 4557 759 4622; x_wconf 82' lang='lat' dir='ltr'>Quae</span> <span class='ocrx_word' id='word_1_548' title='bbox 777 4570 912 4611; x_wconf 92' lang='lat' dir='ltr'>vero</span> <span class='ocrx_word' id='word_1_549' title='bbox 935 4554 1045 4610; x_wconf 91' lang='lat' dir='ltr'>sub</span> <span class='ocrx_word' id='word_1_550' title='bbox 1066 4553 1194 4627; x_wconf 91' lang='lat' dir='ltr'>ipso</span> <span class='ocrx_word' id='word_1_551' title='bbox 1233 4553 1493 4623; x_wconf 90' lang='lat' dir='ltr'>Walone,</span> <span class='ocrx_word' id='word_1_552' title='bbox 1509 4554 1597 4611; x_wconf 90' lang='lat' dir='ltr'>vel</span> <span class='ocrx_word' id='word_1_553' title='bbox 1626 4572 1969 4612; x_wconf 89' lang='lat' dir='ltr'>successore</span> 
     </span>
    </p>
   </div>
   <div class='ocr_carea' id='block_1_80' title="bbox 312 4644 1971 4717">
    <p class='ocr_par' dir='ltr' id='par_1_80' title="bbox 312 4644 1971 4717">
     <span class='ocr_line' id='line_1_80' title="bbox 312 4644 1971 4717; baseline 0.001 -19"><span class='ocrx_word' id='word_1_554' title='bbox 312 4644 507 4716; x_wconf 88' lang='lat' dir='ltr'>ipsius</span> <span class='ocrx_word' id='word_1_555' title='bbox 526 4644 823 4713; x_wconf 82' lang='lat' dir='ltr'>Rotberto,</span> <span class='ocrx_word' id='word_1_556' title='bbox 849 4648 989 4700; x_wconf 91' lang='lat' dir='ltr'>sunt</span> <span class='ocrx_word' id='word_1_557' title='bbox 1016 4648 1201 4716; x_wconf 89' lang='lat' dir='ltr'>gesta,</span> <span class='ocrx_word' id='word_1_558' title='bbox 1228 4645 1370 4700; x_wconf 88' lang='lat' dir='ltr'>ordo</span> <span class='ocrx_word' id='word_1_559' title='bbox 1392 4644 1763 4717; x_wconf 89' lang='lat' dir='ltr'>subsequens</span> <span class='ocrx_word' id='word_1_560' title='bbox 1785 4645 1971 4703; x_wconf 91' lang='lat' dir='ltr'>decla-</span> 
     </span>
    </p>
   </div>
   <div class='ocr_carea' id='block_1_81' title="bbox 314 4732 484 4788">
    <p class='ocr_par' dir='ltr' id='par_1_81' title="bbox 314 4732 484 4788">
     <span class='ocr_line' id='line_1_81' title="bbox 314 4732 484 4788; baseline 0 -1"><span class='ocrx_word' id='word_1_561' title='bbox 314 4732 484 4788; x_wconf 88' lang='lat' dir='ltr'>rabit.</span> 
     </span>
    </p>
   </div>
   <div class='ocr_carea' id='block_1_82' title="bbox 382 4822 1965 4895">
    <p class='ocr_par' dir='ltr' id='par_1_82' title="bbox 382 4822 1965 4895">
     <span class='ocr_line' id='line_1_82' title="bbox 382 4822 1965 4895; baseline 0.002 -18"><span class='ocrx_word' id='word_1_562' title='bbox 382 4822 473 4877; x_wconf 86' lang='lat'>29.</span> <span class='ocrx_word' id='word_1_563' title='bbox 506 4823 836 4895; x_wconf 85' lang='lat' dir='ltr'>Antequam</span> <span class='ocrx_word' id='word_1_564' title='bbox 868 4822 938 4877; x_wconf 91' lang='lat' dir='ltr'>ad</span> <span class='ocrx_word' id='word_1_565' title='bbox 975 4822 1203 4894; x_wconf 90' lang='lat' dir='ltr'>reliqua</span> <span class='ocrx_word' id='word_1_566' title='bbox 1243 4822 1708 4895; x_wconf 87' lang='lat' dir='ltr'>progrediamur,</span> <span class='ocrx_word' id='word_1_567' title='bbox 1730 4824 1965 4895; x_wconf 90' lang='lat' dir='ltr'>quando</span> 
     </span>
    </p>
   </div>
   <div class='ocr_carea' id='block_1_83' title="bbox 314 4907 1969 4984">
    <p class='ocr_par' dir='ltr' id='par_1_83' title="bbox 314 4907 1969 4984">
     <span class='ocr_line' id='line_1_83' title="bbox 314 4907 1969 4984; baseline 0.003 -21"><span class='ocrx_word' id='word_1_568' title='bbox 314 4925 406 4964; x_wconf 88' lang='lat' dir='ltr'>res</span> <span class='ocrx_word' id='word_1_569' title='bbox 434 4907 519 4962; x_wconf 89' lang='lat' dir='ltr'>ita</span> <span class='ocrx_word' id='word_1_570' title='bbox 546 4914 764 4977; x_wconf 88' lang='lat' dir='ltr'>monet,</span> <span class='ocrx_word' id='word_1_571' title='bbox 788 4914 845 4964; x_wconf 89' lang='lat' dir='ltr'>et</span> <span class='ocrx_word' id='word_1_572' title='bbox 875 4927 935 4965; x_wconf 90' lang='lat' dir='ltr'>se</span> <span class='ocrx_word' id='word_1_573' title='bbox 966 4911 1193 4967; x_wconf 87' lang='lat' dir='ltr'>occasio</span> <span class='ocrx_word' id='word_1_574' title='bbox 1225 4911 1473 4984; x_wconf 84' lang='lat' dir='ltr'>praebuit</span> <span class='ocrx_word' id='word_1_575' title='bbox 1512 4913 1584 4968; x_wconf 91' lang='lat' dir='ltr'>de</span> <span class='ocrx_word' id='word_1_576' title='bbox 1627 4911 1969 4968; x_wconf 87' lang='lat' dir='ltr'>memoratis</span> 
     </span>
    </p>
   </div>
   <div class='ocr_carea' id='block_1_84' title="bbox 314 4996 1968 5075">
    <p class='ocr_par' dir='ltr' id='par_1_84' title="bbox 314 4996 1968 5075">
     <span class='ocr_line' id='line_1_84' title="bbox 314 4996 1968 5075; baseline 0.004 -25"><span class='ocrx_word' id='word_1_577' title='bbox 314 4996 522 5068; x_wconf 89' lang='lat' dir='ltr'>primis</span> <span class='ocrx_word' id='word_1_578' title='bbox 543 4998 773 5053; x_wconf 89' lang='lat' dir='ltr'>duobus</span> <span class='ocrx_word' id='word_1_579' title='bbox 791 5015 853 5054; x_wconf 91' lang='lat' dir='ltr'>se</span> <span class='ocrx_word' id='word_1_580' title='bbox 869 4999 1118 5055; x_wconf 89' lang='lat' dir='ltr'>subinde</span> <span class='ocrx_word' id='word_1_581' title='bbox 1139 5001 1636 5073; x_wconf 85' lang='lat' dir='ltr'>consequentibus</span> <span class='ocrx_word' id='word_1_582' title='bbox 1657 5000 1968 5075; x_wconf 88' lang='lat' dir='ltr'>episcopis,</span> 
     </span>
    </p>
   </div>
   <div class='ocr_carea' id='block_1_85' title="bbox 315 5084 1973 5163">
    <p class='ocr_par' dir='ltr' id='par_1_85' title="bbox 315 5084 1973 5163">
     <span class='ocr_line' id='line_1_85' title="bbox 315 5084 1973 5163; baseline 0.004 -25"><span class='ocrx_word' id='word_1_583' title='bbox 315 5084 415 5139; x_wconf 90' lang='lat' dir='ltr'>sed</span> <span class='ocrx_word' id='word_1_584' title='bbox 436 5088 494 5139; x_wconf 90' lang='lat' dir='ltr'>et</span> <span class='ocrx_word' id='word_1_585' title='bbox 514 5084 584 5139; x_wconf 91' lang='lat' dir='ltr'>de</span> <span class='ocrx_word' id='word_1_586' title='bbox 606 5090 760 5142; x_wconf 88' lang='lat' dir='ltr'>statu</span> <span class='ocrx_word' id='word_1_587' title='bbox 782 5092 1116 5159; x_wconf 88' lang='lat' dir='ltr'>temporum</span> <span class='ocrx_word' id='word_1_588' title='bbox 1138 5087 1337 5160; x_wconf 90' lang='lat' dir='ltr'>aliqua</span> <span class='ocrx_word' id='word_1_589' title='bbox 1358 5089 1607 5163; x_wconf 79' lang='lat' dir='ltr'>breviter</span> <span class='ocrx_word' id='word_1_590' title='bbox 1638 5091 1973 5146; x_wconf 87' lang='lat' dir='ltr'>adnotanda</span> 
     </span>
    </p>
   </div>
   <div class='ocr_carea' id='block_1_86' title="bbox 317 5171 1967 5251">
    <p class='ocr_par' dir='ltr' id='par_1_86' title="bbox 317 5171 1967 5251">
     <span class='ocr_line' id='line_1_86' title="bbox 317 5171 1967 5251; baseline 0.004 -24"><span class='ocrx_word' id='word_1_591' title='bbox 317 5171 673 5244; x_wconf 87' lang='lat' dir='ltr'>putavimus,</span> <span class='ocrx_word' id='word_1_592' title='bbox 692 5191 760 5230; x_wconf 91' lang='lat' dir='ltr'>ea</span> <span class='ocrx_word' id='word_1_593' title='bbox 780 5174 1071 5247; x_wconf 88' lang='lat' dir='ltr'>praecipue</span> <span class='ocrx_word' id='word_1_594' title='bbox 1088 5192 1287 5246; x_wconf 87' lang='lat' dir='ltr'>causa,</span> <span class='ocrx_word' id='word_1_595' title='bbox 1304 5180 1461 5250; x_wconf 88' lang='lat' dir='ltr'>quod</span> <span class='ocrx_word' id='word_1_596' title='bbox 1485 5178 1729 5235; x_wconf 86' lang='lat' dir='ltr'>alterius</span> <span class='ocrx_word' id='word_1_597' title='bbox 1743 5196 1944 5235; x_wconf 89' lang='lat' dir='ltr'>eorum</span> <span class='ocrx_word' id='word_1_598' title='bbox 1953 5221 1967 5251; x_wconf 90' lang='lat'>,</span> 
     </span>
    </p>
   </div>
   <div class='ocr_carea' id='block_1_87' title="bbox 316 5257 1973 5341">
    <p class='ocr_par' dir='ltr' id='par_1_87' title="bbox 316 5257 1973 5341">
     <span class='ocr_line' id='line_1_87' title="bbox 316 5257 1973 5341; baseline 0.007 -26"><span class='ocrx_word' id='word_1_599' title='bbox 316 5261 374 5316; x_wconf 90' lang='lat' dir='ltr'>id</span> <span class='ocrx_word' id='word_1_600' title='bbox 398 5264 505 5329; x_wconf 88' lang='lat' dir='ltr'>est,</span> <span class='ocrx_word' id='word_1_601' title='bbox 520 5262 807 5332; x_wconf 86' lang='lat' dir='ltr'>Adventii,</span> <span class='ocrx_word' id='word_1_602' title='bbox 829 5265 1217 5337; x_wconf 84' lang='lat' dir='ltr'>temporibus,</span> <span class='ocrx_word' id='word_1_603' title='bbox 1234 5257 1590 5324; x_wconf 61' lang='lat' dir='ltr'>monasterio</span> <span class='ocrx_word' id='word_1_604' title='bbox 1611 5267 1794 5341; x_wconf 87' lang='lat' dir='ltr'>hujus</span> <span class='ocrx_word' id='word_1_605' title='bbox 1811 5285 1973 5326; x_wconf 88' lang='lat' dir='ltr'>sanc-</span> 
     </span>
    </p>
   </div>
   <div class='ocr_carea' id='block_1_88' title="bbox 318 5348 1973 5425">
    <p class='ocr_par' dir='ltr' id='par_1_88' title="bbox 318 5348 1973 5425">
     <span class='ocr_line' id='line_1_88' title="bbox 318 5348 1973 5425; baseline 0.005 -19"><span class='ocrx_word' id='word_1_606' title='bbox 318 5355 410 5417; x_wconf 88' lang='lat' dir='ltr'>tae,</span> <span class='ocrx_word' id='word_1_607' title='bbox 425 5348 670 5423; x_wconf 85' lang='lat' dir='ltr'>virginis</span> <span class='ocrx_word' id='word_1_608' title='bbox 705 5351 961 5424; x_wconf 88' lang='lat' dir='ltr'>plurima</span> <span class='ocrx_word' id='word_1_609' title='bbox 978 5352 1156 5425; x_wconf 86' lang='lat' dir='ltr'>regali</span> <span class='ocrx_word' id='word_1_610' title='bbox 1174 5355 1580 5412; x_wconf 79' lang='lat' dir='ltr'>munificentia</span> <span class='ocrx_word' id='word_1_611' title='bbox 1600 5362 1741 5414; x_wconf 88' lang='lat' dir='ltr'>sunt</span> <span class='ocrx_word' id='word_1_612' title='bbox 1761 5357 1973 5415; x_wconf 89' lang='lat' dir='ltr'>collata</span> 
     </span>
    </p>
   </div>
   <div class='ocr_carea' id='block_1_89' title="bbox 319 5437 1973 5512">
    <p class='ocr_par' dir='ltr' id='par_1_89' title="bbox 319 5437 1973 5512">
     <span class='ocr_line' id='line_1_89' title="bbox 319 5437 1973 5512; baseline 0.01 -18"><span class='ocrx_word' id='word_1_613' title='bbox 319 5437 620 5508; x_wconf 81' lang='lat' dir='ltr'>beneficia,</span> <span class='ocrx_word' id='word_1_614' title='bbox 657 5439 927 5512; x_wconf 84' lang='lat' dir='ltr'>regisque</span> <span class='ocrx_word' id='word_1_615' title='bbox 960 5439 1218 5497; x_wconf 89' lang='lat' dir='ltr'>Lotharii</span> <span class='ocrx_word' id='word_1_616' title='bbox 1261 5443 1525 5501; x_wconf 86' lang='lat' dir='ltr'>Junioris</span> <span class='ocrx_word' id='word_1_617' title='bbox 1570 5444 1759 5504; x_wconf 87' lang='lat' dir='ltr'>edicta</span> <span class='ocrx_word' id='word_1_618' title='bbox 1802 5451 1973 5509; x_wconf 78' lang='lat' dir='ltr'>testa-</span> 
     </span>
    </p>
   </div>
   <div class='ocr_carea' id='block_1_90' title="bbox 391 5599 1970 5675">
    <p class='ocr_par' dir='ltr' id='par_1_90' title="bbox 391 5599 1970 5675">
     <span class='ocr_line' id='line_1_90' title="bbox 391 5599 1970 5675; baseline 0.003 -16"><span class='ocrx_word' id='word_1_619' title='bbox 391 5601 538 5675; x_wconf 86' lang='lat'>(333)</span> <span class='ocrx_word' id='word_1_620' title='bbox 573 5601 633 5659; x_wconf 93' lang='lat' dir='ltr'>Id</span> <span class='ocrx_word' id='word_1_621' title='bbox 664 5607 771 5671; x_wconf 90' lang='lat' dir='ltr'>est,</span> <span class='ocrx_word' id='word_1_622' title='bbox 807 5599 866 5657; x_wconf 90' lang='lat' dir='ltr'>in</span> <span class='ocrx_word' id='word_1_623' title='bbox 900 5619 1037 5675; x_wconf 84' lang='lat' dir='ltr'>agro</span> <span class='ocrx_word' id='word_1_624' title='bbox 1072 5603 1403 5662; x_wconf 90' lang='lat' dir='ltr'>Parisiensi.</span> <span class='ocrx_word' id='word_1_625' title='bbox 1440 5603 1533 5662; x_wconf 90' lang='lat' dir='ltr'>Sic</span> <span class='ocrx_word' id='word_1_626' title='bbox 1566 5610 1787 5663; x_wconf 88' lang='lat' dir='ltr'>veteres</span> <span class='ocrx_word' id='word_1_627' title='bbox 1826 5625 1970 5664; x_wconf 92' lang='lat' dir='ltr'>non-</span> 
     </span>
    </p>
   </div>
   <div class='ocr_carea' id='block_1_91' title="bbox 320 5674 1972 5746">
    <p class='ocr_par' dir='ltr' id='par_1_91' title="bbox 320 5674 1972 5746">
     <span class='ocr_line' id='line_1_91' title="bbox 320 5674 1972 5746; baseline 0.004 -16"><span class='ocrx_word' id='word_1_628' title='bbox 320 5674 625 5746; x_wconf 87' lang='lat' dir='ltr'>nunquam</span> <span class='ocrx_word' id='word_1_629' title='bbox 657 5674 1068 5746; x_wconf 80' lang='lat' dir='ltr'>loquebantur,</span> <span class='ocrx_word' id='word_1_630' title='bbox 1106 5682 1168 5731; x_wconf 92' lang='lat' dir='ltr'>ut</span> <span class='ocrx_word' id='word_1_631' title='bbox 1193 5676 1412 5732; x_wconf 89' lang='lat' dir='ltr'>notavit</span> <span class='ocrx_word' id='word_1_632' title='bbox 1441 5676 1710 5734; x_wconf 87' lang='lat' dir='ltr'>eruditus</span> <span class='ocrx_word' id='word_1_633' title='bbox 1738 5679 1824 5735; x_wconf 91' lang='lat' dir='ltr'>vir</span> <span class='ocrx_word' id='word_1_634' title='bbox 1855 5680 1972 5736; x_wconf 87' lang='lat' dir='ltr'>Ha-</span> 
     </span>
    </p>
   </div>
   <div class='ocr_carea' id='block_1_92' title="bbox 318 5744 1968 5825">
    <p class='ocr_par' dir='ltr' id='par_1_92' title="bbox 318 5744 1968 5825">
     <span class='ocr_line' id='line_1_92' title="bbox 318 5744 1968 5825; baseline 0.002 -24"><span class='ocrx_word' id='word_1_635' title='bbox 318 5744 560 5825; x_wconf 49' lang='lat' dir='ltr'>driarius</span> <span class='ocrx_word' id='word_1_636' title='bbox 584 5744 854 5825; x_wconf 57' lang='lat' dir='ltr'>Valerius</span> <span class='ocrx_word' id='word_1_637' title='bbox 876 5744 1386 5825; x_wconf 73' lang='lat' dir='ltr'>inDisceptatione</span> <span class='ocrx_word' id='word_1_638' title='bbox 1407 5750 1477 5803; x_wconf 89' lang='lat' dir='ltr'>de</span> <span class='ocrx_word' id='word_1_639' title='bbox 1499 5748 1778 5825; x_wconf 75' lang='lat' dir='ltr'>basilicis,</span> <span class='ocrx_word' id='word_1_640' title='bbox 1800 5768 1968 5825; x_wconf 86' lang='lat' dir='ltr'>capp.</span> 
     </span>
    </p>
   </div>
   <div class='ocr_carea' id='block_1_93' title="bbox 317 5816 1973 5897">
    <p class='ocr_par' dir='ltr' id='par_1_93' title="bbox 317 5816 1973 5897">
     <span class='ocr_line' id='line_1_93' title="bbox 317 5816 1973 5897; baseline 0.002 -20"><span class='ocrx_word' id='word_1_641' title='bbox 317 5820 351 5877; x_wconf 88' lang='lat'>8</span> <span class='ocrx_word' id='word_1_642' title='bbox 382 5823 437 5876; x_wconf 88' lang='lat' dir='ltr'>et</span> <span class='ocrx_word' id='word_1_643' title='bbox 464 5818 518 5889; x_wconf 79' lang='lat'>9,</span> <span class='ocrx_word' id='word_1_644' title='bbox 544 5823 600 5876; x_wconf 89' lang='lat' dir='ltr'>et</span> <span class='ocrx_word' id='word_1_645' title='bbox 628 5817 688 5874; x_wconf 88' lang='lat' dir='ltr'>in</span> <span class='ocrx_word' id='word_1_646' title='bbox 723 5816 1085 5875; x_wconf 86' lang='lat' dir='ltr'>Defensionis</span> <span class='ocrx_word' id='word_1_647' title='bbox 1113 5816 1276 5893; x_wconf 80' lang='lat' dir='ltr'>parte</span> <span class='ocrx_word' id='word_1_648' title='bbox 1310 5820 1619 5895; x_wconf 87' lang='lat' dir='ltr'>posteriori</span> <span class='ocrx_word' id='word_1_649' title='bbox 1658 5816 1825 5897; x_wconf 83' lang='lat' dir='ltr'>capp.</span> <span class='ocrx_word' id='word_1_650' title='bbox 1851 5816 1889 5879; x_wconf 82' lang='lat'>5</span> <span class='ocrx_word' id='word_1_651' title='bbox 1910 5816 1973 5881; x_wconf 69' lang='lat' dir='ltr'>et</span> 
     </span>
    </p>
   </div>
   <div class='ocr_carea' id='block_1_94' title="bbox 2069 3485 3747 3559">
    <p class='ocr_par' dir='ltr' id='par_1_94' title="bbox 2069 3485 3747 3559">
     <span class='ocr_line' id='line_1_94' title="bbox 2069 3485 3747 3559; baseline 0.002 -17"><span class='ocrx_word' id='word_1_652' title='bbox 2069 3487 2243 3543; x_wconf 90' lang='lat' dir='ltr'>lenda</span> <span class='ocrx_word' id='word_1_653' title='bbox 2269 3485 2561 3559; x_wconf 87' lang='lat' dir='ltr'>vulgatur,</span> <span class='ocrx_word' id='word_1_654' title='bbox 2594 3486 2725 3543; x_wconf 93' lang='lat' dir='ltr'>odio</span> <span class='ocrx_word' id='word_1_655' title='bbox 2755 3488 3095 3559; x_wconf 82' lang='lat' dir='ltr'>Teutbergae</span> <span class='ocrx_word' id='word_1_656' title='bbox 3144 3486 3324 3559; x_wconf 89' lang='lat' dir='ltr'>hujus</span> <span class='ocrx_word' id='word_1_657' title='bbox 3381 3504 3573 3558; x_wconf 87' lang='lat' dir='ltr'>quam</span> <span class='ocrx_word' id='word_1_658' title='bbox 3611 3492 3747 3548; x_wconf 78' lang='lat' dir='ltr'>dixi-</span> 
     </span>
    </p>
   </div>
   <div class='ocr_carea' id='block_1_95' title="bbox 2071 3574 3743 3649">
    <p class='ocr_par' dir='ltr' id='par_1_95' title="bbox 2071 3574 3743 3649">
     <span class='ocr_line' id='line_1_95' title="bbox 2071 3574 3743 3649; baseline 0.001 -17"><span class='ocrx_word' id='word_1_659' title='bbox 2071 3593 2228 3644; x_wconf 90' lang='lat' dir='ltr'>mus,</span> <span class='ocrx_word' id='word_1_660' title='bbox 2263 3575 2502 3649; x_wconf 80' lang='lat' dir='ltr'>reginae,</span> <span class='ocrx_word' id='word_1_661' title='bbox 2538 3581 2596 3632; x_wconf 90' lang='lat' dir='ltr'>et</span> <span class='ocrx_word' id='word_1_662' title='bbox 2624 3574 2829 3631; x_wconf 90' lang='lat' dir='ltr'>illicita</span> <span class='ocrx_word' id='word_1_663' title='bbox 2879 3576 3333 3648; x_wconf 89' lang='lat' dir='ltr'>superductione</span> <span class='ocrx_word' id='word_1_664' title='bbox 3379 3577 3743 3636; x_wconf 77' lang='lat' dir='ltr'>Waldradae.</span> 
     </span>
    </p>
   </div>
   <div class='ocr_carea' id='block_1_96' title="bbox 2071 3665 3748 3739">
    <p class='ocr_par' dir='ltr' id='par_1_96' title="bbox 2071 3665 3748 3739">
     <span class='ocr_line' id='line_1_96' title="bbox 2071 3665 3748 3739; baseline 0.003 -19"><span class='ocrx_word' id='word_1_665' title='bbox 2071 3668 2206 3731; x_wconf 82' lang='lat' dir='ltr'>Quae</span> <span class='ocrx_word' id='word_1_666' title='bbox 2240 3665 2593 3721; x_wconf 88' lang='lat' dir='ltr'>miserabilis</span> <span class='ocrx_word' id='word_1_667' title='bbox 2612 3665 2835 3739; x_wconf 89' lang='lat' dir='ltr'>species</span> <span class='ocrx_word' id='word_1_668' title='bbox 2858 3665 2994 3721; x_wconf 86' lang='lat' dir='ltr'>facti</span> <span class='ocrx_word' id='word_1_669' title='bbox 3025 3683 3161 3721; x_wconf 89' lang='lat' dir='ltr'>cum</span> <span class='ocrx_word' id='word_1_670' title='bbox 3187 3665 3395 3722; x_wconf 89' lang='lat' dir='ltr'>faciem</span> <span class='ocrx_word' id='word_1_671' title='bbox 3429 3684 3641 3725; x_wconf 89' lang='lat' dir='ltr'>rerum</span> <span class='ocrx_word' id='word_1_672' title='bbox 3671 3670 3748 3725; x_wconf 85' lang='lat' dir='ltr'>lu-</span> 
     </span>
    </p>
   </div>
   <div class='ocr_carea' id='block_1_97' title="bbox 2072 3753 3748 3826">
    <p class='ocr_par' dir='ltr' id='par_1_97' title="bbox 2072 3753 3748 3826">
     <span class='ocr_line' id='line_1_97' title="bbox 2072 3753 3748 3826; baseline 0.001 -16"><span class='ocrx_word' id='word_1_673' title='bbox 2072 3759 2273 3811; x_wconf 90' lang='lat' dir='ltr'>ctuoso</span> <span class='ocrx_word' id='word_1_674' title='bbox 2306 3755 2582 3810; x_wconf 65' lang='lat' dir='ltr'>foedasset</span> <span class='ocrx_word' id='word_1_675' title='bbox 2615 3753 3106 3825; x_wconf 84' lang='lat' dir='ltr'>exemplo,totum</span> <span class='ocrx_word' id='word_1_676' title='bbox 3139 3771 3284 3826; x_wconf 89' lang='lat' dir='ltr'>pene</span> <span class='ocrx_word' id='word_1_677' title='bbox 3315 3755 3518 3811; x_wconf 89' lang='lat' dir='ltr'>orbem</span> <span class='ocrx_word' id='word_1_678' title='bbox 3549 3757 3617 3813; x_wconf 89' lang='lat' dir='ltr'>in</span> <span class='ocrx_word' id='word_1_679' title='bbox 3654 3757 3748 3814; x_wconf 87' lang='lat' dir='ltr'>sui</span> 
     </span>
    </p>
   </div>
   <div class='ocr_carea' id='block_1_98' title="bbox 2073 3842 3747 3917">
    <p class='ocr_par' dir='ltr' id='par_1_98' title="bbox 2073 3842 3747 3917">
     <span class='ocr_line' id='line_1_98' title="bbox 2073 3842 3747 3917; baseline 0.001 -18"><span class='ocrx_word' id='word_1_680' title='bbox 2073 3842 2704 3899; x_wconf 88' lang='lat' dir='ltr'>commovitinvidiam.</span> <span class='ocrx_word' id='word_1_681' title='bbox 2725 3843 2873 3897; x_wconf 91' lang='lat' dir='ltr'>Nam</span> <span class='ocrx_word' id='word_1_682' title='bbox 2897 3847 2954 3897; x_wconf 90' lang='lat' dir='ltr'>et</span> <span class='ocrx_word' id='word_1_683' title='bbox 2977 3844 3133 3915; x_wconf 88' lang='lat' dir='ltr'>quod</span> <span class='ocrx_word' id='word_1_684' title='bbox 3156 3843 3341 3899; x_wconf 90' lang='lat' dir='ltr'>multo</span> <span class='ocrx_word' id='word_1_685' title='bbox 3363 3843 3628 3917; x_wconf 89' lang='lat' dir='ltr'>amplius</span> <span class='ocrx_word' id='word_1_686' title='bbox 3652 3864 3747 3901; x_wconf 79' lang='lat' dir='ltr'>ex-</span> 
     </span>
    </p>
   </div>
   <div class='ocr_carea' id='block_1_99' title="bbox 2074 3931 3749 4007">
    <p class='ocr_par' dir='ltr' id='par_1_99' title="bbox 2074 3931 3749 4007">
     <span class='ocr_line' id='line_1_99' title="bbox 2074 3931 3749 4007; baseline 0.002 -20"><span class='ocrx_word' id='word_1_687' title='bbox 2074 3932 2526 4005; x_wconf 89' lang='lat' dir='ltr'>pavescendum,</span> <span class='ocrx_word' id='word_1_688' title='bbox 2542 3931 2871 4003; x_wconf 90' lang='lat' dir='ltr'>primarum</span> <span class='ocrx_word' id='word_1_689' title='bbox 2894 3931 3123 3987; x_wconf 80' lang='lat' dir='ltr'>sodium</span> <span class='ocrx_word' id='word_1_690' title='bbox 3148 3933 3445 3988; x_wconf 89' lang='lat' dir='ltr'>antistites</span> <span class='ocrx_word' id='word_1_691' title='bbox 3462 3933 3749 4007; x_wconf 82' lang='lat' dir='ltr'>Tietgau-</span> 
     </span>
    </p>
   </div>
   <div class='ocr_carea' id='block_1_100' title="bbox 2075 4020 3748 4093">
    <p class='ocr_par' dir='ltr' id='par_1_100' title="bbox 2075 4020 3748 4093">
     <span class='ocr_line' id='line_1_100' title="bbox 2075 4020 3748 4093; baseline 0.001 -16"><span class='ocrx_word' id='word_1_692' title='bbox 2075 4023 2186 4077; x_wconf 92' lang='lat' dir='ltr'>dus</span> <span class='ocrx_word' id='word_1_693' title='bbox 2216 4021 2593 4077; x_wconf 86' lang='lat' dir='ltr'>Treverensis</span> <span class='ocrx_word' id='word_1_694' title='bbox 2625 4024 2682 4075; x_wconf 90' lang='lat' dir='ltr'>et</span> <span class='ocrx_word' id='word_1_695' title='bbox 2713 4022 3004 4077; x_wconf 86' lang='lat' dir='ltr'>Gonterus</span> <span class='ocrx_word' id='word_1_696' title='bbox 3024 4020 3391 4078; x_wconf 89' lang='lat' dir='ltr'>Coloniensis</span> <span class='ocrx_word' id='word_1_697' title='bbox 3428 4021 3617 4093; x_wconf 89' lang='lat' dir='ltr'>hujus</span> <span class='ocrx_word' id='word_1_698' title='bbox 3649 4040 3748 4078; x_wconf 86' lang='lat' dir='ltr'>ex-</span> 
     </span>
    </p>
   </div>
   <div class='ocr_carea' id='block_1_101' title="bbox 2077 4108 3750 4177">
    <p class='ocr_par' dir='ltr' id='par_1_101' title="bbox 2077 4108 3750 4177">
     <span class='ocr_line' id='line_1_101' title="bbox 2077 4108 3750 4177; baseline 0.001 -11"><span class='ocrx_word' id='word_1_699' title='bbox 2077 4110 2345 4167; x_wconf 90' lang='lat' dir='ltr'>secrandi</span> <span class='ocrx_word' id='word_1_700' title='bbox 2377 4108 2655 4165; x_wconf 91' lang='lat' dir='ltr'>connubii</span> <span class='ocrx_word' id='word_1_701' title='bbox 2688 4113 3255 4177; x_wconf 89' lang='lat' dir='ltr'>assentatores,cum</span> <span class='ocrx_word' id='word_1_702' title='bbox 3286 4109 3630 4168; x_wconf 89' lang='lat' dir='ltr'>viderentur</span> <span class='ocrx_word' id='word_1_703' title='bbox 3662 4130 3750 4168; x_wconf 87' lang='lat' dir='ltr'>sa-</span> 
     </span>
    </p>
   </div>
   <div class='ocr_carea' id='block_1_102' title="bbox 2076 4196 3748 4273">
    <p class='ocr_par' dir='ltr' id='par_1_102' title="bbox 2076 4196 3748 4273">
     <span class='ocr_line' id='line_1_102' title="bbox 2076 4196 3748 4273; baseline 0.002 -20"><span class='ocrx_word' id='word_1_704' title='bbox 2076 4200 2302 4272; x_wconf 89' lang='lat' dir='ltr'>pientes</span> <span class='ocrx_word' id='word_1_705' title='bbox 2332 4216 2461 4255; x_wconf 90' lang='lat' dir='ltr'>esse</span> <span class='ocrx_word' id='word_1_706' title='bbox 2490 4197 2745 4272; x_wconf 89' lang='lat' dir='ltr'>ingenio,</span> <span class='ocrx_word' id='word_1_707' title='bbox 2769 4202 2827 4254; x_wconf 90' lang='lat' dir='ltr'>et</span> <span class='ocrx_word' id='word_1_708' title='bbox 2871 4196 3080 4254; x_wconf 86' lang='lat' dir='ltr'>litteris</span> <span class='ocrx_word' id='word_1_709' title='bbox 3120 4198 3314 4255; x_wconf 90' lang='lat' dir='ltr'>divine</span> <span class='ocrx_word' id='word_1_710' title='bbox 3360 4198 3748 4273; x_wconf 87' lang='lat' dir='ltr'>humaneque</span> 
     </span>
    </p>
   </div>
   <div class='ocr_carea' id='block_1_103' title="bbox 2075 4286 3747 4360">
    <p class='ocr_par' dir='ltr' id='par_1_103' title="bbox 2075 4286 3747 4360">
     <span class='ocr_line' id='line_1_103' title="bbox 2075 4286 3747 4360; baseline 0.001 -16"><span class='ocrx_word' id='word_1_711' title='bbox 2075 4287 2310 4356; x_wconf 88' lang='lat' dir='ltr'>eruditi,</span> <span class='ocrx_word' id='word_1_712' title='bbox 2343 4286 2692 4360; x_wconf 72' lang='lat' dir='ltr'>insipientia:</span> <span class='ocrx_word' id='word_1_713' title='bbox 2743 4286 3041 4343; x_wconf 88' lang='lat' dir='ltr'>deterrimi</span> <span class='ocrx_word' id='word_1_714' title='bbox 3092 4290 3234 4344; x_wconf 88' lang='lat' dir='ltr'>sunt</span> <span class='ocrx_word' id='word_1_715' title='bbox 3278 4286 3415 4344; x_wconf 88' lang='lat' dir='ltr'>facti</span> <span class='ocrx_word' id='word_1_716' title='bbox 3454 4287 3747 4346; x_wconf 84' lang='lat' dir='ltr'>fautores.</span> 
     </span>
    </p>
   </div>
   <div class='ocr_carea' id='block_1_104' title="bbox 2077 4375 3751 4449">
    <p class='ocr_par' dir='ltr' id='par_1_104' title="bbox 2077 4375 3751 4449">
     <span class='ocr_line' id='line_1_104' title="bbox 2077 4375 3751 4449; baseline 0.001 -16"><span class='ocrx_word' id='word_1_717' title='bbox 2077 4377 2240 4433; x_wconf 92' lang='lat' dir='ltr'>Unde</span> <span class='ocrx_word' id='word_1_718' title='bbox 2272 4393 2476 4449; x_wconf 90' lang='lat' dir='ltr'>apapa</span> <span class='ocrx_word' id='word_1_719' title='bbox 2507 4375 2740 4432; x_wconf 90' lang='lat' dir='ltr'>Nicolao</span> <span class='ocrx_word' id='word_1_720' title='bbox 2776 4376 3022 4432; x_wconf 80' lang='lat' dir='ltr'>Romam</span> <span class='ocrx_word' id='word_1_721' title='bbox 3053 4376 3273 4433; x_wconf 89' lang='lat' dir='ltr'>evocati</span> <span class='ocrx_word' id='word_1_722' title='bbox 3298 4380 3355 4433; x_wconf 87' lang='lat' dir='ltr'>et</span> <span class='ocrx_word' id='word_1_723' title='bbox 3375 4380 3513 4433; x_wconf 89' lang='lat' dir='ltr'>ante</span> <span class='ocrx_word' id='word_1_724' title='bbox 3549 4394 3751 4435; x_wconf 84' lang='lat' dir='ltr'>sacra-</span> 
     </span>
    </p>
   </div>
   <div class='ocr_carea' id='block_1_105' title="bbox 2076 4464 3747 4540">
    <p class='ocr_par' dir='ltr' id='par_1_105' title="bbox 2076 4464 3747 4540">
     <span class='ocr_line' id='line_1_105' title="bbox 2076 4464 3747 4540; baseline -0.001 -17"><span class='ocrx_word' id='word_1_725' title='bbox 2076 4465 2378 4523; x_wconf 87' lang='lat' dir='ltr'>tissimum</span> <span class='ocrx_word' id='word_1_726' title='bbox 2425 4482 2640 4539; x_wconf 91' lang='lat' dir='ltr'>corpus</span> <span class='ocrx_word' id='word_1_727' title='bbox 2690 4464 2845 4522; x_wconf 89' lang='lat' dir='ltr'>beati</span> <span class='ocrx_word' id='word_1_728' title='bbox 2894 4465 3046 4521; x_wconf 90' lang='lat' dir='ltr'>Petri</span> <span class='ocrx_word' id='word_1_729' title='bbox 3105 4466 3497 4540; x_wconf 82' lang='lat' dir='ltr'>synodo,tam</span> <span class='ocrx_word' id='word_1_730' title='bbox 3560 4466 3747 4523; x_wconf 69' lang='lat' dir='ltr'>Italia:</span> 
     </span>
    </p>
   </div>
   <div class='ocr_carea' id='block_1_106' title="bbox 2078 4553 3747 4629">
    <p class='ocr_par' dir='ltr' id='par_1_106' title="bbox 2078 4553 3747 4629">
     <span class='ocr_line' id='line_1_106' title="bbox 2078 4553 3747 4629; baseline 0.001 -19"><span class='ocrx_word' id='word_1_731' title='bbox 2078 4572 2225 4628; x_wconf 90' lang='lat' dir='ltr'>pene</span> <span class='ocrx_word' id='word_1_732' title='bbox 2254 4556 2455 4623; x_wconf 86' lang='lat' dir='ltr'>totius,</span> <span class='ocrx_word' id='word_1_733' title='bbox 2491 4571 2667 4626; x_wconf 87' lang='lat' dir='ltr'>quam</span> <span class='ocrx_word' id='word_1_734' title='bbox 2698 4558 2755 4611; x_wconf 89' lang='lat' dir='ltr'>et</span> <span class='ocrx_word' id='word_1_735' title='bbox 2782 4554 3055 4626; x_wconf 86' lang='lat' dir='ltr'>pluribus</span> <span class='ocrx_word' id='word_1_736' title='bbox 3086 4553 3410 4611; x_wconf 88' lang='lat' dir='ltr'>Galliarum</span> <span class='ocrx_word' id='word_1_737' title='bbox 3444 4554 3747 4629; x_wconf 91' lang='lat' dir='ltr'>episcopis</span> 
     </span>
    </p>
   </div>
   <div class='ocr_carea' id='block_1_107' title="bbox 2079 4642 3750 4717">
    <p class='ocr_par' dir='ltr' id='par_1_107' title="bbox 2079 4642 3750 4717">
     <span class='ocr_line' id='line_1_107' title="bbox 2079 4642 3750 4717; baseline -0.002 -16"><span class='ocrx_word' id='word_1_738' title='bbox 2079 4648 2431 4717; x_wconf 89' lang='lat' dir='ltr'>congregata</span> <span class='ocrx_word' id='word_1_739' title='bbox 2459 4643 2667 4712; x_wconf 89' lang='lat' dir='ltr'>auditi,</span> <span class='ocrx_word' id='word_1_740' title='bbox 2698 4647 2758 4700; x_wconf 91' lang='lat' dir='ltr'>et</span> <span class='ocrx_word' id='word_1_741' title='bbox 2790 4642 3027 4716; x_wconf 90' lang='lat' dir='ltr'>culpam</span> <span class='ocrx_word' id='word_1_742' title='bbox 3057 4646 3337 4717; x_wconf 80' lang='lat' dir='ltr'>praetextu</span> <span class='ocrx_word' id='word_1_743' title='bbox 3358 4643 3627 4716; x_wconf 86' lang='lat' dir='ltr'>conjugii</span> <span class='ocrx_word' id='word_1_744' title='bbox 3661 4662 3750 4699; x_wconf 85' lang='lat' dir='ltr'>or-</span> 
     </span>
    </p>
   </div>
   <div class='ocr_carea' id='block_1_108' title="bbox 1997 4731 3749 4828">
    <p class='ocr_par' dir='ltr' id='par_1_108' title="bbox 1997 4731 3749 4828">
     <span class='ocr_line' id='line_1_108' title="bbox 1997 4731 3749 4828; baseline -0.001 -39"><span class='ocrx_word' id='word_1_745' title='bbox 1997 4763 2043 4828; x_wconf 81' lang='lat' dir='ltr'><strong>D</strong></span> <span class='ocrx_word' id='word_1_746' title='bbox 2084 4733 2348 4828; x_wconf 34' lang='lat' dir='ltr'>nare-diu</span> <span class='ocrx_word' id='word_1_747' title='bbox 2375 4732 2587 4828; x_wconf 74' lang='lat' dir='ltr'>conati,</span> <span class='ocrx_word' id='word_1_748' title='bbox 2604 4733 2842 4828; x_wconf 82' lang='lat' dir='ltr'>tandem</span> <span class='ocrx_word' id='word_1_749' title='bbox 2868 4732 3072 4828; x_wconf 82' lang='lat' dir='ltr'>fraude</span> <span class='ocrx_word' id='word_1_750' title='bbox 3091 4731 3505 4828; x_wconf 59' lang='lat' dir='ltr'>captiosa_,_qua</span> <span class='ocrx_word' id='word_1_751' title='bbox 3531 4749 3749 4806; x_wconf 85' lang='lat' dir='ltr'>capere</span> 
     </span>
    </p>
   </div>
   <div class='ocr_carea' id='block_1_109' title="bbox 2082 4819 3751 4894">
    <p class='ocr_par' dir='ltr' id='par_1_109' title="bbox 2082 4819 3751 4894">
     <span class='ocr_line' id='line_1_109' title="bbox 2082 4819 3751 4894; baseline 0.001 -17"><span class='ocrx_word' id='word_1_752' title='bbox 2082 4840 2143 4878; x_wconf 90' lang='lat' dir='ltr'>se</span> <span class='ocrx_word' id='word_1_753' title='bbox 2173 4821 2318 4878; x_wconf 90' lang='lat' dir='ltr'>alios</span> <span class='ocrx_word' id='word_1_754' title='bbox 2345 4820 2934 4893; x_wconf 88' lang='lat' dir='ltr'>arbitrabantur,ipsi</span> <span class='ocrx_word' id='word_1_755' title='bbox 2960 4821 3133 4894; x_wconf 89' lang='lat' dir='ltr'>capti,</span> <span class='ocrx_word' id='word_1_756' title='bbox 3155 4838 3307 4894; x_wconf 88' lang='lat' dir='ltr'>papa</span> <span class='ocrx_word' id='word_1_757' title='bbox 3342 4819 3582 4877; x_wconf 85' lang='lat' dir='ltr'>Nicolao</span> <span class='ocrx_word' id='word_1_758' title='bbox 3606 4838 3751 4878; x_wconf 90' lang='lat' dir='ltr'>cun-</span> 
     </span>
    </p>
   </div>
   <div class='ocr_carea' id='block_1_110' title="bbox 2078 4908 3747 4982">
    <p class='ocr_par' dir='ltr' id='par_1_110' title="bbox 2078 4908 3747 4982">
     <span class='ocr_line' id='line_1_110' title="bbox 2078 4908 3747 4982; baseline 0.002 -17"><span class='ocrx_word' id='word_1_759' title='bbox 2078 4910 2189 4966; x_wconf 90' lang='lat' dir='ltr'>ctis</span> <span class='ocrx_word' id='word_1_760' title='bbox 2219 4910 2676 4967; x_wconf 86' lang='lat' dir='ltr'>assentientibus</span> <span class='ocrx_word' id='word_1_761' title='bbox 2708 4908 2993 4980; x_wconf 89' lang='lat' dir='ltr'>damnati,</span> <span class='ocrx_word' id='word_1_762' title='bbox 3013 4912 3069 4967; x_wconf 89' lang='lat' dir='ltr'>et</span> <span class='ocrx_word' id='word_1_763' title='bbox 3089 4908 3371 4982; x_wconf 83' lang='lat' dir='ltr'>gradibus</span> <span class='ocrx_word' id='word_1_764' title='bbox 3394 4912 3535 4965; x_wconf 89' lang='lat' dir='ltr'>sunt</span> <span class='ocrx_word' id='word_1_765' title='bbox 3556 4911 3747 4968; x_wconf 85' lang='lat' dir='ltr'>eccle-</span> 
     </span>
    </p>
   </div>
   <div class='ocr_carea' id='block_1_111' title="bbox 2082 4997 3750 5073">
    <p class='ocr_par' dir='ltr' id='par_1_111' title="bbox 2082 4997 3750 5073">
     <span class='ocr_line' id='line_1_111' title="bbox 2082 4997 3750 5073; baseline 0.001 -18"><span class='ocrx_word' id='word_1_766' title='bbox 2082 4999 2336 5056; x_wconf 84' lang='lat' dir='ltr'>siasticis</span> <span class='ocrx_word' id='word_1_767' title='bbox 2358 4998 2620 5069; x_wconf 86' lang='lat' dir='ltr'>multati;</span> <span class='ocrx_word' id='word_1_768' title='bbox 2654 5016 2754 5056; x_wconf 81' lang='lat' dir='ltr'>rex</span> <span class='ocrx_word' id='word_1_769' title='bbox 2772 5015 3008 5073; x_wconf 85' lang='lat' dir='ltr'>quoque</span> <span class='ocrx_word' id='word_1_770' title='bbox 3029 5014 3164 5059; x_wconf 90' lang='lat' dir='ltr'>cum</span> <span class='ocrx_word' id='word_1_771' title='bbox 3183 4997 3501 5065; x_wconf 80' lang='lat' dir='ltr'>Waldrada</span> <span class='ocrx_word' id='word_1_772' title='bbox 3516 5001 3580 5059; x_wconf 80' lang='lat' dir='ltr'>et</span> <span class='ocrx_word' id='word_1_773' title='bbox 3604 5017 3750 5060; x_wconf 85' lang='lat' dir='ltr'>cun-</span> 
     </span>
    </p>
   </div>
   <div class='ocr_carea' id='block_1_112' title="bbox 2082 5087 3752 5164">
    <p class='ocr_par' dir='ltr' id='par_1_112' title="bbox 2082 5087 3752 5164">
     <span class='ocr_line' id='line_1_112' title="bbox 2082 5087 3752 5164; baseline 0.004 -19"><span class='ocrx_word' id='word_1_774' title='bbox 2082 5088 2190 5145; x_wconf 89' lang='lat' dir='ltr'>ctis</span> <span class='ocrx_word' id='word_1_775' title='bbox 2222 5089 2351 5161; x_wconf 86' lang='lat' dir='ltr'>ejus</span> <span class='ocrx_word' id='word_1_776' title='bbox 2380 5089 2673 5147; x_wconf 87' lang='lat' dir='ltr'>scandalis</span> <span class='ocrx_word' id='word_1_777' title='bbox 2704 5088 3198 5163; x_wconf 88' lang='lat' dir='ltr'>participantibus</span> <span class='ocrx_word' id='word_1_778' title='bbox 3235 5087 3456 5164; x_wconf 85' lang='lat' dir='ltr'>pariter</span> <span class='ocrx_word' id='word_1_779' title='bbox 3501 5089 3752 5151; x_wconf 53' lang='lat' dir='ltr'>anathe</span> 
     </span>
    </p>
   </div>
   <div class='ocr_carea' id='block_1_113' title="bbox 2080 5177 3745 5253">
    <p class='ocr_par' dir='ltr' id='par_1_113' title="bbox 2080 5177 3745 5253">
     <span class='ocr_line' id='line_1_113' title="bbox 2080 5177 3745 5253; baseline 0.001 -16"><span class='ocrx_word' id='word_1_780' title='bbox 2080 5178 2361 5237; x_wconf 87' lang='lat' dir='ltr'>matizati.</span> <span class='ocrx_word' id='word_1_781' title='bbox 2396 5180 2483 5248; x_wconf 88' lang='lat' dir='ltr'>Et,</span> <span class='ocrx_word' id='word_1_782' title='bbox 2521 5183 2587 5236; x_wconf 89' lang='lat' dir='ltr'>ut</span> <span class='ocrx_word' id='word_1_783' title='bbox 2618 5177 2802 5236; x_wconf 89' lang='lat' dir='ltr'>multo</span> <span class='ocrx_word' id='word_1_784' title='bbox 2835 5179 2907 5236; x_wconf 91' lang='lat' dir='ltr'>ad</span> <span class='ocrx_word' id='word_1_785' title='bbox 2940 5180 3055 5237; x_wconf 92' lang='lat' dir='ltr'>alia</span> <span class='ocrx_word' id='word_1_786' title='bbox 3083 5179 3331 5237; x_wconf 87' lang='lat' dir='ltr'>tendens</span> <span class='ocrx_word' id='word_1_787' title='bbox 3370 5184 3745 5253; x_wconf 80' lang='lat' dir='ltr'>praeteream,</span> 
     </span>
    </p>
   </div>
   <div class='ocr_carea' id='block_1_114' title="bbox 2082 5266 3746 5343">
    <p class='ocr_par' dir='ltr' id='par_1_114' title="bbox 2082 5266 3746 5343">
     <span class='ocr_line' id='line_1_114' title="bbox 2082 5266 3746 5343; baseline 0.002 -19"><span class='ocrx_word' id='word_1_788' title='bbox 2082 5268 2333 5342; x_wconf 88' lang='lat' dir='ltr'>qualiter</span> <span class='ocrx_word' id='word_1_789' title='bbox 2360 5267 2486 5342; x_wconf 88' lang='lat' dir='ltr'>ipse</span> <span class='ocrx_word' id='word_1_790' title='bbox 2518 5269 2807 5325; x_wconf 88' lang='lat' dir='ltr'>Gonterus</span> <span class='ocrx_word' id='word_1_791' title='bbox 2838 5267 3057 5325; x_wconf 87' lang='lat' dir='ltr'>factum</span> <span class='ocrx_word' id='word_1_792' title='bbox 3091 5284 3269 5325; x_wconf 90' lang='lat' dir='ltr'>suum</span> <span class='ocrx_word' id='word_1_793' title='bbox 3312 5271 3510 5337; x_wconf 89' lang='lat' dir='ltr'>tuens,</span> <span class='ocrx_word' id='word_1_794' title='bbox 3541 5266 3603 5325; x_wconf 88' lang='lat' dir='ltr'>in</span> <span class='ocrx_word' id='word_1_795' title='bbox 3639 5286 3746 5343; x_wconf 87' lang='lat' dir='ltr'>pa-</span> 
     </span>
    </p>
   </div>
   <div class='ocr_carea' id='block_1_115' title="bbox 2081 5355 3747 5431">
    <p class='ocr_par' dir='ltr' id='par_1_115' title="bbox 2081 5355 3747 5431">
     <span class='ocr_line' id='line_1_115' title="bbox 2081 5355 3747 5431; baseline 0.001 -17"><span class='ocrx_word' id='word_1_796' title='bbox 2081 5375 2218 5430; x_wconf 90' lang='lat' dir='ltr'>pam</span> <span class='ocrx_word' id='word_1_797' title='bbox 2234 5358 2429 5431; x_wconf 88' lang='lat' dir='ltr'>ipsum</span> <span class='ocrx_word' id='word_1_798' title='bbox 2442 5356 2676 5431; x_wconf 91' lang='lat' dir='ltr'>publice</span> <span class='ocrx_word' id='word_1_799' title='bbox 2688 5356 2893 5413; x_wconf 90' lang='lat' dir='ltr'>multis</span> <span class='ocrx_word' id='word_1_800' title='bbox 2910 5355 3420 5431; x_wconf 87' lang='lat' dir='ltr'>invectus,injusto</span> <span class='ocrx_word' id='word_1_801' title='bbox 3437 5359 3747 5430; x_wconf 88' lang='lat' dir='ltr'>sejudicio</span> 
     </span>
    </p>
   </div>
   <div class='ocr_carea' id='block_1_116' title="bbox 2082 5446 3745 5521">
    <p class='ocr_par' dir='ltr' id='par_1_116' title="bbox 2082 5446 3745 5521">
     <span class='ocr_line' id='line_1_116' title="bbox 2082 5446 3745 5521; baseline -0.001 -14"><span class='ocrx_word' id='word_1_802' title='bbox 2082 5447 2390 5521; x_wconf 82' lang='lat' dir='ltr'>alligatum</span> <span class='ocrx_word' id='word_1_803' title='bbox 2418 5450 2667 5504; x_wconf 88' lang='lat' dir='ltr'>testatus</span> <span class='ocrx_word' id='word_1_804' title='bbox 2698 5446 2795 5517; x_wconf 90' lang='lat' dir='ltr'>sit,</span> <span class='ocrx_word' id='word_1_805' title='bbox 2829 5450 2885 5503; x_wconf 90' lang='lat' dir='ltr'>et</span> <span class='ocrx_word' id='word_1_806' title='bbox 2916 5452 2979 5503; x_wconf 92' lang='lat' dir='ltr'>ut</span> <span class='ocrx_word' id='word_1_807' title='bbox 3008 5446 3433 5521; x_wconf 85' lang='lat' dir='ltr'>parvipendens</span> <span class='ocrx_word' id='word_1_808' title='bbox 3458 5448 3745 5521; x_wconf 88' lang='lat' dir='ltr'>apostoli-</span> 
     </span>
    </p>
   </div>
   <div class='ocr_carea' id='block_1_117' title="bbox 2080 5606 3746 5683">
    <p class='ocr_par' dir='ltr' id='par_1_117' title="bbox 2080 5606 3746 5683">
     <span class='ocr_line' id='line_1_117' title="bbox 2080 5606 3746 5683; baseline 0.001 -19"><span class='ocrx_word' id='word_1_809' title='bbox 2080 5609 2135 5664; x_wconf 86' lang='lat'>6.</span> <span class='ocrx_word' id='word_1_810' title='bbox 2171 5608 2327 5683; x_wconf 87' lang='lat' dir='ltr'>Idem</span> <span class='ocrx_word' id='word_1_811' title='bbox 2347 5607 2572 5683; x_wconf 82' lang='lat' dir='ltr'>legitur</span> <span class='ocrx_word' id='word_1_812' title='bbox 2599 5608 2659 5683; x_wconf 82' lang='lat' dir='ltr'>in</span> <span class='ocrx_word' id='word_1_813' title='bbox 2690 5606 2822 5683; x_wconf 78' lang='lat' dir='ltr'>Vita</span> <span class='ocrx_word' id='word_1_814' title='bbox 2850 5606 3233 5683; x_wconf 70' lang='lat' dir='ltr'>Adalberonis</span> <span class='ocrx_word' id='word_1_815' title='bbox 3254 5606 3561 5683; x_wconf 73' lang='lat' dir='ltr'>Mettensis</span> <span class='ocrx_word' id='word_1_816' title='bbox 3593 5611 3746 5683; x_wconf 86' lang='lat' dir='ltr'>epis-</span> 
     </span>
    </p>
   </div>
   <div class='ocr_carea' id='block_1_118' title="bbox 2083 5678 3744 5811">
    <p class='ocr_par' dir='ltr' id='par_1_118' title="bbox 2083 5678 3744 5811">
     <span class='ocr_line' id='line_1_118' title="bbox 2083 5678 3744 5754; baseline 0.001 -19"><span class='ocrx_word' id='word_1_817' title='bbox 2083 5680 2233 5752; x_wconf 88' lang='lat' dir='ltr'>copi,</span> <span class='ocrx_word' id='word_1_818' title='bbox 2259 5680 2359 5752; x_wconf 84' lang='lat' dir='ltr'>qui</span> <span class='ocrx_word' id='word_1_819' title='bbox 2408 5678 2651 5736; x_wconf 86' lang='lat' dir='ltr'>donaria</span> <span class='ocrx_word' id='word_1_820' title='bbox 2698 5678 2886 5739; x_wconf 81' lang='lat' dir='ltr'>multa</span> <span class='ocrx_word' id='word_1_821' title='bbox 2933 5680 2994 5736; x_wconf 90' lang='lat' dir='ltr'>S.</span> <span class='ocrx_word' id='word_1_822' title='bbox 3046 5679 3322 5754; x_wconf 77' lang='lat' dir='ltr'>Dionysio</span> <span class='ocrx_word' id='word_1_823' title='bbox 3365 5678 3655 5749; x_wconf 51' lang='lat' dir='ltr'>Parisius&#39;,</span> <span class='ocrx_word' id='word_1_824' title='bbox 3689 5683 3744 5737; x_wconf 91' lang='lat' dir='ltr'>id</span> 
     </span>
     <span class='ocr_line' id='line_1_119' title="bbox 2084 5750 3743 5811; baseline 0.002 -6"><span class='ocrx_word' id='word_1_825' title='bbox 2084 5758 2193 5811; x_wconf 87' lang='lat' dir='ltr'>est.</span> <span class='ocrx_word' id='word_1_826' title='bbox 2228 5750 2583 5807; x_wconf 88' lang='lat' dir='ltr'>monasterio</span> <span class='ocrx_word' id='word_1_827' title='bbox 2615 5752 2675 5807; x_wconf 91' lang='lat' dir='ltr'>S.</span> <span class='ocrx_word' id='word_1_828' title='bbox 2710 5750 2994 5811; x_wconf 69' lang='lat' dir='ltr'>Dionysii.</span> <span class='ocrx_word' id='word_1_829' title='bbox 3028 5751 3184 5811; x_wconf 77' lang='lat' dir='ltr'>quod</span> <span class='ocrx_word' id='word_1_830' title='bbox 3211 5750 3417 5811; x_wconf 75' lang='lat' dir='ltr'>quinto</span> <span class='ocrx_word' id='word_1_831' title='bbox 3466 5751 3545 5809; x_wconf 84' lang='lat' dir='ltr'>ab</span> <span class='ocrx_word' id='word_1_832' title='bbox 3598 5755 3743 5810; x_wconf 83' lang='lat' dir='ltr'>urbe</span> 
     </span>
    </p>
   </div>
   <div class='ocr_carea' id='block_1_119' title="bbox 2084 5768 3741 5899">
    <p class='ocr_par' dir='ltr' id='par_1_119' title="bbox 2084 5768 3741 5899">
     <span class='ocr_line' id='line_1_120' title="bbox 2084 5768 3741 5825; baseline 0.002 -20"><span class='ocrx_word' id='word_1_833' title='bbox 2084 5768 2193 5818; x_wconf 78' lang='lat' dir='ltr'>est,</span> <span class='ocrx_word' id='word_1_834' title='bbox 2228 5768 2583 5807; x_wconf 75' lang='lat' dir='ltr'>monasterio</span> <span class='ocrx_word' id='word_1_835' title='bbox 2615 5768 2675 5807; x_wconf 65' lang='grc' dir='ltr'>δ.</span> <span class='ocrx_word' id='word_1_836' title='bbox 2710 5768 2994 5825; x_wconf 81' lang='lat' dir='ltr'>monysu,</span> <span class='ocrx_word' id='word_1_837' title='bbox 3028 5768 3184 5825; x_wconf 81' lang='lat' dir='ltr'>quoa</span> <span class='ocrx_word' id='word_1_838' title='bbox 3211 5768 3417 5824; x_wconf 72' lang='lat' dir='ltr'>quinto</span> <span class='ocrx_word' id='word_1_839' title='bbox 3466 5768 3545 5809; x_wconf 84' lang='lat' dir='ltr'>an</span> <span class='ocrx_word' id='word_1_840' title='bbox 3598 5768 3741 5810; x_wconf 76' lang='lat' dir='ltr'>urbe</span> 
     </span>
     <span class='ocr_line' id='line_1_121' title="bbox 2084 5819 3741 5899; baseline 0.002 -19"><span class='ocrx_word' id='word_1_841' title='bbox 2084 5822 2440 5881; x_wconf 89' lang='lat' dir='ltr'>Parisiorum</span> <span class='ocrx_word' id='word_1_842' title='bbox 2470 5822 2662 5899; x_wconf 87' lang='lat' dir='ltr'>lapide</span> <span class='ocrx_word' id='word_1_843' title='bbox 2690 5823 2888 5898; x_wconf 86' lang='lat' dir='ltr'>distat,</span> <span class='ocrx_word' id='word_1_844' title='bbox 2920 5821 3325 5885; x_wconf 79' lang='lat' dir='ltr'>transmisisse</span> <span class='ocrx_word' id='word_1_845' title='bbox 3371 5819 3741 5899; x_wconf 87' lang='lat' dir='ltr'>perhibetur.</span> 
     </span>
    </p>
   </div>
  </div>
