1934 3236
269 69 577 77 ν--νῄ
658 69 688 72 v
749 69 846 73 —'

91 295 149 324 233

581 293 632 322 DE
650 292 953 322 TRANSLATIONE
975 292 1007 323 S.
1034 291 1303 323 GLUDESINDIS.

1738 294 1796 322 234

88 370 152 389 cam
166 368 333 393 censuram,
350 359 471 387 domum
488 368 539 386 nec
552 359 635 386 venia
647 359 745 394 petitu,
760 367 811 386 nec
823 359 912 394 impc-
926 361 953 392 Α
970 362 1054 392 ret,et
1069 360 1157 394 (quod
1174 360 1267 395 magis
1283 363 1413 395 stupeas)
1431 368 1496 387 vase
1512 361 1665 395 exceptum
1682 359 1795 387 diutius

90 408 164 435 trata
176 413 320 439 reversus,
337 404 454 437 missas,
466 407 495 431 et
509 404 538 430 in
554 403 600 431 die
616 405 807 431 sacrosancta;
824 411 912 430 omne:

89 449 301 478 absolutionem
313 450 342 476 et
350 448 519 484 chrismatis
531 448 675 475 actionem
686 447 780 475 victus
795 454 912 482 perege-

90 494 136 522 rit.
155 494 213 522 Hoc
224 494 341 521 tantum
357 493 387 520 in
403 495 542 520 terrorem
560 499 672 525 eorum,
686 491 710 519 si
721 491 770 527 qui
788 492 860 519 forte
876 494 914 519 ta-

89 538 161 566 lium
170 545 300 574 unquam
313 540 399 565 erunt
410 535 912 572 participes,dixissesufﬁciat,quod

89 582 185 611 socius
201 583 265 618 ejus
281 581 462 617 Tielgandus
476 581 662 608 Trevcrensis
683 588 799 616 peregre
815 580 913 607 Roma)

88 627 359 655 exeommunieatus
375 626 494 653 interiit.
512 625 670 653 Lolharius
694 633 751 656 rex,
770 624 836 651 licet
851 632 913 651 cor-

90 672 250 699 rectionem
276 671 453 707 promiserit,
468 673 496 697 et
516 670 646 704 reginam
671 670 866 704 Teutbergam
884 668 913 695 in

86 717 197 744 honoro
225 724 288 749 suo,
307 718 339 742 ut
365 716 526 747 videbatur,
546 714 699 749 receperit;
725 715 791 749 post
816 715 912 740 tamen

89 761 214 788 Romam
229 760 349 788 veniens
360 769 376 786 a
387 768 462 795 papa
478 768 566 794 super
578 759 632 786 ﬁde
644 758 778 793 conjugis
794 756 914 793 requisi-

84 808 143 839 tus,
156 807 184 832 et
196 807 276 833 metu
294 804 409 840 culpam
423 804 621 836 inficiatnsma
633 801 836 835 conditione,si
848 810 914 829 vera

85 851 238 883 fateretur,
255 849 363 877 missas
374 857 390 875 a
401 849 508 875 domno
524 856 599 883 papa
610 848 637 874 in
647 848 748 874 sancto
759 846 913 874 Anastasio

83 895 205 928 audivit,
223 896 252 922 et
268 901 376 929 corpus
393 892 577 919 Dominicum
593 892 628 918 de
640 899 729 918 manu
741 891 804 926 ejus
816 890 914 917 infelix

80 938 288 976 praesumpsit.
307 938 374 964 lnde
392 937 514 972 patriam
533 938 676 971 repetens,
690 938 805 971 repente
815 936 914 962 miser-

84 984 162 1012 rima
178 982 260 1010 clade
271 990 391 1009 suorum
403 989 474 1016 pene.
484 982 511 1007 in
523 981 594 1015 ipsis
602 981 697 1007 110mm
705 980 911 1015 portisexorta,

80 1037 136 1056 nec
154 1035 247 1060 mora,
265 1035 318 1053 nec
334 1026 450 1061 requies
467 1024 656 1052 morientium
673 1025 842 1058 erat,doncc
853 1026 914 1052 tan-

78 1074 148 1100 dem
165 1072 235 1099 dum
252 1070 334 1098 ocius
350 1070 489 1102 festinat,
500 1070 562 1104 jam
579 1069 635 1096 fere
647 1069 784 1096 omnibus
795 1068 856 1096 suis
867 1077 913 1096 as-

77 1116 218 1152 sumptis,
236 1114 419 1142 Placentiam
438 1122 531 1149 usquc
547 1122 614 1140 cum
640 1113 740 1149 paucis
758 1112 888 1148 pervenit
904 1120 911 1139 :

92 1160 143 1188 ubi
159 1160 236 1187 circa
252 1159 354 1186 horam
371 1166 478 1185 nonam
495 1166 563 1184 cum
590 1157 746 1185 incolumis
772 1157 915 1184 resideret

78 1206 197 1241 repente
211 1211 372 1240 percussus
383 1202 541 1235 obmutuit,
553 1204 581 1229 et
593 1210 678 1229 mane
690 1202 782 1228 morte
795 1200 911 1233 misera,

77 1249 130 1277 bili
144 1249 300 1276 defunctus
316 1247 353 1274 ibi
366 1248 393 1273 in
403 1246 530 1282 quadam
539 1246 672 1273 vilissimi
681 1245 776 1281 operis
783 1245 914 1272 basilica-

76 1297 123 1322 est
139 1294 274 1321 obrutus.
292 1293 362 1328 Ejus
385 1294 481 1318 morte
507 1291 670 1318 Adventius
696 1290 850 1326 episcopus
865 1298 912 1316 co-

76 1339 171 1376 gnita,
184 1337 322 1365 nuntium
334 1336 422 1363 ocius
433 1335 535 1363 Carolo
548 1335 607 1371 regi
617 1335 743 1362 Francia:
752 1334 913 1362 occidenta-

79 1384 117 1411 lis
133 1382 251 1417 dirigit,
268 1389 395 1416 eumque
411 1380 510 1408 Metim
523 1379 692 1412 deductum,
704 1379 847 1407 associato
857 1378 912 1407 sibi

76 1428 240 1455 Hinemaro
248 1426 406 1453 Remorum
416 1424 648 1459 archiepiscopo;
659 1432 765 1451 corona
772 1423 911 1458 secunda,

75 1474 184 1508 praeter
204 1478 280 1504 eam,
297 1477 387 1505 quam
404 1469 556 1501 habuerat,
574 1468 602 1495 in
619 1468 741 1495 ecclesia
758 1467 833 1495 beati
848 1467 911 1494 Ste-

75 1516 179 1552 phani,
197 1524 260 1551 quae
276 1515 385 1542 dicitur
399 1514 506 1540 domus
521 1512 673 1548 episcopii,
692 1512 781 1548 capiti
809 1512 912 1538 iterato

75 1561 227 1597 imposita,
242 1566 338 1595 regem
354 1566 443 1594 super
453 1558 510 1584 duo
523 1565 612 1592 regna
633 1556 913 1589 constituit.Hmc,ut

73 1605 205 1641 episcopi
221 1604 306 1639 cujus
323 1603 432 1630 mentio
449 1602 526 1629 facta
550 1602 649 1628 fuerat
676 1603 792 1636 tempus
817 1599 911 1636 magis

74 1650 261 1683 claresceret,
279 1648 381 1684 paucis
396 1648 508 1674 inserta
530 1649 610 1674 sunt.

111 1695 186 1722 Huic
202 1693 342 1721 Adventio
366 1691 521 1723 successit,
540 1693 572 1718 ut
585 1690 723 1718 diximus.
740 1689 825 1717 Walo
850 1688 910 1724 epi-

967 406 1068 439 postca
1083 406 1127 431 est
1143 406 1301 438 servatum,
1318 403 1465 440 multique
1484 412 1536 440 pro
1550 404 1675 431 divervis
1687 404 1797 431 incom-

968 448 1063 476 modis
1079 455 1111 475 eo
1128 448 1196 475 tacti
1214 450 1242 475 et
1267 448 1347 475 uncti
1373 456 1440 476 vera
1466 447 1638 476 retulerunt
1661 447 1799 475 remedia.

968 493 1072 529 Opinio
1087 492 1166 529 vulgi
1182 493 1253 526 erat,
1267 495 1295 520 et
1311 492 1491 528 quibusdam
1509 492 1733 521 revelationibus
1744 489 1799 520 sibi

968 537 1068 573 plures
1079 539 1229 564 ostensum
1239 545 1302 565 esse
1313 537 1462 567 dicebant.
1473 537 1620 573 lacrymas
1631 545 1680 564 eas
1693 539 1800 564 sancta:

969 582 1091 618 virginis
1101 590 1175 614 esse,
1188 582 1297 618 quibus
1309 581 1483 609 imminente
1496 582 1579 609 urbis
1590 581 1797 615 interitu,iram

969 626 1086 655 Domini
1102 629 1232 654 avertere
1245 625 1408 654 laborabat.
1422 626 1483 654 Non
1496 634 1707 662 usquequaque
1718 634 1798 653 error

968 671 1165 704 damnandus,
1183 671 1233 707 qui
1247 671 1314 698 licet
1329 672 1358 698 et
1373 679 1406 698 ex
1420 671 1546 707 simplici
1563 673 1661 699 mente
1677 671 1795 698 descen-

968 716 1051 749 dens,
1059 715 1192 743 nonnihil
1203 717 1300 743 tamen
1309 715 1507 750 intelligentiae
1520 714 1695 751 perspicitur
1706 714 1795 742 conti-

968 768 1036 788 nere
1049 768 1055 787 :
1068 759 1215 796 siquidem
1230 759 1326 787 oleum
1342 759 1468 796 ﬁguram
1484 759 1796 795 misericordizeJacry-

969 812 1022 832 mae
1031 805 1145 832 motum
1157 803 1326 840 exprimunt
1336 802 1535 840 indulgentiae.
1544 803 1604 831 Etsi
1615 803 1693 831 enim
1706 802 1735 830 in
1745 801 1794 830 illa

968 857 1091 877 summas
1105 848 1210 876 laetitias
1226 847 1343 876 civitate
1358 847 1440 876 dolor
1450 847 1561 882 nullus,
1576 847 1664 876 nullae
1674 848 1793 876 omnino

968 894 1028 922 sint
1037 893 1182 929 lacrymzs,
1196 892 1245 920 ubi
1257 893 1404 929 absterget
1419 892 1496 920 Deus
1507 901 1624 921 omnem
1635 892 1792 929 lacrymam

968 939 1004 967 ab
1020 937 1112 966 oculis
1128 940 1314 970 sanctorum;
1330 944 1387 964 non
1404 937 1563 973 incongrue
1578 939 1677 965 tamen
1692 937 1794 965 Domi-

969 991 1025 1011 nus
1040 982 1133 1010 oculis
1149 981 1288 1009 humanis
1305 981 1476 1017 hujusmodi
1493 981 1620 1017 speciem
1640 982 1794 1009 ostendam

967 1027 1069 1060 voluit,
1088 1035 1139 1062 per
1153 1034 1242 1061 quam
1258 1026 1387 1062 prudens
1410 1026 1535 1062 quisque
1561 1026 1718 1062 colligeret,
1735 1033 1794 1062 qua

967 1072 1120 1104 suavitate,
1138 1078 1230 1106 quove
1246 1070 1356 1097 lumine
1372 1070 1400 1097 in
1416 1073 1574 1106 conspectu
1589 1070 1731 1098 claritatis
1743 1070 1793 1098 Dei

968 1116 1067 1143 anima
1078 1115 1127 1142 illa
1135 1117 1237 1142 sancta
1243 1115 1393 1150 gauderet,
1402 1115 1486 1149 cujus
1493 1114 1539 1142 hic
1550 1115 1792 1142 exstinctuscinis

968 1160 1162 1195 tamjucundo
1172 1159 1309 1187 cordibus
1317 1159 1547 1195 etpnlcherrimo
1556 1159 1648 1186 oculis
1655 1160 1792 1195 mysterio

969 1205 1175 1240 resplenderct.
1204 1204 1305 1231 Exitus
1331 1206 1428 1231 tamen
1454 1212 1551 1230 rerum
1578 1204 1703 1237 edocuit,
1721 1204 1792 1239 quid

969 1250 1054 1276 beata
1069 1249 1148 1284 virgo
1166 1249 1193 1275 in
1210 1248 1325 1275 occulto
1340 1256 1391 1284 pro
1408 1248 1523 1275 civitate
1539 1248 1707 1282 obtinuerit,
1724 1256 1791 1277 cum

968 1302 1032 1320 eam
1048 1293 1089 1320 ita
1104 1292 1232 1328 periculo
1249 1292 1411 1328 proximam
1427 1301 1444 1319 ιι
1460 1292 1653 1320 barbarorum
1670 1293 1791 1321 infesta—

969 1337 1057 1370 tione,
1074 1340 1103 1364 et
1119 1337 1143 1364 si
1160 1345 1217 1364 non
1243 1336 1390 1372 lacrymis,
1407 1339 1486 1364 certe
1510 1337 1647 1373 precibus
1670 1338 1792 1373 virginis

969 1381 1215 1410 inenarrabilibus
1231 1381 1366 1408 Christus
1381 1381 1615 1408 inenarrabiliter
1630 1382 1721 1409 ﬂexus
1736 1383 1791 1410 im-

969 1435 1089 1454 munem
1105 1426 1274 1453 reddiderit.

1002 1471 1047 1498 30.
1058 1470 1118 1497 Sub
1128 1478 1160 1497 eo
1169 1470 1268 1503 etiam,
1278 1470 1327 1505 qui
1338 1469 1405 1497 huic
1415 1473 1479 1505 post
1488 1479 1598 1497 annum
1614 1471 1791 1506 subrogatus

968 1515 1162 1550 est,episcopo
1170 1515 1327 1550 Ruotperto
1334 1513 1663 1550 gentisAlcmannorum
1670 1515 1731 1543 viro
1737 1515 1792 1543 cla-

968 1558 1154 1592 rissimo,olci
1170 1558 1306 1587 similiter
1320 1559 1468 1586 emanatio
1484 1567 1518 1587 ex
1528 1559 1592 1594 ipso
1603 1567 1686 1587 sacro
1697 1559 1793 1596 sepul-

967 1612 1015 1631 cro
1033 1603 1214 1639 frequentius
1229 1602 1291 1630 visa
1306 1605 1350 1630 est
1365 1603 1549 1638 profluxisse,
1563 1605 1595 1630 ut
1606 1612 1623 1630 a
1633 1603 1722 1631 latere
1733 1612 1794 1632 mo-

967 1647 1100 1675 numenti
1115 1647 1232 1682 longius
1246 1647 1275 1674 in
1292 1646 1385 1674 rivum
1402 1656 1453 1683 per
1465 1647 1665 1683 pavimentum
1688 1649 1791 1676 decur-

967 1695 1050 1720 reret.
1066 1692 1125 1719 Hoc
1141 1691 1177 1719 ab
1192 1691 1308 1719 ancillis
1318 1691 1369 1719 Dei
1380 1691 1503 1727 spongia
1517 1692 1791 1727 collectum,ctvaso

75 1748 198 1776 scopus,
215 1747 273 1774 quo
290 1740 419 1773 tempore
436 1735 605 1764 Berthulfus
629 1735 761 1762 Treveris
787 1735 907 1769 praeerat
923 1732 944 1765 C
963 1737 1053 1764 vitreo
1069 1736 1139 1763 dum
1156 1735 1327 1771 impleretur
1342 1736 1525 1770 destrictum,
1543 1745 1630 1772 super
1653 1740 1788 1765 sanctum

75 1783 330 1819 archiepiscopus,
348 1782 411 1817 ipso
436 1781 533 1808 adhuc
561 1779 662 1807 Carolo
692 1778 859 1814 superstite,
877 1780 906 1804 et

73 1829 189 1856 Joanne
206 1827 333 1863 quodam
350 1824 513 1853 universale
530 1832 635 1851 nomen
653 1832 733 1859 papa:
750 1825 876 1854 tenente,
890 1831 907 1848 a

74 1882 134 1909 quo
148 1875 177 1901 et
188 1873 250 1908 ipse
262 1871 346 1899 Walo
363 1870 485 1907 pallium
502 1866 906 1904 promeruit.QuiWalo,dum

74 1918 121 1945 vix
147 1919 261 1953 septem
288 1915 375 1943 annis
401 1913 554 1942 ecclesiam
583 1911 714 1943 rexisset,
736 1910 907 1938 excursione

74 1962 220 1989 Nortman
226 1968 261 1988 no
268 1968 344 1993 rum,
360 1961 516 1995 postquam
529 1956 627 1992 plures
638 1955 798 1983 Galliarum
810 1956 907 1990 partes

75 2008 238 2043 pervagata
255 2006 359 2038 fuerat,
372 2011 467 2039 usque
477 2000 610 2029 Treviros
620 1999 860 2033 acoedente,dum
866 1998 908 2026 eis

74 2051 195 2079 incaute
212 2057 362 2085 manuque
378 2047 487 2083 impari
499 2045 636 2082 congredi
653 2046 745 2081 parat,
762 2052 856 2080 usque
872 2044 908 2071 ad

75 2094 186 2129 locum,
204 2094 254 2130 qui
270 2093 379 2121 dicitur
393 2090 542 2123 Remicha,
558 2090 589 2117 in
603 2089 701 2117 littore
716 2087 910 2122 Mosellie,ob-

80 2139 161 2166 viam
171 2137 251 2165 venit
261 2135 451 2165 Nortmannis
463 2135 606 2170 impetum
618 2133 771 2161 minaciter
781 2132 911 2161 facienti-

82 2182 138 2210 bus
148 2190 153 2209 :
162 2182 234 2210 dum
242 2181 289 2209 his
302 2180 388 2208 nullm
399 2179 434 2207 ad
446 2178 642 2206 resistendum
651 2179 812 2213 suppetunt
822 2177 909 2209 vires,

83 2236 142 2256 non
160 2226 363 2263 prmliumjam
374 2224 457 2257 illud,
470 2223 520 2251 sed
532 2225 644 2258 strages
656 2222 830 2249 miserorum
844 2221 909 2253 fuit,

83 2272 124 2299 ibi
141 2271 299 2307 episcopus
313 2277 380 2298 cum
390 2268 501 2296 cmteris
511 2267 714 2294 obtruncatur.
722 2266 833 2301 Corpus
845 2268 910 2301 post

84 2315 201 2343 cladem
218 2313 318 2342 Metim
334 2313 471 2345 relatum,
482 2313 511 2339 et
525 2311 553 2338 in
570 2310 692 2338 basilica
707 2311 801 2338 sancti
817 2310 911 2338 Salva-

85 2359 170 2393 toris,
188 2367 277 2394 quam
293 2357 356 2394 ipse
366 2357 396 2384 in
412 2355 580 2393 sepulcrum
591 2354 647 2382 sibi
660 2354 773 2391 pridem
783 2363 800 2382 ιι
811 2355 912 2383 funda-

86 2404 197 2432 mentis
211 2403 404 2435 exstruxerat,
421 2400 580 2436 sepultum.
594 2399 688 2435 Hujus
700 2399 790 2435 igitur
803 2401 913 2435 tempo-

88 2447 172 2476 ribus
181 2447 361 2483 jemjamque
368 2443 739 2480 obituipsiusimminente,
746 2442 912 2473 luctiferum

86 2492 159 2527 quid
176 2493 307 2519 monstro
323 2490 386 2526 ipso
403 2490 594 2525 prmsagante,
606 2496 622 2515 ιι
635 2489 717 2523 parte
728 2487 853 2523 sepulcri
871 2497 912 2517 sa-

87 2543 144 2563 crm
159 2535 292 2572 virginis,
309 2543 372 2571 quae
387 2534 476 2570 pedes
496 2532 623 2568 respicit,
638 2532 735 2560 oleum
752 2541 808 2561 non
825 2532 915 2569 phan-

88 2580 240 2613 tasticum,
251 2580 302 2608 sed
310 2586 422 2611 verum,
432 2578 512 2605 dictu
522 2576 655 2604 mirabile
665 2577 671 2604 l
684 2577 779 2605 visum
789 2580 833 2605 est
839 2585 915 2605 enia-

88 2632 187 2653 nasse.
203 2624 262 2653 Hoc
287 2632 345 2652 non
369 2623 454 2651 modo
478 2621 549 2657 ipsis
573 2621 847 2650 sanctimonialibus
871 2622 913 2650 vel

89 2669 218 2703 aedituis,
229 2669 280 2704 qui
298 2670 386 2696 noctu
400 2670 488 2702 atque
502 2665 628 2694 interdiu
639 2666 714 2693 sacri
726 2666 851 2702 sepulcri
863 2666 914 2693 ad-

89 2711 241 2740 herebant
256 2711 396 2745 excubiis,
412 2718 513 2738 verum
529 2709 583 2737 toti
599 2709 663 2737 urbi
683 2709 849 2744 perclaruit.
867 2709 915 2736 Vi-

88 2757 167 2784 derit
176 2757 301 2793 quisque
310 2756 339 2784 in
348 2764 437 2791 quam
448 2757 561 2792 partem
573 2754 627 2782 hoc
639 2754 822 2790 interpretari
834 2754 911 2782 velit.

90 2800 167 2829 Illud
183 2803 260 2830 certe
276 2800 437 2830 multorum
453 2802 481 2827 et
492 2799 573 2826 visus
597 2798 730 2834 probavit
745 2800 773 2826 et
798 2800 911 2831 tactus;

88 2844 201 2880 diuque
216 2845 256 2873 ita
270 2852 412 2874 emanans
430 2843 478 2871 ille
500 2842 598 2878 liquor
621 2842 743 2875 efﬂuxit,
761 2844 793 2870 ut
818 2841 915 2878 specie

89 2890 118 2917 et
130 2897 187 2916 usu
199 2888 296 2917 oleum
309 2887 453 2925 palpabile
469 2888 699 2923 reprzescntaret,
712 2888 741 2913 et
751 2894 768 2914 ιι
778 2888 859 2921 parte
870 2895 916 2922 pe-

90 2932 163 2961 dum
176 2934 211 2961 ad
222 2933 327 2970 capitis
337 2941 430 2968 usque
440 2931 567 2960 conﬁnia
577 2930 745 2968 sepulcrum
757 2930 917 2959 madeface-

251 2996 384 3028 PATROL.
402 2994 570 3026 CXXXVII.

962 1780 1131 1816 sepulcrum
1156 1783 1201 1808 est
1225 1782 1389 1808 reverenter
1413 1788 1594 1816 appensum;
1611 1781 1647 1808 de
1670 1790 1738 1816 quo,
1756 1784 1788 1808 ut

962 1825 1134 1861 pranlictum
1160 1826 1214 1858 est,
1232 1824 1330 1859 plures
1353 1825 1408 1851 sibi
1436 1825 1564 1852 remedia
1593 1834 1787 1861 praesumpse-

963 1871 1041 1896 runt.
1222 1895 1235 1904 κ

963 1914 1041 1944 ,⁷31.
1059 1914 1094 1941 Et
1107 1915 1138 1941 ut
1154 1922 1211 1940 non
1227 1914 1293 1941 vani
1309 1913 1379 1949 quid
1396 1913 1491 1941 simile
1507 1913 1561 1941 hoc
1577 1914 1715 1941 mstimari
1733 1914 1787 1942 da-

962 1959 1053 1990 retur,
1071 1957 1142 1985 illud
1159 1955 1257 1993 palam
1270 1957 1384 1985 cunctis
1394 1960 1423 1985 et
1433 1959 1503 1985 tunc
1519 1958 1660 1993 temporis
1676 1958 1787 1986 factum

963 2004 1017 2035 est,
1033 2004 1062 2030 et
1074 2009 1125 2037 per
1140 2000 1301 2030 multorum
1317 2010 1378 2035 ora,
1395 2002 1446 2038 qui
1471 2003 1613 2037 viderant,
1631 2003 1734 2032 exinde
1750 2003 1787 2031 ad

964 2054 1017 2074 nos
1033 2054 1126 2082 usque
1141 2046 1280 2079 cucurrit,
1298 2046 1375 2081 quod
1394 2047 1432 2074 ibi
1450 2055 1484 2074 ex
1500 2047 1562 2083 ipso
1578 2046 1640 2075 oleo
1655 2047 1788 2084 contigit.

965 2091 1032 2119 Erat
1048 2093 1156 2119 sancta:
1168 2090 1239 2118 tedis
1249 2090 1329 2118 illius
1341 2093 1451 2124 custos,
1465 2092 1582 2120 nomine
1596 2092 1686 2126 Doda,
1699 2100 1789 2128 quam

966 2143 1024 2163 una
1039 2143 1184 2169 serorum,
1202 2136 1288 2171 cujus
1303 2144 1380 2163 cura:
1390 2138 1451 2163 erat
1467 2135 1626 2165 oratorium
1641 2137 1791 2172 quoddam

964 2180 1071 2207 sancta)
1087 2180 1183 2208 crucis
1199 2179 1273 2207 infra
1289 2181 1371 2215 septa
1387 2180 1481 2216 ipsius
1497 2181 1790 2216 monasterii,impor-

964 2226 1034 2252 tune
1051 2224 1171 2260 rogavit,
1185 2227 1217 2253 ut
1232 2232 1282 2252 vas
1293 2224 1428 2258 vitreum,
1439 2225 1516 2260 quod
1528 2224 1625 2253 oleum
1637 2225 1708 2254 illud
1721 2225 1791 2253 divi-

965 2277 1037 2296 num
1053 2268 1231 2301 continebat,
1247 2269 1303 2296 sibi
1319 2269 1355 2296 ad
1371 2269 1449 2297 idem
1461 2278 1537 2297 cura:
1549 2277 1608 2297 sum
1618 2269 1788 2304 oratorium,

966 2313 1050 2349 quasi
1068 2313 1170 2348 majori
1189 2314 1351 2341 reverentia
1366 2321 1424 2340 ase
1436 2313 1475 2341 ibi
1492 2313 1667 2341 servandum
1683 2313 1791 2341 tribue-

966 2359 1019 2385 ret.
1032 2358 1100 2390 Ouzn
1111 2357 1181 2385 dum
1193 2357 1309 2386 levitate
1325 2358 1484 2387 admodum
1500 2359 1654 2386 temeraria
1669 2366 1790 2386 manum

967 2410 1055 2437 super
1069 2401 1247 2437 sepulcrum,
1263 2410 1321 2437 quo
1342 2410 1394 2430 vas
1418 2411 1581 2439 appensum
1606 2404 1790 2437 meminerat,

968 2444 1154 2480 porr-exisset,
1172 2448 1203 2473 ut
1227 2446 1358 2480 poscenti
1383 2446 1476 2480 daret,
1497 2455 1644 2482 nusquam
1670 2447 1790 2476 invenit.

970 2489 1073 2517 Mirata
1084 2490 1111 2516 et
1122 2491 1260 2523 tremens,
1272 2489 1342 2517 dum
1356 2491 1424 2518 item
1436 2490 1563 2527 itemque
1579 2492 1725 2528 palpando
1738 2492 1794 2520 sol-

968 2533 1076 2561 licitius
1092 2533 1264 2568 exploraret,
1282 2542 1334 2562 nec
1359 2535 1467 2563 sentire
1492 2535 1551 2564 ullo
1574 2536 1660 2564 modo
1682 2540 1791 2573 posset,

969 2585 1035 2605 cum
1051 2580 1150 2605 tamen
1165 2577 1273 2605 ibidem
1289 2587 1339 2607 vas
1355 2579 1432 2607 idem
1449 2582 1481 2607 ut
1496 2581 1625 2616 positum
1640 2581 1731 2611 fuerat
1743 2582 1794 2609 de-

968 2622 1117 2656 penderet,
1132 2621 1253 2649 ridiculo
1267 2623 1338 2651 satis
1350 2623 1537 2653 diludebatur
1546 2626 1732 2654 errore.Cum
1744 2635 1797 2654 cac-

971 2669 1046 2693 teras
1062 2666 1241 2700 advocasset,
1259 2667 1387 2704 ipszeque
1404 2668 1539 2698 similiter
1554 2679 1622 2698 cum
1637 2678 1673 2698 ea
1682 2671 1796 2700 diutius

970 2709 1140 2737 errabundas
1156 2718 1214 2745 prie
1230 2711 1323 2739 oculis
1338 2720 1454 2748 semper
1479 2713 1629 2749 haberent,
1647 2722 1700 2743 nec
1714 2715 1794 2745 Vide-

968 2753 1025 2781 iint
1036 2763 1042 2787 ;
1059 2753 1178 2782 lucerna
1192 2755 1325 2785 adhibita
1335 2756 1412 2785 circa
1419 2757 1587 2794 sepulcrum
1598 2759 1656 2788 huc
1666 2759 1796 2796 illucque

967 2807 1043 2826 vana
1056 2798 1193 2835 indagine
1206 2801 1415 2836 perquirebaat
1428 2810 1435 2829 :
1452 2803 1570 2831 tandem
1581 2806 1735 2840 postquam
1747 2812 1795 2832 sa-

969 2842 1007 2871 tis
1018 2842 1082 2878 jam
1097 2842 1225 2872 ludibrio
1239 2843 1446 2881 hujuscemodi
1460 2849 1530 2876 sunt
1541 2848 1677 2884 fatigate,
1689 2848 1736 2876 vix
1746 2847 1797 2875 ali-

971 2886 1089 2922 quando
1098 2886 1266 2924 contingere
1277 2891 1436 2925 potuerunt
1445 2891 1622 2928 depositum.
1630 2891 1745 2920 Partem
1752 2891 1796 2927 ip-

972 2930 1163 2967 siusliquoris
1171 2933 1273 2962 eadem
1282 2937 1382 2965 custos
1391 2935 1447 2964 sibi
1454 2943 1645 2972 praesumens,
1653 2935 1736 2963 fratri
1742 2942 1798 2975 suo

1615 2996 1635 3039 ἓ
