3868 6478
305 573 423 636 235

1171 574 1498 639 JOANNIS
1543 574 1875 637 ABBATIS
1921 573 1987 634 S.
2033 574 2375 637 ARNULFI
2422 574 2844 637 METENSIS.

3600 581 3707 637 236

302 706 426 762 viro
445 707 713 779 religioso
730 707 1065 780 presbytero
1084 708 1387 781 Angelerio
1407 709 1478 765 ad
1499 708 1806 765 ecclesiam
1831 725 1959 765 san-
1984 709 2040 776 Α
2069 708 2374 764 sistentem
2405 712 2460 764 et
2491 723 2624 764 cum
2657 709 2914 780 quodam
2946 709 3190 781 imperio
3205 709 3416 781 jubere
3438 714 3501 765 ut
3523 728 3713 784 surge-

306 794 384 850 eti
415 795 736 851 Salvatoris
766 795 825 851 in
857 795 1061 851 eadem
1093 797 1238 852 urbe
1267 813 1373 868 pro
1402 796 1665 869 reliquiis
1713 813 1956 853 munere

305 882 488 950 misit,
520 900 622 940 vas
655 883 852 955 ipsum
885 902 1020 941 cum
1051 884 1278 957 reliqua
1306 891 1471 957 parte
1519 886 1734 958 petenti
1785 887 1952 943 socias

302 969 528 1039 tribuit,
563 976 620 1028 et
649 973 899 1029 oratorio
932 991 1109 1047 supra
1139 976 1294 1031 dicto
1328 975 1401 1029 ab
1424 975 1551 1047 ipsa
1575 980 1662 1030 est
1694 977 1956 1048 deporta-

304 1064 454 1116 tum.
492 1060 622 1117 Mox
666 1061 795 1134 ipsa
824 1067 1025 1120 custos
1059 1064 1369 1120 temeraria
1398 1082 1504 1136 pro
1533 1069 1651 1119 tam
1687 1066 1762 1119 im
1772 1064 1952 1137 probo

302 1167 452 1208 ausu
482 1152 739 1208 amentia
771 1169 832 1209 se
858 1154 1002 1209 satis
1035 1154 1212 1226 digna
1251 1172 1422 1228 poena
1469 1155 1812 1228 corripitur;
1847 1174 1952 1210 nec

301 1239 466 1310 prius
497 1240 786 1296 medelam
812 1242 1091 1314 consequi
1123 1243 1330 1314 potuit,
1355 1260 1532 1314 quam
1564 1260 1631 1298 ex
1665 1244 1948 1316 utrisque,

301 1328 518 1398 quibus
550 1328 782 1402 largitio
810 1330 912 1386 illa
941 1331 1142 1403 inepta
1166 1333 1352 1387 fuerat
1372 1333 1546 1398 facta,
1573 1334 1728 1405 quod
1753 1334 1952 1390 illicito

301 1415 506 1472 datum
538 1423 687 1484 erat,
718 1420 1093 1491 reciperetur,
1126 1425 1183 1476 et
1211 1420 1337 1477 loco
1382 1438 1487 1477 suo
1531 1439 1708 1495 super
1755 1424 1949 1496 sepul-

301 1519 490 1573 crum,
523 1509 588 1561 ut
614 1507 799 1579 prius,
832 1507 1057 1580 integre
1088 1513 1500 1581 reponeretur:
1535 1528 1674 1566 nam
1723 1529 1856 1568 mox
1889 1517 1952 1568 ut

301 1593 361 1649 id
395 1593 612 1652 factum
640 1599 748 1664 est,
782 1595 876 1652 vix
902 1597 1093 1669 spatio
1125 1597 1377 1654 duarum
1399 1599 1677 1655 horarum
1712 1601 1952 1657 interce-

300 1681 476 1738 dente
506 1700 662 1740 sanaa
690 1685 906 1740 mentis
937 1689 993 1742 et
1022 1685 1348 1757 plenissimi
1382 1705 1592 1746 sensus
1613 1689 1818 1746 etl‘ecta
1838 1695 1946 1747 est.

299 1769 382 1826 Ex
409 1771 613 1827 eodem
646 1777 869 1844 postea,
904 1777 972 1828 ut
1001 1772 1225 1830 dictum
1248 1781 1355 1843 est,
1386 1775 1510 1832 oleo
1532 1776 1730 1850 plures
1752 1783 1946 1850 caput,

299 1857 500 1916 oculos
529 1858 617 1917 vel
647 1864 856 1917 cratera
884 1859 1012 1917 loca
1040 1862 1300 1934 corporis
1342 1864 1604 1921 dolentes
1636 1867 1778 1922 dum
1811 1883 1946 1923 eon-

295 1946 609 2020 tingerent,
643 1948 872 2006 meritis
901 1954 1116 2007 sanctis
1146 1951 1390 2025 virginis
1421 1954 1744 2026 saepissime
1775 1973 1837 2013 se
1868 1973 1951 2013 re-

298 2039 525 2093 creatos
556 2042 612 2092 et
643 2037 897 2110 perfecte
926 2045 1239 2096 senserunt
1267 2047 1519 2098 curatos.

369 2126 458 2180 32.
489 2125 672 2183 Multa
701 2132 981 2198 praeterea
1013 2130 1376 2201 temporibus
1396 2132 1660 2202 ejusdem
1687 2133 1947 2190 Rotberti

297 2212 578 2284 episcopi,
612 2230 716 2270 nec
749 2216 995 2284 minora,
1030 2218 1432 2290 superioribus
1461 2221 1532 2274 ad
1566 2220 1717 2277 idem
1749 2239 1946 2278 sacro-

297 2308 570 2359 sanctum
589 2303 926 2375 sepulcrum
944 2303 1231 2362 Dominus
1247 2307 1279 2363 J
1285 2323 1422 2363 esus
1439 2309 1707 2366 Christus
1721 2317 1948 2384 estope—

297 2393 412 2448 rari
429 2393 706 2464 dignatus
728 2392 1031 2462 miracula,
1051 2411 1119 2450 ex
1136 2395 1350 2466 quibus
1369 2397 1736 2470 subsequens
1761 2400 1946 2473 stylus

295 2481 564 2554 expedire
595 2482 792 2555 aliqua
823 2483 1072 2541 tentabit
1102 2501 1168 2542 eo
1217 2486 1502 2554 securius,
1538 2504 1653 2558 quo
1703 2489 1944 2560 multos,

295 2571 396 2643 qui
428 2571 520 2628 his
549 2571 959 2640 interfuerunt,
995 2578 1195 2630 nostra
1218 2578 1382 2632 aetate
1403 2577 1764 2647 superfuisse
1787 2585 1944 2634 certe

295 2661 709 2733 comperimus;
727 2678 873 2734 quos
897 2662 956 2718 in
977 2661 1253 2719 idoneum
1278 2664 1684 2722 testimonium
1708 2668 1948 2726 advoca-

293 2753 384 2806 tos
415 2765 586 2806 nemo
617 2754 706 2807 est
736 2749 836 2822 qui
873 2750 1060 2823 possit
1110 2751 1387 2808 refellere.
1423 2753 1502 2809 Ex
1535 2754 1661 2826 ipsa
1709 2771 1944 2829 quoque

291 2842 628 2895 curaturum
659 2839 832 2897 turba
861 2839 1128 2897 nonnulli
1159 2840 1278 2898 haec
1300 2841 1429 2915 ipsa
1454 2848 1653 2900 nostra
1683 2850 1945 2918 tempora

291 2927 635 3000 attigerunt.

361 3016 454 3073 33.
490 3017 720 3088 Mulier,
749 3018 844 3073 cui
865 3017 1188 3092 Hildigardi
1220 3036 1432 3077 nomen
1464 3024 1794 3091 erat,annis
1813 3029 1940 3082 octo

291 3105 595 3162 oculorum
628 3105 758 3161 luce
787 3108 1030 3178 privata,
1064 3123 1167 3178 spe
1199 3126 1314 3163 non
1344 3126 1534 3178 cassa,
1568 3111 1940 3170 salutiferum

289 3193 624 3265 sepulcrum
643 3195 901 3266 expetiit.
924 3195 1007 3250 lbi
1028 3196 1271 3251 noctein
1290 3197 1549 3253 excubiis
1565 3215 1935 3270 permanens,

288 3286 605 3353 antequam
637 3281 1039 3352 dilueesceret,
1073 3284 1450 3340 miseratione
1482 3285 1677 3342 divina
1715 3288 1938 3360 virgine

285 3370 700 3440 intercedente,
735 3370 880 3427 nihil
914 3373 1102 3429 noctis
1137 3373 1506 3430 obstantibus
1540 3376 1936 3445 tenebrrs,lu-

1977 2083 2025 2150 B

2064 801 2169 864 ret,
2192 801 2249 852 et
2280 796 2371 852 bis
2403 797 2504 870 qui
2525 802 2665 853 tunc
2699 798 2842 852 forte
2873 796 3205 869 pavimento
3235 797 3557 865 instabant,
3581 817 3707 873 ope-

2064 890 2222 942 rator
2251 886 2376 959 ipse
2399 886 2874 959 conjungeretur,
2895 903 3165 958 opusque
3181 885 3376 958 ipsum
3399 887 3600 958 perfici
3617 890 3710 944 ad-

2055 975 2308 1045 juvaret.
2344 975 2556 1031 Statim
2607 980 3000 1047 experrectus,
3032 979 3090 1029 et
3138 973 3284 1030 nihil
3336 974 3597 1047 pristinae
3629 977 3709 1033 de-

2062 1062 2304 1119 bilitatis
2355 1063 2411 1119 in
2463 1080 2524 1118 se
2573 1079 3020 1135 recognoscens,
3053 1063 3221 1119 laetus
3271 1062 3508 1133 exsiliit,
3550 1069 3610 1120 et
3657 1070 3714 1121 ut

2053 1151 2264 1222 jussus
2283 1152 2487 1220 fuerat,
2510 1150 2861 1207 mirantibus
2886 1151 3175 1207 universis
3187 1153 3258 1207 ad
3281 1169 3429 1224 opus
3449 1157 3710 1222 accessit,

2063 1240 2342 1312 nulloque
2375 1240 2610 1313 segnior
2643 1240 2700 1295 in
2735 1241 3030 1312 operando
3053 1240 3348 1312 apparuit,
3369 1242 3564 1297 sciens
3587 1261 3711 1315 pro-

2062 1329 2211 1384 fecto
2246 1329 2650 1385 beatissimam
2682 1329 2970 1402 virginem
3002 1329 3398 1386 desideratam
3427 1331 3536 1386 sibi
3573 1349 3710 1404 pra:-

2061 1417 2282 1472 stitisse
2315 1416 2591 1473 salutem.

2130 1507 2219 1561 36.
2251 1505 2590 1578 Adelburga
2637 1504 2850 1561 mulier
2897 1505 3219 1574 dicebatur,
3254 1523 3354 1562 ore
3384 1512 3442 1562 et
3469 1507 3710 1565 naribus

2060 1594 2314 1667 plurimo
2347 1594 2636 1668 sanguine
2676 1595 2878 1650 diutus
2928 1595 3134 1661 ﬂuens,
3163 1595 3290 1666 jam
3321 1595 3380 1651 in
3413 1595 3541 1668 ipso
3586 1597 3710 1653 vitm

2058 1700 2241 1757 agens
2259 1683 2620 1753 discrimine,
2643 1700 2778 1739 cum
2803 1683 2949 1740 nihil
2981 1685 3374 1756 undecunque
3395 1685 3448 1740 ei
3470 1685 3710 1741 remedii

2059 1777 2257 1845 posset
2285 1790 2610 1829 occurrere.
2645 1774 2813 1828 Forte
2835 1773 2959 1830 dies
2993 1773 3296 1829 natalitius
3326 1774 3711 1832 sanctissimae

2057 1860 2300 1935 virginis
2318 1861 2376 1916 in
2395 1861 2720 1917 crastinum
2745 1860 3091 1918 imminebat
3111 1880 3122 1930 ;
3148 1878 3315 1934 spem
3332 1861 3486 1919 illico
3505 1863 3713 1920 salutis

2057 1967 2126 2005 ex
2153 1949 2348 2006 divino
2380 1966 2742 2024 praesumens
2773 1949 3001 2018 solatio,
3037 1949 3363 2020 candelam,
3385 1967 3512 2024 qua:
3548 1958 3714 2009 nocte

2057 2037 2389 2112 vigiliarum
2419 2039 2610 2112 ipsius
2641 2039 3030 2096 solemnitatis
3064 2045 3196 2095 ante
3228 2057 3390 2096 aram
3440 2047 3708 2098 sanctam

2058 2126 2257 2184 lumen
2290 2129 2593 2200 praeberet,
2626 2133 2757 2184 voto
2790 2129 3036 2201 propriae
3061 2129 3328 2185 sanitatis
3344 2129 3714 2187 direxit.Mox

2057 2233 2126 2272 ea
2157 2216 2380 2289 perlata
2410 2222 2673 2290 optatam
2707 2217 2934 2272 Christo
2969 2235 3071 2290 per
3106 2221 3373 2274 sanetam
3421 2219 3708 2291 virginem

2057 2309 2331 2378 operante
2344 2305 2594 2361 salutem
2611 2305 2956 2378 promeruit.
2973 2305 3160 2361 Simili
3181 2307 3353 2363 modo
3370 2307 3457 2362 vir
3469 2307 3711 2379 quidam

2056 2412 2124 2448 ex
2155 2393 2289 2451 villa
2322 2393 2636 2464 Fadiliaco,
2669 2395 2905 2450 nomine
2938 2393 3237 2464 Hilleicus,
3261 2395 3485 2451 habens
3517 2396 3708 2453 filium

2056 2482 2306 2541 debilem
2339 2487 2395 2540 et
2425 2482 2706 2539 membris
2739 2483 3328 2555 omnibusinutilem,
3350 2490 3551 2540 votum
3575 2503 3710 2542 san-

2055 2577 2158 2628 eta:
2203 2573 2479 2630 candelas
2531 2572 2699 2630 altari
2751 2572 2938 2646 ipsius
2988 2572 3207 2643 intulit,
3245 2590 3309 2630 ac
3362 2590 3466 2645 pro
3515 2592 3587 2632 eo
3634 2575 3710 2630 ibi

2055 2679 2286 2734 precem
2316 2663 2680 2735 profundens
2712 2663 2954 2720 domum
2986 2679 3254 2719 reversus
3275 2661 3496 2718 invenit
3519 2664 3711 2720 filium

2053 2768 2287 2808 sanum.
2323 2751 2470 2818 Quid
2503 2751 2720 2809 femina
2752 2750 2871 2818 illa,
2908 2768 3036 2824 quae
3069 2751 3170 2807 diu
3209 2757 3527 2816 contracta,
3566 2753 3710 2808 dum

2053 2845 2185 2897 vota
2235 2839 2332 2898 illo
2379 2840 2686 2898 candelam
2738 2840 3019 2912 misisset,
3049 2840 3398 2913 priusquam
3451 2841 3712 2898 ecclesiae

2052 2928 2298 2985 candela
2317 2930 2449 3001 ipsa
2467 2928 2980 2997 intromitteretur,
3007 2929 3327 3001 perfectam
3351 2928 3609 2986 emeruit
3629 2941 3714 2987 se-

2051 3016 2485 3090 spitatemliaie
2506 3033 2574 3072 ex
2586 3015 2724 3070 villa
2755 3015 3134 3073 Columbaria
3151 3017 3278 3086 fuit,
3301 3021 3356 3072 et
3371 3033 3476 3090 per
3519 3023 3711 3075 totum

2049 3104 2315 3161 mstivum
2328 3109 2561 3177 tempus
2573 3104 2950 3176 italanguida
2965 3106 3248 3162 membris
3264 3105 3546 3163 omnibus
3565 3125 3716 3179 pene

2048 3197 2434 3261 emarcuerat,
2469 3197 2534 3246 ut
2564 3209 2668 3248 nec
2701 3208 2972 3263 gressum
3005 3193 3202 3266 figere,
3232 3211 3337 3250 nec
3361 3193 3478 3249 nisi
3499 3196 3711 3252 alienis

2048 3281 2325 3336 manibus
2355 3279 2572 3336 valeret
2602 3279 2814 3334 etferri.
2846 3279 2975 3335 Alia
3004 3297 3119 3335 non
3152 3281 3376 3354 dispari
3407 3285 3586 3339 modo
3613 3285 3711 3339 diu

2046 3367 2257 3425 debilis
2273 3374 2330 3424 et
2345 3369 2554 3424 clauda
2570 3367 2954 3435 decumbens,
2973 3369 3044 3422 ad
3063 3369 3372 3424 ecclesiam
3397 3374 3540 3443 pcrd
3551 3379 3708 3438 ucta,

286 3457 444 3515 mine
473 3477 618 3533 puro
647 3459 862 3517 donata
892 3465 997 3517 est.
1037 3461 1180 3517 Item
1203 3460 1543 3519 adolescens
1565 3481 1770 3534 caecus,
1791 3467 1931 3522 dum
1964 3450 2007 3517 C
2046 3458 2272 3530 integre
2305 3457 2384 3512 ibi
2415 3461 2506 3512 est
2534 3461 2756 3511 sanata.

285 3547 628 3621 aliquandiu
658 3549 812 3606 infra
841 3549 1146 3606 basilicam
1179 3551 1575 3608 visitationem
1616 3570 1932 3626 supernam

283 3643 661 3710 exspectaret,
692 3639 918 3696 meritis
944 3638 1187 3712 virginis
1209 3640 1401 3697 visum
1422 3641 1673 3713 perfecte
1693 3644 1928 3716 recepit.

283 3727 542 3793 Femina,
575 3728 812 3784 nomine
842 3728 976 3799 Osa,
1012 3729 1414 3802 quinquennio
1446 3729 1672 3801 clauda,
1705 3731 1842 3788 illuc
1869 3751 1930 3792 se

281 3831 493 3889 rogans
511 3816 1053 3884 deferri,mensibus
1067 3818 1394 3875 sexibidem
1414 3818 1692 3893 languida
1701 3821 1941 3894 jacens,.

279 3904 543 3961 divinum
575 3904 1047 3964 indeﬁcientibus
1069 3907 1283 3964 animis
1307 3908 1751 3979 praestolabatur
1775 3912 1931 3968 auxi-

277 3993 422 4050 lium
457 4011 471 4050 :
505 4009 610 4051 nec
642 3997 808 4067 prius
830 4013 864 4051 a
889 3996 1025 4052 fidei
1048 4012 1168 4053 sua;
1188 3996 1471 4054 instantia
1494 3999 1926 4072 destitit,quam

278 4083 607 4138 mercedem
657 4083 848 4138 fidelis
894 4085 1355 4156 perseverantiae,
1390 4085 1744 4144 soliditatem
1795 4106 1927 4146 om-

277 4172 443 4227 nium
473 4171 873 4228 membrorum
906 4173 1244 4246 perciperet,
1275 4175 1645 4249 pedibusque
1674 4177 1926 4250 propriis

275 4259 536 4332 gaudens
567 4259 798 4328 rediret,
833 4277 960 4333 qua:
993 4261 1269 4319 manibus
1307 4263 1513 4322 alienis
1562 4263 1702 4322 illuc
1749 4266 1926 4325 allata

276 4348 405 4405 fuit.

340 4437 432 4496 34.
448 4440 697 4507 Quidam
713 4439 984 4498 similiter
999 4440 1246 4499 claudus
1260 4444 1590 4516 vespertino
1606 4445 1922 4518 aliquando

274 4532 532 4601 tempore
561 4530 804 4604 grabato
825 4530 1189 4602 deportatus,
1211 4537 1269 4588 et
1293 4549 1396 4604 pro
1421 4533 1645 4590 foribus
1666 4534 1922 4594 basilicae

270 4617 519 4688 positus,
552 4619 696 4675 dum
726 4619 955 4694 copiam
987 4620 1099 4677 sibi
1131 4638 1197 4677 ea
1223 4627 1390 4677 nocte
1413 4622 1567 4678 intra
1585 4623 1767 4680 (edem
1794 4641 1924 4681 san-

269 4709 426 4763 ctam
453 4708 792 4778 quiescendi
825 4709 1254 4782 deprecaretur,
1282 4727 1387 4767 nec
1419 4711 1682 4768 obtinere
1713 4712 1922 4769 valuis-

2112 3549 2201 3602 37.
2232 3545 2487 3601 Audiant
2517 3543 2674 3600 aliud
2709 3543 2914 3600 divina:
2957 3543 3484 3600 animadversionis
3517 3549 3711 3605 docu-

2043 3640 2309 3692 mentum
2339 3633 2422 3704 hi,
2456 3633 2558 3707 qui
2589 3651 2658 3690 ea
2699 3649 2824 3705 qua:
2871 3631 3051 3689 semel
3104 3631 3352 3688 Domino
3400 3645 3707 3704 voverant,

2042 3724 2244 3780 illicita
2274 3722 2731 3797 praesumptione
2762 3737 2878 3778 non
2909 3721 3119 3777 timent
3147 3718 3492 3794 effringere;
3529 3728 3591 3778 et
3620 3725 3705 3779 vel

2041 3813 2229 3887 pcenis
2260 3810 2766 3868 manifestioribus
2797 3811 3046 3876 discant,
3083 3809 3288 3880 quanti
3329 3808 3406 3865 sit
3452 3811 3708 3882 periculi

2040 3901 2332 3975 promissa
2362 3918 2478 3957 non
2529 3900 2794 3970 reddere,
2820 3915 2947 3971 quas
2979 3899 3294 3970 Scriptum
3343 3899 3707 3958 testimoniis

2042 3991 2358 4048 noluerunt
2387 4005 2723 4063 agnoscere.
2756 3987 2860 4043 Vir
2891 3987 3062 4044 Metis
3092 3986 3245 4042 inter
3271 4003 3412 4042 suos
3443 4004 3563 4043 non
3597 3989 3702 4045 ob-

2039 4097 2273 4150 scurus,
2303 4079 2399 4136 cui
2429 4077 2793 4135 Adelmanno
2827 4092 3040 4133 nomen
3072 4080 3217 4142 erat,
3243 4074 3424 4129 filiam
3455 4073 3515 4129 in
3548 4075 3703 4148 ipsis

2037 4168 2246 4244 primis
2275 4169 2446 4226 annis
2467 4167 2568 4224 Dei
2584 4171 2642 4224 et
2661 4166 2842 4240 hujus
2865 4169 3082 4222 sanctis
3107 4163 3478 4220 Glodesindis
3506 4164 3700 4221 famu-

2037 4258 2184 4317 latui
2214 4257 2276 4314 in
2304 4257 2510 4315 habitu
2541 4255 2875 4314 sanctitatis
2903 4259 3036 4312 voto
3083 4251 3391 4325 delegavit.
3426 4252 3558 4308 Haec
3589 4253 3695 4309 ubi

2034 4348 2238 4408 adulta
2263 4352 2377 4421 est,
2408 4350 2597 4420 patre,
2620 4349 2686 4403 ut
2702 4346 2928 4413 dicunt,
2957 4342 3162 4415 ignaro
3183 4345 3241 4396 et
3261 4339 3465 4406 invito,
3486 4357 3697 4412 quem-

2033 4439 2168 4497 dam
2193 4441 2354 4495 extra
2375 4437 2584 4494 urbem
2617 4432 2983 4491 elandestino
3013 4433 3219 4487 secuta
3245 4433 3334 4484 est
3381 4427 3692 4484 matrimo-

2031 4528 2149 4585 nio.
2177 4528 2443 4598 Cumque
2471 4524 2534 4580 in
2565 4522 2669 4580 tali
2701 4521 2976 4594 eonjugio
3006 4523 3242 4592 tempus
3263 4515 3503 4589 aliquod
3527 4517 3691 4572 efﬂu-

2029 4618 2232 4682 xisset,
2266 4617 2414 4672 forte
2442 4612 2760 4683 aliquando
2791 4611 2925 4678 fuit,
2958 4614 3024 4665 ut
3050 4611 3321 4681 parentes
3351 4609 3411 4662 et
3449 4606 3691 4678 propin-

2030 4723 2178 4778 quos
2207 4707 2268 4761 in
2300 4705 2444 4761 urbe
2473 4700 2645 4760 vellet
2673 4700 2923 4757 revisere
2951 4715 2964 4754 :
2997 4697 3099 4754 ubi
3129 4697 3272 4752 dum
3303 4695 3428 4752 dies
3467 4693 3692 4766 aliquot

269 4799 376 4862 set,
408 4794 489 4851 ibi
522 4800 654 4853 ante
676 4799 926 4869 januam
949 4798 1064 4854 fide
1085 4816 1200 4855 non
1225 4816 1409 4856 vacua
1430 4817 1616 4873 usque
1640 4801 1698 4857 in
1726 4801 1916 4858 lucem
1958 4826 2005 4890 Β
2031 4800 2382 4861 moraretur,
2437 4792 2521 4850 ita
2573 4789 2880 4864 repentina
2959 4786 3364 4890 membrorum
3419 4783 3689 4840 omnium

265 4886 586 4952 pernoctat.
621 4885 764 4942 Ecce
795 4891 992 4943 autem
1023 4902 1194 4942 mane
1217 4888 1412 4944 subito
1435 4889 1657 4945 viribus
1680 4889 1919 4946 validio-

266 4969 429 5025 ribus
446 4971 881 5043 accedentibus,
903 4973 1052 5031 miro
1075 4974 1366 5047 celerique
1392 4978 1648 5048 quodam
1673 4977 1827 5034 saltu
1847 4977 1921 5034 le-

263 5061 355 5114 cto
385 5075 667 5116 excussus
699 5061 899 5118 relicto
932 5063 991 5118 in
1026 5062 1151 5121 loco
1184 5065 1388 5120 eodem
1433 5067 1702 5137 grabato,
1733 5068 1919 5139 gradu

264 5146 482 5204 directo
513 5148 584 5203 ad
612 5148 914 5206 tumulum
946 5157 1216 5207 sanctum
1250 5153 1535 5224 processit
1567 5153 1720 5211 clare
1742 5160 1796 5210 et
1814 5172 1917 5226 pa-

263 5233 380 5291 lam
411 5235 698 5308 virginem
730 5242 996 5295 sanctam
1028 5239 1441 5296 Glodesindem
1475 5242 1671 5297 divino
1701 5243 1917 5300 auxilio

262 5329 561 5381 auctorem
579 5342 700 5382 suae
716 5327 1018 5398 sospitatis
1033 5327 1490 5399 proelamans,et
1503 5331 1918 5403 gratiasquan-

262 5416 321 5469 to
352 5412 701 5485 praevalebat
729 5415 987 5472 referens
1019 5415 1358 5486 ampliores,
1390 5417 1631 5473 vocibus
1681 5421 1916 5492 magnis

262 5500 362 5558 Dei
394 5506 726 5574 sanctasque
757 5502 1002 5576 virginis
1029 5503 1398 5576 gloriﬁcabat
1427 5504 1821 5563 clementiam.

2031 4883 2419 4939 dissolutione
2450 4885 2750 4936 contracta
2781 4883 2894 4946 est,
2926 4880 2994 4933 ut
3023 4892 3126 4931 nec
3159 4873 3306 4930 lecto
3351 4887 3689 4944 exsurgere,

2031 4989 2135 5029 nec
2168 4970 2281 5028 nisi
2311 4970 2502 5027 alieno
2534 4967 2864 5024 ministerio
2889 4966 3014 5022 loco
3037 4966 3236 5036 posset
3257 4959 3498 5017 moveri.
3532 4961 3684 5016 Tum

2030 5067 2194 5134 pater
2221 5060 2340 5115 voti
2374 5057 2760 5114 reminiscens
2793 5056 2866 5112 ad
2897 5050 3324 5110 monasterium
3373 5065 3502 5104 eam
3554 5049 3687 5104 fecit

2029 5149 2262 5207 deferri.
2294 5150 2429 5214 Quae
2460 5147 2541 5202 ibi
2564 5145 2834 5216 dimissa,
2853 5146 3170 5217 postquam
3192 5137 3446 5196 multum
3465 5141 3689 5209 tempo-

2029 5240 2111 5295 ris
2145 5239 2203 5292 in
2237 5236 2519 5309 languore
2549 5234 2751 5290 tabida
2774 5235 3065 5306 jacuerat,
3099 5229 3172 5285 ab
3227 5225 3457 5284 ancillis
3499 5225 3604 5281 Dei
3637 5226 3686 5281 ei

2027 5342 2270 5384 suasum
2303 5330 2414 5391 est,
2447 5328 2511 5379 ut
2541 5339 2775 5378 sacrum
2806 5321 3074 5378 velamen
3115 5317 3229 5374 sibi
3279 5317 3593 5388 imponens
3624 5330 3684 5370 se

2025 5417 2140 5474 Deo
2159 5415 2509 5472 servituram
2539 5410 2924 5484 promitteret.
2945 5410 3188 5466 Factum
3206 5408 3315 5473 est,
3333 5403 3494 5459 etdie
3511 5403 3682 5459 tertio

2023 5521 2170 5561 sana
2198 5507 2256 5560 et
2281 5499 2594 5559 incolumis
2622 5499 2850 5556 reddita
2879 5501 2990 5569 est,
3015 5501 3081 5554 ut
3097 5491 3332 5569 pristini
3357 5489 3580 5549 doloris
3611 5504 3681 5547 ne

329 5590 420 5647 35.
452 5589 618 5649 Alius
646 5593 785 5648 item
817 5591 1090 5649 infirmus
1121 5595 1179 5649 et
1204 5593 1364 5649 omni
1396 5592 1610 5650 virtute
1653 5596 1912 5668 corporis
2022 5591 2334 5664 vestigium
2368 5589 2606 5662 quidem
2658 5587 2897 5660 aliquod
2929 5585 2990 5642 in
3024 5601 3087 5641 se
3118 5580 3488 5668 persentiret,
3522 5584 3580 5636 et
3612 5581 3681 5634 de

261 5679 603 5748 destitutus,
619 5697 755 5736 cum
778 5678 1123 5751 aliquandiu
1144 5680 1204 5736 in
1221 5681 1348 5753 ipso
1371 5685 1573 5738 sancto
1596 5681 1720 5740 loco
1743 5701 1912 5756 opem

259 5766 350 5822 sui
381 5767 839 5839 prastolaretur,
863 5769 1119 5839 quadam
1143 5769 1239 5825 die
1260 5785 1468 5842 sopore
1492 5775 1794 5844 correptus
1816 5773 1913 5830 ob-

261 5853 594 5932 dormisset,
615 5858 772 5918 videt
792 5855 905 5918 sibi
922 5855 982 5922 in
1004 5858 1228 5921 somnis
1250 5859 1482 5922 beatam
1504 5859 1790 5940 virginem
1814 5877 1904 5918 as-

2025 5681 2247 5752 reliquo
2269 5681 2329 5736 in
2347 5679 2566 5736 eodem
2594 5676 2950 5734 monasterio
2983 5673 3094 5732 sub
3127 5671 3336 5730 habitu
3381 5667 3679 5742 religionis

2193 5766 2370 5824 ausit.

2064 5785 2094 5825 e
2193 5784 2370 5824 αηειι.

2023 5786 2060 5842 p
2204 5857 2350 5916 Item
2370 5855 2588 5916 femina
2609 5855 2899 5930 quaedam,
2920 5850 3370 5925 duodecimjam
3387 5861 3674 5907 annorum
