3868 6478
101 657 115 667 ,
191 589 304 648 237

1171 587 1271 648 DE
1314 577 1922 652 TRANSLATIONE
1963 589 2030 650 S.
2079 589 2614 654 GLODESINDIS.

3486 589 3604 653 238

187 721 364 792 pedes
387 719 696 791 languidos
719 718 976 785 trahens,
1005 721 1238 774 nomine
1260 721 1426 787 Alda,
1453 722 1522 775 ad
1557 725 1843 775 monaste-
1864 717 1924 790 Α
1953 721 2192 789 riorum,
2219 725 2434 794 quibus
2455 726 2580 796 jam
2615 726 2861 781 Domino
2885 728 3198 782 miserante
3220 734 3486 799 tempora
3507 727 3604 784 ilo-

185 811 337 864 rium
371 809 624 864 adducta
653 824 756 880 por
775 824 875 862 sex
902 825 1088 863 annos
1112 809 1330 864 ibidem
1354 810 1564 864 debilis
1598 808 1838 864 mansit.

180 895 444 968 Cumque
475 895 697 950 crebris
727 911 923 950 coram
946 894 1127 950 altare
1150 895 1683 968 supplicationibus
1703 892 1844 950 divi.

180 999 323 1041 num
355 985 465 1041 sibi
501 985 706 1040 adesse
749 985 964 1056 saepius
1015 988 1356 1057 precaretur
1405 983 1710 1051 auxilium,
1747 985 1840 1041 die

179 1075 433 1147 quadam
464 1072 764 1145 inopinato
787 1073 870 1126 ita
898 1073 1150 1144 perfecte
1182 1077 1388 1128 sanata
1420 1075 1528 1140 est,
1554 1077 1620 1128 ut
1650 1072 1834 1129 libero

179 1177 386 1235 gressu
424 1161 644 1232 ubique
678 1162 942 1232 gaudens
976 1162 1286 1218 incederet.

249 1250 337 1308 39.
362 1252 766 1307 Dzrmoniacus
793 1252 1030 1322 quidam
1053 1268 1120 1306 ex
1139 1250 1277 1306 villa
1298 1251 1520 1318 Marlei,
1539 1251 1830 1315 Wolferus

178 1340 391 1407 dictus,
416 1340 494 1394 ita
527 1340 896 1394 atrocissime
930 1344 986 1393 et
1010 1355 1224 1395 vesano
1246 1340 1457 1412 spiritu
1493 1339 1680 1394 fuerat
1710 1357 1831 1411 per-

175 1445 374 1496 vasus,
401 1433 466 1484 ut
493 1430 758 1484 omnium
785 1446 846 1484 se
882 1430 1148 1484 notitiam
1183 1429 1397 1484 habere
1421 1427 1756 1501 linguarum
1779 1432 1836 1484 et

177 1517 329 1573 situs
360 1522 706 1573 cunctarum
745 1519 995 1588 jactarct
1045 1534 1215 1573 nosse
1263 1521 1570 1574 terrarum.
1609 1519 1710 1573 Hic
1759 1519 1830 1574 ad

174 1621 410 1662 sacrum
453 1607 770 1678 perductus
819 1607 1266 1673 monasterium,
1302 1621 1368 1662 ac
1415 1623 1517 1680 per
1547 1607 1672 1664 dies
1704 1613 1832 1664 octo

170 1693 253 1748 ibi
289 1695 582 1762 detentus,
611 1695 799 1768 gratia
819 1695 1036 1750 Christi
1061 1712 1126 1749 ac
1152 1695 1380 1750 meritis
1400 1695 1644 1769 virginis
1665 1697 1831 1752 hoste

166 1784 391 1856 fugato,
417 1785 632 1840 mentis
652 1783 905 1838 libertati
928 1784 1150 1854 integre
1177 1783 1488 1840 restitutus
1521 1785 1826 1841 abscessit.

165 1874 315 1930 Item
365 1871 701 1929 adolescens
733 1871 974 1944 quidam
1021 1890 1089 1928 ex
1140 1871 1280 1927 villa
1331 1871 1633 1940 Lauriaco,
1658 1877 1714 1928 et
1746 1873 1825 1929 fe-

161 1963 341 2017 mina:
375 1967 625 2035 quatuor
665 1960 833 2018 {mdis
884 1961 1190 2033 spiritibus
1237 1961 1512 2028 obsessae,
1548 1961 1628 2017 ibi
1659 1962 1823 2018 simi-

1955 815 2102 878 rent,
2139 810 2245 865 hoc
2284 818 2551 884 expetere
2579 813 2848 886 voluptas
2896 816 3220 872 videbatur.
3253 817 3600 888 Quanquam

1953 914 2024 954 ne
2057 900 2128 954 ad
2162 899 2312 955 hanc
2340 901 2577 972 quidem
2611 907 2834 973 partem
2877 904 3019 958 mihi
3054 903 3312 976 aliquam
3344 904 3601 960 scientias

1951 990 2392 1061 praerogaverim
2440 990 2796 1057 facultatem,
2833 994 2954 1064 qui,
2991 996 3055 1047 ut
3084 1008 3215 1048 vere
3255 993 3457 1059 fateor,
3492 991 3600 1048 fre-

1919 1143 1922 1146 ,
1949 1077 2226 1148 quentius
2249 1080 2442 1132 tamen
2465 1077 2524 1133 in
2543 1079 2714 1136 dictis
2732 1095 2907 1152 quam
2926 1081 3160 1153 scriptis
3183 1080 3364 1136 nimio
3387 1080 3598 1135 rubore

1948 1165 2258 1222 suti'undor
2282 1183 2294 1221 :
2318 1171 2375 1222 et
2397 1169 2508 1222 nisi
2532 1167 2889 1241 aliquorum,
2906 1169 3009 1241 qui
3031 1169 3176 1225 forte
3202 1169 3260 1224 in
3284 1185 3377 1224 me
3398 1180 3597 1223 amore

1947 1253 2227 1310 labuntur
2249 1257 2592 1327 improvido,
2620 1257 2842 1313 stimuli
2863 1257 3194 1323 incitarent,
3210 1258 3444 1330 penitus
3465 1273 3596 1310 con-

1949 1344 2204 1410 ticerem,
2230 1346 2303 1399 ob
2331 1345 2437 1399 hoc
2458 1345 2544 1400 vel
2579 1347 2998 1418 maxime,quia
3027 1348 3133 1403 etsi
3168 1347 3430 1411 scientia,
3456 1361 3596 1416 qua-

1944 1431 2076 1486 liter
2107 1439 2444 1504 przesrntes,
2478 1438 2536 1490 et
2566 1436 2664 1507 qui
2709 1451 2777 1490 ex
2807 1436 2937 1508 ipsa
2972 1436 3122 1490 inter
3153 1453 3257 1490 nos
3287 1438 3592 1490 consuetu-

1943 1520 2078 1575 dine
2129 1523 2414 1594 quidquid
2465 1539 2562 1578 ore
2618 1524 2896 1579 exciderit
2950 1525 3218 1597 probant,
3269 1523 3588 1595 accipiant;

1943 1613 2247 1667 secuturos
2277 1617 2430 1667 certe
2453 1616 2554 1668 aut
2583 1614 2823 1668 omnino
2854 1612 3135 1686 ingratos,
3162 1619 3263 1669 aut
3293 1629 3409 1668 non
3443 1609 3592 1666 mul-

1941 1701 2068 1752 tum
2101 1698 2221 1754 haec
2251 1705 2560 1756 curaturos
2609 1701 2752 1757 satis
2795 1702 3104 1774 perspicio.
3138 1701 3363 1769 Quibus
3393 1705 3588 1757 tamen

1941 1787 2095 1857 quod
2128 1789 2413 1844 acerrimo
2442 1790 2615 1845 dente
2637 1790 2693 1844 in
2718 1790 2960 1846 (amulos
2992 1790 3378 1862 Hieronymus
3409 1805 3590 1860 prom-

1938 1873 2056 1929 mio
2087 1875 2501 1933 Hebraicarum
2536 1879 2926 1950 quaestionum
2971 1878 3114 1946 fixit,
3146 1878 3543 1950 objiciendum
3563 1886 3584 1931 ':

1940 1985 1968 2012 «
1987 1963 2297 2036 Peregrina
2318 1983 2540 2022 merces
2558 1970 2788 2022 tantum
2805 1967 3136 2024 volentibus
3154 1967 3282 2023 navi
3305 1966 3581 2022 defertur.

160 2052 301 2106 liter
360 2068 467 2124 ope
539 2050 951 2107 sacratissimis
1017 2051 1261 2123 virginis
1328 2051 1518 2106 curari
1594 2041 1821 2106 merue-
1852 2083 1904 2150 Β
1936 2051 2295 2120 Balsamum,
2332 2053 2515 2126 piper,
2550 2059 2608 2110 et
2647 2071 2820 2128 poma
2868 2055 3200 2128 palmarum
3233 2053 3437 2109 rustici
3468 2068 3582 2107 non

162 2145 326 2195 runt.

237 2231 327 2284 40.
363 2230 464 2284 llis
494 2229 594 2284 illa
625 2245 739 2285 non
774 2230 1091 2301 incongrue
1131 2229 1442 2283 inserenda
1481 2233 1814 2296 censentur,

160 2319 221 2373 in
256 2317 475 2389 quibus
506 2317 662 2382 fidei,
687 2318 779 2372 cui
813 2318 1011 2372 omnia
1042 2316 1305 2372 Salvator
1335 2317 1602 2388 perbibet
1631 2317 1816 2388 possi-

162 2407 326 2475 bilia,
362 2408 568 2480 ingens
599 2407 930 2462 ostenditur
959 2408 1400 2474 documentum,
1428 2410 1490 2460 ut
1527 2407 1680 2478 quod
1717 2424 1816 2460 na-

160 2502 298 2551 tura
329 2511 539 2568 negare
571 2494 954 2562 convincitur,
989 2500 1191 2550 sancta
1230 2500 1286 2552 et
1327 2495 1610 2550 innocens
1641 2495 1815 2567 virgi-

158 2585 316 2640 nitas
353 2583 556 2639 merito
583 2583 709 2639 suis
740 2582 969 2639 efficere
1003 2599 1176 2654 posse
1208 2583 1505 2654 probetur.

225 2674 315 2727 41.
349 2672 429 2728 Ex
458 2671 550 2728 bis
571 2688 699 2744 quas
722 2670 927 2729 habitu
960 2671 1114 2727 inter
1145 2670 1327 2727 laicas
1359 2671 1632 2744 religioso
1659 2671 1818 2728 obla-

149 2760 343 2815 tiones
377 2760 584 2818 altario
626 2760 850 2817 deferre
896 2765 1346 2829 consueverunt,
1383 2761 1651 2832 quaedam
1685 2761 1813 2829 fuit,

152 2850 397 2905 nomine
432 2847 795 2921 Raginaldis,
839 2865 968 2920 qua)
1002 2849 1074 2905 ad
1107 2848 1412 2905 basilicam
1444 2845 1690 2922 virginis
1721 2865 1816 2905 ve-

154 2939 350 3006 niens,
389 2937 716 3006 vasculum,
754 2954 870 3009 quo
899 2938 1101 2994 vinum
1132 2939 1204 2994 ad
1237 2955 1404 2994 sacra
1433 2939 1584 3007 (334)
1617 2955 1815 2993 secum

157 3027 506 3099 hujusmodi
538 3025 901 3083 circumferri
933 3025 1103 3091 solet,
1127 3026 1369 3098 plenum
1399 3025 1688 3082 detulerat
1712 3043 1724 3082 :
1748 3043 1817 3082 ex

157 3131 282 3188 quo
311 3115 455 3170 dum
503 3114 631 3188 ipsa
674 3113 1006 3182 obtulisset,
1056 3119 1115 3170 et
1163 3115 1408 3182 caeteris,
1443 3131 1570 3186 qua;
1620 3115 1818 3187 plures

160 3205 448 3261 oblatum
479 3209 888 3272 convenerant,
920 3204 1062 3259 dum
1104 3204 1257 3275 quod
1305 3204 1596 3275 superfuit
1625 3209 1815 3259 totum

160 3291 485 3360 divisisset,
518 3295 755 3362 repente
782 3290 1084 3346 vasculum
1125 3292 1320 3362 ipsum
1353 3291 1509 3363 quod
1533 3293 1662 3363 jam
1692 3308 1817 3347 om-

160 3381 310 3436 nino
341 3379 690 3436 exbaustum
722 3380 986 3452 putabat,
1021 3384 1338 3447 attentans,
1360 3381 1494 3434 vino
1527 3385 1591 3435 ut
1632 3381 1816 3452 prius,

159 3470 457 3543 repletum
494 3470 750 3525 maxime
782 3486 918 3525 cum
950 3474 1188 3541 stupore
1221 3470 1460 3526 invenit.

240 3563 330 3616 42.
355 3559 565 3616 Custos
588 3559 856 3631 quaedam
878 3559 1144 3630 ejusdem
1167 3576 1345 3614 sacras
1371 3560 1533 3628 aedis,
1559 3560 1699 3615 dum
1727 3561 1821 3615 die

160 3651 424 3723 quadam
449 3647 648 3704 missis
669 3647 1032 3704 celebrandis
1051 3648 1254 3702 vinum
1273 3647 1585 3720 quaesitum
1608 3666 1823 3721 nequa-

161 3755 348 3813 quam
384 3738 443 3792 in
475 3740 749 3809 promptu
781 3740 980 3807 posset
1026 3736 1292 3803 inveniri,
1327 3737 1399 3792 ad
1431 3753 1626 3792 arcam
1659 3738 1820 3793 illam

161 3845 288 3901 qua
319 3827 512 3883 nescio
535 3827 606 3882 de
633 3841 811 3882 causa
840 3825 1104 3893 accessit,
1130 3825 1230 3880 ubi
1256 3826 1383 3897 jam
1415 3829 1570 3882 retro
1602 3843 1636 3881 a
1657 3842 1818 3882 men-

159 3918 336 3974 sibus
367 3917 482 3972 fere
504 3915 694 3972 tribus
715 3913 1038 3982 vasculum,
1066 3914 1219 3985 quod
1251 3913 1311 3968 in
1346 3914 1587 3969 modum
1621 3914 1823 3969 ﬂasco—

160 4005 260 4064 nis
284 4005 510 4079 parvuli
526 4003 897 4077 (butticulam
921 4002 1239 4075 appellant)
1251 4019 1498 4060 vacuum
1521 4007 1577 4058 et
1598 4003 1820 4060 siccum

163 4095 556 4170 dependebat.
588 4096 736 4148 Area
765 4095 966 4165 aperta
1013 4091 1318 4147 vasculum
1356 4090 1555 4164 ipsum
1581 4091 1714 4147 vino
1746 4093 1819 4148 ad

165 4175 475 4241 summum
497 4197 684 4253 usque
700 4179 1009 4252 impletum
1025 4179 1278 4235 viditzex
1301 4196 1417 4250 quo
1439 4184 1497 4235 et
1517 4178 1820 4235 sacrificiis

165 4279 313 4335 tunc
344 4273 684 4329 ministrum
717 4275 835 4341 est;
869 4273 926 4326 et
948 4269 1216 4340 quaedam
1246 4268 1435 4341 ipsius
1458 4267 1570 4324 loci
1603 4268 1822 4326 femina

166 4364 398 4420 dudum
415 4360 668 4434 graviter
685 4358 1135 4431 languida,dum
1154 4374 1223 4413 ex
1242 4357 1446 4412 eodem
1458 4357 1590 4415 vino
1611 4373 1821 4430 parum

167 4451 316 4525 quid
347 4449 460 4507 sibi
509 4447 943 4505 absorbendum
1001 4446 1383 4518 poposcisset,
1413 4462 1548 4501 mox
1589 4449 1822 4518 gustato

167 4542 426 4600 salutem
456 4540 744 4613 integram
776 4535 1155 4608 recuperavit.

243 4626 635 4686 43.1’aschali
687 4625 940 4697 quadam
991 4623 1358 4680 solemnitate
1409 4623 1602 4695 puella
1651 4639 1821 4689 οωοα,

169 4716 487 4790 cujusdam
517 4713 763 4771 Joannis
793 4713 936 4770 civis
968 4711 1246 4768 Metensis
1277 4711 1416 4781 filia,
1450 4713 1522 4768 ad
1555 4716 1823 4768 sanctum

1929 2145 2200 2196 emant.»
2238 2142 2322 2198 Ita
2351 2147 2408 2198 et
2448 2142 2528 2196 illi
2583 2143 2632 2199 si
2680 2143 3072 2215 pespexerint,
3107 2158 3178 2198 ne
3231 2142 3468 2214 quidem
3501 2139 3582 2195 le-

1929 2234 2087 2302 gant,
2124 2247 2331 2287 moneo
2371 2237 2428 2287 et
2475 2249 2598 2297 oro,
2631 2233 2772 2288 dum
2825 2234 3062 2288 tandem
3093 2232 3207 2287 voti
3261 2231 3374 2285 mei
3427 2231 3581 2301 apud

1928 2319 2112 2374 Deum
2153 2325 2211 2374 et
2260 2325 2522 2375 sanctam
2555 2323 2684 2392 ejus
2713 2321 3020 2392 virginem,
3056 2321 3228 2390 cujus
3277 2335 3371 2373 me
3420 2334 3586 2372 amor

1927 2409 2105 2462 traxit
2129 2408 2500 2476 immodicus,
2526 2426 2688 2480 spem
2713 2409 2963 2464 fideliter
2983 2413 3404 2480 praesumptam
3436 2406 3580 2461 mihi

1928 2513 2043 2549 non
2077 2497 2309 2567 penitus
2340 2496 2659 2565 invideant,
2688 2497 2774 2552 vel
2808 2496 3222 2553 intercludant.

2007 2585 2088 2638 ιδ.
2113 2585 2244 2640 Jam
2269 2587 2408 2657 quia
2439 2587 2510 2640 ad
2534 2590 2795 2640 nostram
2827 2590 3054 2641 aetatem
3080 2601 3170 2640 res
3192 2585 3471 2657 perducta
3493 2588 3582 2638 est

1928 2671 2302 2728 liberioribus
2342 2673 2549 2746 spatiis
2579 2675 2975 2740 decurrentes,
3008 2674 3276 2741 breviter,
3311 2687 3439 2742 qua:
3468 2671 3577 2726 Do-

1928 2761 2125 2817 minus
2181 2763 2350 2819 nobis
2407 2762 2598 2818 videre
2658 2763 2974 2828 concessit,
3011 2763 3382 2817 adnotamus.
3445 2761 3582 2815 Post

1929 2850 2272 2921 Rotpertum
2305 2851 2405 2922 qui
2439 2852 2507 2906 40
2539 2851 2770 2922 praefuit
2797 2849 3282 2922 annis.Wigirieo
3310 2850 3378 2904 10
3406 2848 3581 2904 annis

1926 2939 2227 3011 pontificio
2282 2945 2482 2996 exacto
2523 2940 2640 2995 vita
2686 2940 3018 3006 decedente,
3054 2937 3424 2994 dum'Benno
3454 2936 3578 3009 qui-

1927 3029 2084 3096 dam,
2121 3027 2179 3082 in
2212 3028 2511 3083 cremitica
2555 3027 2994 3084 conversatione
3032 3027 3256 3082 dudum
3290 3026 3574 3092 famosus,

1928 3117 2081 3172 bona
2107 3118 2430 3172 intentione
2461 3116 2712 3172 Heinriei
2743 3121 2886 3171 tunc
2917 3115 3090 3189 regis,
3124 3115 3310 3188 patris
3337 3113 3575 3186 gloriosi

1929 3209 2130 3277 postea
2155 3205 2399 3261 Caasaris
2442 3205 2640 3260 domni
2687 3203 2934 3269 Ottonis,
2967 3205 3156 3260 cidem
3189 3207 3344 3258 esset
3372 3201 3579 3257 subro-

1926 3299 2119 3366 gatus,
2146 3295 2357 3366 vixque
2387 3294 2690 3350 biennium
2730 3294 2789 3348 in
2831 3311 2997 3350 sacro
3028 3293 3231 3349 ordine
3260 3291 3578 3364 exegisset;

1931 3384 2172 3440 infanda
2200 3387 2257 3438 et
2288 3383 2466 3438 nimis
2499 3383 2858 3456 lacrymabili
2897 3381 3262 3439 servulorum
3300 3395 3582 3452 quorum-

1855 3444 1901 3512 Ο
1929 3473 2068 3526 dam
2117 3472 2367 3527 factione
2409 3444 2749 3540 excaecatus,
2783 3476 2841 3526 et
2886 3471 3113 3527 inutilis
3156 3444 3440 3534 redditus,
3467 3483 3584 3539 quo

1929 3558 2094 3630 fungi
2127 3574 2242 3613 non
2265 3561 2490 3630 poterat
2519 3557 2708 3612 ofﬁcio
2731 3574 2858 3613 sese
2891 3558 3014 3630 ipse
3037 3557 3328 3612 abdicavit
3351 3572 3364 3610 :
3388 3554 3526 3609 inde
3549 3571 3583 3609 a

1929 3647 2192 3718 principe
2211 3645 2489 3702 electione
2517 3645 2697 3717 petita
2719 3651 2776 3701 et
2800 3646 3133 3716 impetrata,
3155 3643 3348 3700 virum
3379 3643 3578 3715 magni

1929 3739 2062 3806 post
2081 3734 2347 3789 futurum
2364 3733 2656 3805 praeconii,
2671 3733 2979 3788 dominum
2996 3731 3439 3798 Adelberonem,
3456 3729 3578 3784 hinc

1930 3829 2134 3881 sancta
2153 3824 2320 3880 sedes
2341 3823 2557 3894 adepta
2577 3825 2685 3879 est.
2708 3822 2809 3878 Hic
2837 3820 3193 3877 monasteria
3213 3835 3579 3891 quaecunque

1930 3929 2032 3984 per
2061 3911 2512 3985 amplitudinem
2553 3928 2672 3967 suis
2720 3915 2886 3967 erant
2935 3909 3329 3980 providentiae,
3363 3911 3516 3963 retro
3547 3923 3582 3962 a

1929 4001 2134 4060 multis
2154 4002 2281 4072 jam
2305 3999 2475 4055 annis
2505 3998 2751 4054 interius
2773 4003 2830 4054 et
2849 3997 3104 4054 exterius
3136 3995 3500 4069 spiritalibus
3525 3999 3582 4050 et

1928 4089 2328 4163 corporalibus
2359 4088 2570 4160 opibus
2618 4087 2868 4144 nimium
2916 4087 3083 4160 lapsa
3131 4085 3327 4142 studio
3375 4087 3582 4158 praeter

1929 4184 2136 4236 caetera
2165 4177 2392 4251 egregie
2415 4176 2681 4234 animum
2713 4193 3055 4248 recuperare
3088 4174 3336 4231 induxit.
3370 4174 3440 4229 Et
3469 4172 3582 4246 pri-

1931 4284 2094 4323 mum
2125 4265 2364 4338 quidem
2396 4266 2445 4338 ej
2456 4282 2524 4322 us
2546 4281 2788 4337 operum
2812 4263 3211 4336 spiritualium
3234 4263 3440 4320 Gorzia
3461 4278 3582 4317 mo-

1931 4357 2254 4413 nasterium
2277 4353 2404 4423 fuit,
2425 4353 2526 4411 ubi
2550 4370 2898 4426 magnarum
2915 4353 3200 4408 virtutum
3219 4351 3339 4408 viro
3362 4351 3578 4406 domno

1931 4444 2214 4519 Eginoldo
2237 4445 2383 4516 (335)
2419 4446 2706 4516 promoto,
2739 4446 2796 4498 et
2825 4441 2984 4497 brevi
3016 4439 3252 4512 copiosa
3282 4438 3582 4509 religioso-

1934 4551 2065 4591 rum
2096 4534 2272 4590 turba
2291 4549 2357 4590 eo
2380 4532 2728 4600 confluente,
2753 4534 2809 4586 et
2835 4529 2892 4584 in
2921 4527 3342 4585 beatitudinem
3369 4541 3584 4598 paupe-

1933 4639 2066 4681 rum
2100 4622 2310 4696 spiritu
2332 4622 2442 4678 sub
2467 4620 2668 4694 regula
2688 4618 2841 4675 beati
2865 4616 3157 4673 Benedicti
3184 4614 3578 4686 conspirante,

1933 4713 2007 4769 ad
2037 4714 2166 4784 ejus
2195 4710 2494 4782 exemplar
2513 4707 2739 4780 reliqua
2758 4710 2919 4763 extra
2939 4705 3026 4764 vel
3050 4704 3202 4760 infra
3237 4703 3494 4760 virorum
3516 4716 3586 4757 ac

170 4803 512 4878 sepulcrum
535 4801 836 4873 perducta,
854 4799 995 4855 dum
1019 4816 1122 4871 per
1143 4803 1261 4855 tres
1283 4799 1408 4855 dies
1430 4798 1649 4856 ibidem
1675 4817 1840 4857 man.
1858 4808 1907 4874 Ῑ)
1939 4801 2311 4864 feminarum,
2347 4797 2395 4854 si
2430 4814 2545 4870 qua
2566 4797 2742 4853 etiam
2764 4796 2873 4852 sub
2907 4793 3141 4850 nomine
3168 4790 3584 4848 canonicorum

171 4893 368 4962 sisset,
394 4892 523 4964 ipsa
543 4893 752 4962 quarta
782 4905 959 4944 sacra
988 4886 1372 4945 hebdomadis
1393 4888 1536 4944 feria
1568 4905 1670 4961 per
1703 4905 1828 4962 gra-

170 4982 320 5038 tiam
353 4978 646 5036 cmlestem
675 4977 866 5034 visum
899 4975 1149 5049 pleniter
1178 4980 1267 5032 est
1296 4982 1629 5033 consecuta.

247 5071 336 5125 44.
369 5069 518 5137 Haec,
556 5071 620 5123 ut
648 5066 963 5134 valuimus,
989 5081 1058 5121 ex
1088 5064 1402 5137 prioribus,
1436 5082 1584 5136 quas
1615 5066 1830 5122 inveni-

174 5174 332 5225 mus,
359 5155 791 5213 transfudimus
820 5152 1052 5219 litteris,
1078 5169 1194 5208 non
1217 5153 1371 5223 quod
1395 5153 1660 5208 eamdem
1693 5153 1826 5210 scri-

175 5250 414 5318 pturam
470 5243 694 5300 nullam
746 5243 1193 5306 mstimaremus,
1230 5257 1356 5311 qum
1409 5241 1610 5312 utique
1661 5241 1831 5312 plena

176 5336 311 5390 fidei
344 5339 400 5391 et
430 5335 503 5390 ad
528 5349 722 5390 rerum
755 5336 1052 5404 gestarum
1085 5329 1347 5385 ordinem
1371 5329 1521 5385 vires
1545 5329 1831 5386 maximas

178 5422 622 5492 subministrat;
658 5421 759 5478 sed
792 5419 951 5491 quia,
984 5418 1066 5475 uti
1109 5417 1382 5490 praafatus
1422 5433 1574 5483 sum,
1608 5415 1830 5474 littera-

248 5531 400 5656 8334)
430 5529 617 5586 Locus
639 5518 841 5584 notatu
873 5526 1106 5597 dignus,
1142 5541 1208 5577 ex
1239 5539 1354 5594 quo
1385 5522 1688 5592 discimus,
1713 5523 1832 5578 vini

248 5627 252 5653 ν
280 5601 537 5656 stionem
564 5616 596 5655 a
623 5597 788 5655 laicis
811 5599 1022 5654 factam
1055 5595 1115 5650 in
1144 5594 1326 5650 missa
1348 5593 1522 5649 etiam
1543 5595 1753 5651 saeculo
1773 5613 1828 5650 Χ.

177 5593 537 5657 oblationem
564 5616 596 5655 a
623 5597 788 5655 laicis
811 5593 1022 5654 factam
1055 5595 1115 5650 in
1144 5593 1326 5650 missa
1348 5593 1522 5649 etiam
1543 5595 1753 5651 saeculo
1773 5613 1828 5650 κ.

250 5673 401 5743 (335)
433 5671 576 5743 Haec
607 5669 808 5743 fusius
843 5667 1136 5743 descripta
1164 5669 1304 5720 sunt
1350 5665 1408 5719 in
1458 5665 1618 5721 Actis
1651 5667 1709 5722 S.
1742 5667 1836 5722 Jo-

177 5739 354 5799 annis
381 5739 614 5798 abbatis
646 5739 995 5796 Gorziensis.

251 5815 401 5884 (336)
424 5814 572 5886 Ergo
594 5813 722 5884 jam
755 5816 1103 5886 eoAtempore
1131 5827 1164 5864 a
1194 5807 1620 5886 monasticaad
1653 5808 1833 5886 laxio-

177 5879 304 5945 rem
335 5879 752 5944 canonicarum
783 5879 1326 5938 vitamdcfecerant
1360 5879 1835 5939 sanctimoniales

1937 4894 2122 4956 erant,
2156 4887 2487 4958 composuit
2536 4883 2910 4942 monasteria.
2962 4881 3126 4939 Unde
3169 4885 3227 4937 et
3271 4879 3381 4936 hoc
3429 4878 3586 4935 idem

1937 4979 2118 5034 beata}
2147 4976 2390 5048 virginis
2421 4973 2732 5046 collegium
2764 4972 3036 5044 praefecte
3066 4971 3144 5027 ibi
3177 4971 3394 5025 domna
3425 4967 3586 5022 Him-

1939 5065 2237 5132 miltrude,
2260 5063 2564 5135 sanguine,
2591 5065 2648 5119 et
2677 5061 2853 5132 (quod
2880 5060 3073 5130 majus
3099 5060 3209 5131 est)
3233 5056 3442 5129 spiritu
3473 5054 3587 5111 sibi

1941 5153 2290 5227 propinqua,
2311 5151 2383 5207 ad
2413 5150 2799 5206 monasticam
2830 5146 3260 5202 institutionem
3276 5144 3429 5216 (336)
3458 5159 3586 5201 coe-

1941 5243 2043 5316 git.
2070 5242 2147 5297 De
2171 5241 2341 5312 cujus
2377 5238 2563 5294 sancti
2588 5235 2881 5308 pontificis
2919 5234 3112 5308 dignis
3155 5234 3270 5291 Deo
3311 5232 3588 5305 operibus

1942 5330 2242 5404 proprium
2261 5332 2349 5384 est
2365 5326 2568 5382 merito
2585 5326 2740 5398 quod
2759 5325 3122 5382 desideretur
3137 5323 3468 5395 opus(337),
3483 5335 3590 5376 nec

1942 5421 2119 5492 hujus
2151 5416 2380 5473 articuli
2415 5413 2698 5472 brevitate
2728 5417 2954 5470 tantam
2999 5410 3267 5469 concludi
3299 5411 3386 5468 fas
3415 5407 3592 5465 fuerit

1943 5529 2088 5592 istae,
2112 5525 2328 5599 quibus
2347 5522 2629 5599 Adalbero
2652 5520 2976 5599 Hasteriam
2997 5519 3194 5599 villam
3225 5517 3359 5599 pagi
3391 5515 3590 5599 Leodi-

1943 5590 2601 5667 censis-assignavitmbi
2620 5593 2888 5667 quaedam
2911 5590 3209 5667 monachae
3229 5590 3593 5667 sub__regimio

1943 5688 2016 5727 ne
2031 5659 2952 5745 decenmvaliquandi{vixerant
2981 5662 3196 5745 legitur
3224 5659 3595 5745 ipnghroni‘cn

1942 5727 2575 5818 Valciodorensi-tomo
2605 5734 2708 5791 VII
2737 5727 3212 5858 Spicilegii,'pag.
3239 5731 3347 5786 529
3375 5733 3432 5785 et

2015 5813 2165 5858 (337)
2196 5810 2396 5858 Exstat
2427 5825 2485 5858 m
2516 5811 2674 5858 tomo
2708 5806 2730 5858 Ι
2758 5803 2965 5858 bibliot
2985 5821 3120 5858 mea:
3207 5802 3479 5858 abbeana:
3511 5796 3586 5854 ll-

2015 5813 2165 5939 ἱ337)
2196 5810 2396 5890 Exstat
2419 5807 2674 5888 _in.tomo
2708 5806 2730 5861 Ι
2758 5796 3120 5886 bibliotliecis
3155 5796 3479 5859 Labbeana:
3511 5796 3590 5878 li:

1945 5883 2015 5941 be
2041 5882 2134 5939 lus
2166 5881 2237 5937 de
2266 5884 2386 5938 Vita
2415 5881 2586 5936 istius
2615 5876 3017 5935 Adalberonis.
3397 5923 3399 5925 .
