3868 6472
278 577 396 640 239

1159 573 1484 638 JOANNIS
1526 570 1863 643 ABBATIS.
1896 567 1961 629 S.
1990 567 2339 641 ABNULFI
2385 567 2797 631 METENSIS.

3569 570 3686 629 240

278 707 837 783 majestatem.Quod
860 708 931 767 ad
955 719 1215 780 praesens
1238 707 1485 764 attinere
1504 705 1750 773 videtur,
1772 702 1929 759 brevi
1955 701 2013 782 Α
2039 701 2099 755 in
2133 701 2459 773 proximam
2481 701 2800 774 quamdam
2823 700 3065 757 domum
3088 699 3325 757 interim
3344 717 3690 758 conservan-

278 798 656 871 subjicimus.

347 888 436 944 46.
458 888 627 943 Anno
649 883 1028 960 pontificatus
1050 886 1141 941 sui
1170 886 1261 952 23,
1277 901 1411 941 cum
1444 882 1929 956 nongentesimus

276 974 810 1049 quinquagesimus
857 975 1087 1049 primus
1134 973 1452 1031 Dominicaa
1503 971 1930 1030 Incarnationis

277 1069 566 1136 ageretur,
592 1068 840 1120 matrem
874 1063 1212 1137 praedictam
1241 1061 1350 1118 loci
1385 1061 1574 1136 ipsius
1595 1059 1929 1152 reparanii,

278 1153 420 1226 quia
446 1157 708 1209 vetustas
738 1157 796 1208 et
824 1152 1077 1209 brevitas
1109 1168 1347 1218 monere
1367 1151 1692 1213 videbatur,
1718 1150 1930 1220 cupido

279 1240 453 1313 ccepit
481 1241 819 1298 immodica.
844 1241 905 1297 Id
939 1258 1044 1313 per
1064 1257 1146 1309 se,
1173 1241 1454 1313 quoniam
1477 1256 1593 1296 non
1618 1238 1732 1293 nisi
1765 1254 1931 1293 sacro

279 1346 521 1403 corpore
549 1330 789 1389 interim
820 1330 1094 1388 submoto
1134 1330 1259 1387 ﬁeri
1293 1332 1538 1402 poterat,
1564 1345 1679 1385 non
1714 1343 1933 1400 praesu-

279 1418 622 1491 mens,quid
650 1418 848 1475 animo
870 1423 1236 1491 conceperat,
1261 1418 1537 1492 episcopo
1558 1418 1811 1474 intimat.
1834 1414 1934 1471 Ille

281 1508 354 1565 de
374 1507 599 1566 fabrica
617 1512 683 1563 ut
698 1508 863 1565 fleret
881 1511 1115 1580 gratum
1134 1506 1375 1564 omnino
1397 1506 1937 1577 habens,suamque

280 1594 531 1670 benigne
581 1595 881 1669 pollicitus
931 1612 1192 1670 operam,
1226 1597 1298 1652 de
1337 1594 1735 1652 sublevatione
1786 1594 1935 1649 sacri

282 1684 543 1758 corporis
574 1684 677 1741 diu
706 1686 1182 1756 cunctabundus,
1216 1685 1455 1741 tandem
1495 1682 1727 1740 Domini
1760 1697 1939 1755 super

282 1772 394 1832 hoc
412 1771 775 1831 voluntatem
797 1776 863 1830 ut
885 1774 1279 1847 exquirerent,
1304 1772 1613 1847 imperavit
1635 1788 1648 1829 :
1677 1786 1936 1828 commu-

283 1861 476 1920 nicato
518 1862 729 1920 deinde
785 1862 1017 1937 negotio
1077 1861 1346 1935 patribus
1402 1864 1544 1918 tunc
1591 1860 1940 1918 venerandis

284 1948 551 2017 Einoldo,
589 1951 659 2008 de
686 1967 802 2023 quo
832 1951 1249 2024 premisimus,
1275 1954 1332 2007 et
1357 1952 1573 2008 Ansteo
1598 1950 1742 2022 (338)
1777 1965 1940 2022 aeque

285 2040 408 2095 viro
449 2039 721 2113 religioso
768 2057 800 2098 e
847 2041 1112 2113 proximo
1163 2039 1348 2097 sancti
1395 2038 1621 2096 Arnulﬁ
1672 2038 1936 2111 collegio,

285 2128 549 2201 ipsisque
567 2129 800 2186 animos
816 2129 1006 2185 eidem
1022 2133 1224 2187 sancto
1243 2128 1501 2201 pontifici
1520 2128 1611 2187 vel
1629 2128 1940 2185 abbatissa:

287 2217 479 2289 magis
523 2217 899 2286 addentibus,
932 2218 995 2274 in
1041 2217 1343 2274 communi
1392 2218 1694 2274 decretum
1731 2222 1839 2284 est,
1876 2220 1941 2274 ut

287 2305 470 2361 fieret.
496 2305 757 2363 instabat
788 2311 928 2364 tunc
957 2307 1083 2364 dies
1112 2307 1487 2365 Ascensionis
1516 2306 1854 2374 Dominicis,
1879 2306 1939 2363 in

288 2410 465 2466 quem
486 2393 741 2467 populus
758 2394 1067 2453 universus
1084 2396 1403 2454 missarum
1420 2394 1725 2452 solemniis
1746 2395 1939 2452 condi-

289 2488 381 2539 cto
429 2483 639 2555 jussus
685 2485 911 2542 adesse.
966 2484 1183 2541 Priesul
1241 2484 1764 2544 reverendissimus
1809 2486 1943 2557 post

287 2570 532 2628 verbum
562 2588 740 2628 sacres
761 2573 875 2629 diei
908 2572 1124 2646 populo
1144 2573 1460 2644 redditum,
1484 2573 1554 2629 de
1581 2572 1692 2630 hac
1722 2572 1850 2646 ipsa
1879 2588 1940 2627 re

289 2659 488 2733 palam
507 2661 797 2735 aperiens,
813 2662 1045 2719 Domini
1069 2661 1535 2721 misericordiam
1556 2666 1799 2718 cunctos
1822 2677 1939 2718 mo-

291 2749 425 2806 nuit
444 2766 704 2819 exorare,
731 2754 794 2809 ut
822 2766 1171 2824 prosperum
1193 2748 1499 2806 conatibus
1520 2747 1783 2806 ﬁdelium
1803 2764 1939 2806 suo-

291 2855 426 2896 rum
452 2838 652 2913 largiri
683 2840 1029 2914 dignaretur
1058 2839 1351 2898 effectum.
1370 2839 1533 2906 Quod
1565 2855 1703 2894 cum
1728 2839 1796 2896 in
1822 2855 1947 2898 cra-

292 2928 515 2986 stinum
555 2934 729 2986 sextis
774 2929 932 2986 ferire
981 2928 1171 2986 multa
1217 2944 1354 2985 cum
1402 2928 1708 2984 devotione
1756 2929 1942 2989 sacris

291 3018 517 3076 aedibus
533 3019 972 3090 circunquaque
990 3016 1255 3074 lustratis
1271 3015 1542 3075 alacriter
1555 3017 1939 3089 peregissent,

289 3106 352 3162 in
383 3106 650 3179 sequenti
682 3120 817 3162 mox
847 3104 1152 3162 Dominica
1181 3120 1388 3161 omnes
1421 3105 1496 3162 ad
1533 3120 1771 3162 sacrum
1802 3123 1939 3163 con-

291 3194 484 3251 ﬂuunt
521 3194 739 3250 locum.
772 3193 858 3251 Ibi
889 3193 961 3249 ab
990 3192 1119 3265 ipso
1168 3198 1370 3250 sancto
1418 3193 1693 3265 pontiﬁce
1741 3194 1941 3250 missis

292 3282 489 3349 dictis,
510 3281 770 3352 itemque
790 3280 1046 3353 plurima
1065 3280 1464 3338 exhortatione
1484 3280 1650 3353 plebe
1670 3282 1730 3337 in
1752 3281 1939 3339 Deum

292 3369 573 3441 animata,
600 3369 828 3427 cunctis
847 3369 1333 3442 acclamantibus,
1357 3374 1415 3428 et
1443 3369 1732 3428 ministris
1753 3386 1943 3430 sacro-

2036 789 2141 846 dos
2172 792 2584 863 transponunt.
2617 790 2834 846 Eadem
2867 789 2961 845 die
2991 807 3025 844 a
3065 789 3413 862 parentibus
3443 790 3684 862 quidam

2036 877 2177 937 illuc
2198 878 2594 936 daemoniacus
2616 879 2927 946 adductus,
2954 895 3087 935 cum
3116 895 3294 950 penes
3338 878 3599 935 loculum
3628 877 3687 935 in

2039 969 2213 1026 domo
2241 969 2444 1025 eadem
2473 967 2688 1041 populo
2711 968 3063 1023 abscedente
3089 971 3244 1024 esset
3274 968 3535 1036 relictus,
3561 973 3693 1041 post

2041 1058 2339 1114 modicum
2373 1056 2765 1123 intervallum,
2800 1056 3047 1113 Domino
3095 1062 3151 1112 et
3190 1057 3416 1114 meritis
3445 1058 3694 1130 virginis

2041 1146 2527 1219 suifragantibus,
2551 1164 2585 1203 a
2614 1163 2828 1204 vesano
2861 1145 3074 1219 spiritu
3107 1151 3197 1203 est
3225 1146 3528 1204 liberatus.
3554 1190 3557 1193 .

2056 1289 2060 1293 .
2113 1237 2203 1291 47.
2228 1236 2349 1292 Sub
2382 1235 2511 1309 ipsa
2530 1236 2645 1292 fere
2667 1236 2813 1292 hora
2832 1234 3381 1292 sanctimonialibus
3402 1253 3437 1293 a
3460 1237 3609 1303 loco,
3634 1236 3692 1292 in

2043 1342 2158 1398 quo
2191 1342 2427 1381 sacrum
2457 1341 2670 1399 corpus
2697 1324 3042 1393 extulerant,
3067 1325 3139 1380 ad
3170 1338 3415 1398 corpora
3433 1326 3701 1383 curanda

2045 1415 2461 1484 residentibus,
2486 1414 2797 1488 puerulum
2832 1412 3084 1470 naturali
3115 1413 3517 1472 membrorum
3544 1431 3703 1471 com-

2044 1519 2191 1577 page
2220 1504 2568 1561 damnatum
2600 1502 2952 1576 penitusque
2981 1503 3055 1560 ab
3086 1502 3216 1576 ipsa
3242 1502 3545 1561 nativitate
3564 1521 3702 1561 con-

2044 1598 2297 1650 tractum
2321 1591 2578 1665 baiulus,
2596 1596 2661 1648 ut
2681 1590 2922 1650 brachio
2944 1592 3184 1659 ferebat,
3198 1591 3453 1668 ecclesiae
3476 1591 3701 1649 intulit.

2048 1682 2187 1739 Inde
2211 1699 2246 1739 a
2261 1682 2520 1755 quadam
2541 1697 2610 1737 ex
2630 1679 3181 1739 sanctimonialibus
3202 1679 3359 1738 intra
3376 1681 3705 1738 domuncu-

2046 1768 2186 1838 lam,
2221 1785 2341 1842 qua
2385 1786 2602 1844 corpus
2643 1769 3029 1827 sanctissimae
3059 1769 3304 1843 virginis
3332 1771 3701 1841 servabatur,

2047 1859 2159 1916 sub
2190 1858 2318 1932 ipso
2349 1858 2542 1916 loculo
2577 1858 2739 1919 solus
2774 1858 3030 1927 relictus,
3056 1875 3232 1932 parva
3260 1875 3424 1916 mora
3452 1858 3707 1918 interce-

2048 1947 2241 2013 dente,
2258 1948 2442 2006 nimio
2464 1951 2699 2022 repente
2715 1948 2966 2005 clamore
2990 1965 3134 2020 puer
3150 1948 3473 2015 emisso,ad
3498 1965 3705 2007 vocem

2047 2037 2270 2094 caeteris
2292 2038 2758 2105 accurrentibus,
2786 2037 3069 2094 membris
3086 2037 3283 2095 cilicio
3313 2044 3535 2095 natura
3557 2039 3708 2097 dire-

2049 2127 2158 2183 ctis
2189 2143 2372 2183 sanus
2405 2126 2599 2183 divino
2631 2126 2847 2184 auxilio
2880 2131 2967 2184 est
2997 2126 3286 2183 inventus.
3319 2129 3483 2184 Hunc
3516 2129 3707 2186 multo

2050 2216 2426 2288 postmodum
2440 2220 2700 2288 tempore
2711 2216 2914 2274 eadem
2931 2216 3334 2274 incolumitate
3345 2219 3705 2289 gaudentem

2050 2321 2327 2378 prospero
2360 2305 2578 2375 ubique
2608 2306 2794 2378 gradu
2825 2305 3238 2379 conspeximus
3270 2305 3517 2380 ingredi.
3544 2308 3709 2364 Alter

2049 2394 2252 2453 itidem
2297 2395 2581 2468 puerulus
2611 2394 2795 2453 oculis
2825 2402 3054 2469 captus,
3087 2396 3188 2453 sed
3220 2400 3278 2452 et
3305 2398 3708 2468 quorumdam

2050 2483 2453 2543 membrorum
2476 2484 2871 2556 inaequalitate
2891 2487 3210 2554 confectus,
3226 2479 3340 2541 alio
3361 2487 3577 2543 ferente
3604 2487 3709 2544 illo

2050 2572 2414 2644 deportatus,
2435 2576 2493 2629 et
2513 2577 2649 2630 ante
2666 2572 2928 2629 loculum
2959 2575 3274 2646 projectus,
3298 2574 3429 2631 visu
3459 2580 3516 2631 et
3542 2581 3716 2633 caete-

2051 2677 2251 2718 rorum
2297 2661 2702 2718 membrorum
2755 2661 3087 2735 integritate
3136 2663 3348 2719 virtute
3378 2663 3597 2721 Christi
3654 2668 3712 2719 et

2050 2750 2293 2806 obtentu
2323 2750 2736 2807 sacratissima:
2767 2750 3012 2823 virginis
3053 2756 3289 2824 repente
3317 2753 3547 2809 cunctis
3581 2758 3713 2809 stu-

2051 2837 2329 2910 pentibus
2371 2842 2430 2895 et
2477 2838 2697 2912 gratias
2746 2839 2860 2897 Deo
2909 2838 3325 2909 clamantibus,
3361 2846 3453 2897 est
3496 2858 3712 2899 mune-

2050 2932 2237 2984 ratus.
3416 2970 3419 2973 γ

2124 3014 2297 3072 Plura
2327 3017 2537 3073 deinde
2565 3020 2624 3072 et
2671 3033 2859 3088 usque
2888 3016 2949 3074 in
2981 3033 3240 3089 praesens
3291 3022 3524 3092 tempus
3555 3035 3712 3092 pene

2050 3104 2312 3177 quotidie
2334 3121 2471 3162 cum
2492 3106 2608 3162 ﬂde
2628 3105 2952 3176 petentium
2975 3106 3195 3164 ibidem
3218 3108 3522 3165 Dominico
3543 3109 3716 3167 Chri‘

2050 3200 2140 3251 sto
2160 3198 2441 3265 operante
2459 3194 2808 3250 exhibentur
2828 3195 3057 3263 solatia,
3072 3201 3199 3252 tum
3226 3213 3561 3270 corporum,
3578 3202 3713 3254 tum

2047 3280 2232 3353 (quod
2265 3280 2819 3352 prtestantissimum
2856 3284 2965 3353 est)
3003 3284 3339 3340 animarum
3373 3303 3387 3341 :
3427 3285 3527 3342 ubi
3561 3302 3715 3342 oon-

2050 3368 2300 3426 scientia
2331 3370 2799 3441 uniuscujusque
2821 3370 3210 3443 supplicantis
3230 3374 3376 3430 sati
3396 3374 3716 3447 persentit,

294 3475 427 3517 rum
450 3458 640 3517 solitis
661 3459 1195 3533 supplicationibus
1214 3476 1418 3533 preces
1439 3458 1497 3516 in
1511 3458 1722 3516 coelum
1743 3459 1944 3518 tollen-
1975 3445 2018 3513 C
2048 3461 2332 3531 quantam
2364 3458 2501 3515 inde
2522 3457 2849 3515 efﬁcaciam
2880 3474 3119 3531 precum
3141 3476 3386 3515 suarum
3400 3445 3717 3533 reportet;

294 3548 475 3618 tibus,
494 3550 568 3606 ad
599 3566 798 3607 arcam
818 3548 1065 3624 virginis
1091 3547 1466 3623 aperiendam
1496 3549 1752 3621 pontifex
1769 3566 1941 3605 vene-

296 3640 539 3708 randus,
565 3655 819 3712 cumque
847 3656 917 3697 eo
946 3642 1143 3712 patres
1160 3638 1652 3695 monasteriorum
1683 3638 1862 3695 simul
1887 3643 1945 3696 et

296 3728 485 3786 czsteri
507 3745 578 3785 ex
598 3728 755 3786 clero
777 3727 1038 3802 religiosi
1059 3727 1234 3802 digne
1252 3727 1368 3785 Dec
1389 3732 1717 3800 sanctasque
1728 3728 1941 3802 virgini

296 3817 582 3876 submissi
600 3823 928 3877 reverenter
937 3818 1252 3887 accedunt;
1272 3833 1523 3891 moxque
1538 3822 1943 3875 sacrosanctos

295 3912 459 3967 artus
488 3907 680 3967 loculo
712 3913 854 3966 tunc
885 3925 989 3982 pro
1026 3912 1292 3981 tempore
1321 3911 1643 3982 preparato
1673 3911 1945 3981 exceptos

363 4032 513 4106 (328)
543 4033 622 4091 De
664 4033 907 4090 Einoldo
939 4033 1233 4090 Gorziensi
1279 4038 1336 4090 et
1379 4036 1592 4093 Austeo
1623 4034 1681 4092 S.
1713 4032 1939 4092 Arnulﬁ

291 4120 520 4180 abbatis
551 4121 884 4180 Gorziensis
916 4120 1125 4178 aesculo
1158 4123 1423 4194 sequenti
1455 4123 1791 4182 referendis.

2052 3553 2109 3605 et
2128 3547 2244 3604 nisi
2266 3547 2593 3604 diffidentia
2623 3548 2748 3604 sola
2768 3547 3059 3615 retundat,
3084 3563 3213 3604 vere
3233 3547 3451 3605 Christi
3486 3557 3717 3620 certus,

2052 3636 2299 3703 fatebor,
2333 3635 2556 3694 nullius
2586 3635 2704 3693 illic
2745 3635 3022 3709 suspiria,
3056 3637 3275 3693 nullius
3307 3639 3595 3710 gemitus,
3629 3641 3722 3698 vel

2052 3726 2346 3797 lacrymas
2393 3725 2565 3798 plene
2615 3726 2786 3783 corde
2843 3727 3135 3798 profusas,
3167 3743 3563 3799 quaecumque
3616 3730 3723 3787 illa

2053 3814 2228 3871 fuerit
2255 3814 2578 3872 necessitas
2595 3814 2684 3872 vel
2705 3816 3000 3887 angustia,
3026 3815 3161 3873 inde
3183 3814 3500 3888 aliquando
3520 3834 3718 3877 vacuo

2053 3905 2246 3961 fructu
2280 3920 2560 3962 reversae.

2053 4028 2366 4086 abbatibus
2398 4028 2631 4103 egregia
2663 4029 2879 4085 mentio
2930 4036 3017 4088 est
3068 4030 3124 4086 in
3174 4029 3333 4087 Actis
3364 4032 3422 4087 S.
3457 4029 3715 4091 Joannis

1099 4483 1705 4655 VITA
1830 4480 2880 4658 JOANNHS

1622 4740 1909 4806 ABBATIS
1948 4747 2363 4806 GORZIENSIS
2524 4814 2527 4815 ν

1113 4889 1521 4953 AUCTOR]?
1562 4846 1909 4954 JOANNE
1952 4889 2180 4953 ABBA
2195 4890 2308 4952 TE
2352 4890 2424 4951 κς.
2472 4888 2871 4953 ARNULFI.

863 5039 1040 5109 [Apud
1062 5039 1247 5111 Perlz,
1280 5041 1649 5101 Mcnumenta
1680 5040 2000 5099 Germanias
2033 5041 2322 5112 historica,
2354 5042 2557 5114 Script.
2594 5048 2729 5100 tom.
2764 5040 2856 5110 IV,
2886 5056 2942 5111 p.
2975 5039 3122 5106 335.]

1353 5299 2112 5391 ADMONITIO
2196 5300 2730 5388 PR/EVIA.

325 5585 929 5680 ,ΑῙΡῳμτᾲΞίζιξξφθιζῐᾶ
948 5592 1487 5680 Ῐξὶείίξῐδξοεεεῑαωω.
1506 5600 1589 5657 rei
1611 5602 1880 5680 publicae,
1904 5604 2193 5680 Ecclesiae,
2216 5604 2568 5680 litterarum,
2588 5612 2822 5680 merum
2845 5612 2948 5680 per
2968 5593 3246 5680 saeculum
3270 5608 3312 5680 ει
3344 5589 3704 5680 illustrantia

282 5658 405 5715 vita
429 5658 676 5743 {cannis
698 5662 1029 5725 Gorziensis
1058 5667 1288 5727 abbatis
1360 5658 1682 5742 raecipuu'm
1712 5658 1904 5731 locum
1916 5658 2193 5733 3565a:
2210 5658 2441 5746 scripta
2470 5658 2564 5727 est
2589 5658 2877 5725 difl‘usiori
2909 5667 3147 5740 quidem
3178 5662 3347 5738 style,
3380 5662 3483 5719 sed
3515 5677 3553 5717 a
3577 5660 3699 5716 viro

282 5728 551 5789 doctrina
581 5731 1028 5796 litterarumque
1058 5737 1206 5796 (339)
1236 5685 1398 5796 cuﬁu
1428 5739 1649 5796 insigni
1681 5747 1739 5796 et
1768 5761 1964 5796 rerum
1996 5763 2146 5796 anns
2184 5745 2441 5796 narravit
2484 5741 2749 5796 annrime
2782 5755 2983 5796 gnaro.
3017 5738 3242 5795 Joanne
3274 5733 3485 5793 abbate
3507 5737 3569 5789 Β.
3594 5734 3699 5790 Ar-

282 5728 551 5789 doctrina
581 5731 1028 5810 litterarumque
1058 5737 1206 5811 (339)
1236 5754 1308 5794 cu

1362 5756 1398 5796 u
1428 5733 1649 5814 insigni
1681 5747 1739 5800 et
1768 5761 1964 5803 rerum
1996 5763 2146 5820 quas
2184 5733 2441 5803 narravit
2484 5741 2749 5815 apprime
2781 5733 2983 5813 gnarb,
3017 5733 3253 5795 Joanne
3274 5733 3485 5793 abbate
3507 5737 3569 5789 Β.
3594 5734 3700 5790 Ar-

358 5854 735 5932 (339)Patres,
781 5875 887 5919 nec
921 5862 1123 5919 minus
1153 5860 1431 5926 classicos
1464 5864 1866 5931 Romanorum
1899 5876 2169 5933 auctores
2198 5870 2357 5944 legit.
