3868 6476
279 613 398 673 243

1155 606 1473 668 JOANNIS
1520 604 1845 668 ABBATIS
1888 602 1958 663 S.
2002 602 2345 669 ARNULFI
2394 606 2807 669 METENSIS.

3582 606 3695 667 244

280 750 348 805 ut
404 746 518 803 sibi
565 759 797 816 semper
851 740 1032 798 moris
1081 740 1460 813 parcissimaa,
1500 740 1556 795 id
1619 743 1710 796 est
1760 736 2009 813 pauisA
2040 742 2163 794 tam
2194 741 2477 797 acerrime
2504 741 2661 798 circa
2691 740 2912 798 exitum
2959 739 3177 798 sineret
3223 740 3700 818 fatigariNeque

246 838 515 893 .tantum
576 837 636 888 et
698 849 895 904 aquae,
964 828 1307 887 acutissima
1377 829 1535 886 febre
1601 828 1935 902 corripitur,

283 940 464 998 quam
514 925 647 994 post
683 920 950 992 quintam
983 918 1191 975 exinde
1221 918 1377 973 diem
1426 916 1616 974 exitus
1660 921 1750 973 est
1796 914 1941 973 sub-1

284 1014 546 1073 secutus.
577 1010 727 1066 Tum
779 1024 914 1065 vero
962 1008 1080 1063 acsi
1131 1024 1235 1080 per
1278 1024 1410 1063 sera
1458 1007 1715 1080 suspiria
1763 1006 1941 1064 altius

284 1100 458 1160 nobis
490 1104 754 1172 tempora
782 1101 1025 1154 eatenus
1064 1101 1186 1153 tam
1228 1097 1537 1170 praesentia
1566 1114 1634 1152 ex
1666 1094 1940 1153 manibus

286 1193 574 1265 prterepta
603 1187 999 1261 ingenuimus,
1032 1186 1133 1259 qui
1165 1186 1390 1258 utique,
1416 1202 1663 1258 qumque
1694 1185 1942 1242 dicenda

286 1282 485 1338 essent
510 1278 583 1333 de
614 1277 762 1349 ipso,
788 1276 861 1331 ab
881 1275 1009 1349 ipso
1035 1274 1246 1331 melius
1268 1276 1407 1330 dum
1441 1274 1759 1330 advixisset
1779 1306 1843 1315 —-
1866 1276 1939 1330 ad

288 1383 465 1441 quem
498 1365 743 1431 scilicet,
770 1365 819 1420 si
850 1381 967 1436 quo
1001 1380 1150 1436 opus
1182 1363 1409 1429 fuisset,
1444 1362 1631 1419 facilis
1663 1367 1819 1418 esset
1851 1378 1938 1418 re-

289 1474 503 1514 cursus
525 1486 592 1495 ——-
613 1454 1005 1520 disceremus;
1028 1452 1075 1507 si
1108 1455 1304 1507 tamen
1337 1452 1653 1524 quisquam
1686 1450 1781 1507 ille
1813 1449 1944 1506 inti-

288 1562 425 1603 mus
463 1543 516 1601 ei
559 1544 852 1611 existeret,
885 1541 985 1614 qui
1017 1541 1216 1613 aliqua
1260 1558 1331 1597 ex
1376 1558 1442 1597 eo
1488 1546 1832 1613 extorquere
1879 1556 1941 1595 se

291 1652 464 1709 posse
493 1631 856 1689 conﬁderet:
891 1631 1033 1686 adeo
1080 1630 1354 1685 humanae
1403 1644 1636 1701 semper
1683 1629 1943 1702 fugitans

289 1722 509 1798 gloriae,
544 1719 825 1793 quicquid
875 1722 1092 1791 egerat,
1125 1718 1241 1773 Deo
1287 1717 1397 1775 soli
1431 1734 1673 1791 operum
1705 1735 1772 1774 ac
1817 1734 1938 1773 cor-

290 1812 384 1868 dis
416 1812 505 1847 ¹⁴⁸⁹
535 1808 628 1866 sui
679 1806 814 1864 testi
855 1806 1280 1862 committebat.
1313 1806 1425 1862 Sed
1477 1806 1624 1862 miro
1675 1807 1846 1862 modo
1878 1810 1944 1860 ut

290 1900 535 1976 gloriam
560 1896 780 1971 quique
806 1898 1152 1967 appetentes
1181 1895 1255 1950 ab
1284 1910 1352 1950 ea
1382 1894 1637 1967 amplius
1668 1895 1945 1951 deserun-

221 1974 233 1982 ’
289 1974 409 2060 tur,
441 1989 527 2044 ita
554 1989 793 2043 econtra
815 2001 879 2041 se
906 1984 1193 2057 fugientes
1218 1983 1347 2056 ipsa
1377 1983 1566 2056 magis
1588 1983 1940 2057 insequitur.

290 2079 457 2137 Unde
488 2074 679 2133 sancti
725 2072 834 2129 viri
872 2075 1112 2172 quanto
1158 2072 1341 2172 latere
1388 2073 1745 2172 deiderant,
1779 2076 1943 2129 tanto
1974 2108 2024 2172 Β

290 2166 686 2241 conspectius,
706 2164 843 2220 licet
872 2161 1058 2231 inviti,
1082 2162 1430 2235 produntur.
1459 2161 1577 2219 Hoc
1603 2160 1784 2235 igitur
1800 2179 1941 2217 casu

291 2259 489 2315 mente
509 2270 656 2329 pene
670 2251 992 2326 consopita,
1007 2266 1144 2307 cum
1167 2268 1203 2306 a
1218 2254 1380 2307 tante
1399 2250 1503 2319 rei,
1518 2266 1698 2323 quam
1715 2251 1942 2307 dudum

292 2359 771 2418 conceperamus,
793 2357 1003 2398 exorsu
1024 2357 1133 2396 nos
1162 2339 1417 2413 graviter
1447 2340 1775 2411 dejecisset,
1798 2340 1941 2411 quid

292 2450 533 2493 rursum
574 2433 841 2505 jacentes
889 2434 948 2487 et
994 2430 1336 2502 desperatos
1384 2427 1669 2502 paulatim
1700 2428 1760 2484 in
1790 2428 1943 2485 vires

292 2521 608 2590 reduxerit,
641 2521 715 2577 ad
747 2519 959 2576 deinde
993 2518 1119 2589 jam
1150 2516 1410 2574 volentes
1439 2516 1629 2593 magis
1657 2532 1725 2574 ac
1754 2516 1944 2590 magis

292 2611 616 2686 impulerit,
650 2610 832 2666 ferme
874 2608 931 2663 id
987 2606 1116 2662 fuit.
1142 2605 1289 2661 Cum
1318 2605 1407 2660 vir
1453 2609 1695 2661 sanctus
1722 2621 1792 2661 ex
1820 2608 1942 2660 tam

290 2700 506 2769 valido,
529 2702 599 2755 ut
626 2697 851 2755 dictum
873 2700 985 2765 est,
1008 2695 1213 2751 morbo
1241 2693 1391 2750 lecto
1414 2693 1615 2750 statim
1638 2693 1945 2750 decubuis-

293 2794 403 2860 set,
437 2788 647 2847 festino
675 2803 813 2843 mox
852 2783 1080 2853 nuntio,
1115 2782 1214 2856 qui
1247 2782 1710 2860 circumquaque
1740 2799 1942 2838 curam

294 2856 787 2937 monasteriorum
830 2874 1117 2930 habentes
1163 2888 1374 2929 sumus
1422 2856 1661 2940 inventi,
1686 2872 1757 2927 ad
1789 2888 1852 2927 se
1881 2870 1943 2926 in

293 2967 621 3026 crastinum
651 2979 859 3023 omnes
897 2960 1208 3018 contraxit.
1235 2962 1277 3017 E
1309 2961 1528 3033 quibus
1567 2964 1715 3016 nutu
1748 2961 1944 3017 divino

293 3055 589 3114 neminem
621 3056 762 3108 tunc
790 3048 1040 3122 contigit
1069 3048 1346 3116 defuisse,
1379 3049 1595 3109 additis
1624 3064 1693 3104 ex
1724 3047 1944 3121 primo.

293 3143 461 3202 ribus
514 3142 729 3198 domus
784 3141 1001 3194 sancta:
1057 3135 1217 3192 sedis
1271 3135 1424 3191 beati
1482 3134 1764 3207 Stephani
1797 3136 1945 3208 (353)

290 3230 434 3288 viris
456 3228 545 3266 ¹⁴⁰⁰
566 3224 876 3300 religiosis,
891 3224 963 3281 ad
984 3224 1095 3280 hoc
1112 3222 1409 3279 minorum
1432 3239 1945 3295 quorumcumque

290 3320 467 3377 turba
512 3332 629 3373 non
680 3312 929 3382 modica,
961 3312 1060 3369 ille
1107 3310 1373 3384 singulos
1423 3310 1824 3368 accedentium
1874 3329 1943 3369 ex

290 3408 440 3465 lecto
468 3406 598 3480 ipso
628 3404 687 3459 in
719 3401 920 3459 osculo
958 3404 1180 3469 sancto,
1215 3400 1378 3456 vultu
1422 3400 1743 3456 admodum
1798 3418 1939 3476 gau-

2047 829 2203 884 enim
2235 830 2653 887 vehementiori
2686 832 3040 903 cujusquam
3074 829 3222 887 alias
3250 831 3594 888 discrimine
3623 832 3701 889 in-

2051 919 2420 976 tremuimus.
2467 920 2569 975 Pia
2622 937 2755 976 vero
2809 919 3006 992 potius
3064 920 3381 993 unicuique
3428 921 3702 995 cogitatio

2050 1008 2353 1076 aestuabat,
2379 1008 2427 1064 si
2462 1007 2607 1063 forte
2639 1024 2742 1081 pro
2769 1009 3105 1063 attestanda
3123 1009 3242 1064 vita
3262 1010 3391 1081 ejus
3420 1011 3706 1083 probatis-

2051 1097 2203 1153 sima
2233 1095 2428 1170 aliquo
2450 1113 2585 1152 eum
2609 1096 2897 1153 Dominus
2923 1097 2991 1153 ad
3016 1097 3261 1171 gloriam
3284 1115 3453 1155 suam
3479 1100 3705 1156 eviden~

2050 1185 2182 1241 tiori
2215 1185 2511 1243 declarare
2533 1186 2878 1259 dignaretur
2900 1185 3136 1244 indicio.
3172 1187 3328 1243 Inter
3354 1188 3463 1244 hos
3488 1190 3705 1245 fluctus

2051 1276 2405 1343 animorum,
2439 1292 2574 1332 cum
2608 1276 2724 1330 fere
2770 1274 2934 1331 nulla
2965 1274 3133 1349 aegris
3163 1276 3461 1333 mentibus
3494 1278 3707 1335 clarior

2053 1380 2196 1419 aura
2228 1365 2472 1420 rationis
2496 1379 2557 1420 se
2579 1364 2852 1437 aperiret,
2880 1363 2988 1420 sibi
3024 1369 3252 1420 tantum
3278 1365 3529 1439 quisque
3552 1367 3703 1424 difﬁ-

2051 1452 2269 1519 sus,'ex
2289 1452 2487 1509 dolore
2508 1453 2691 1508 nimio
2707 1453 3043 1525 reputabat,
3061 1454 3200 1526 quid
3225 1453 3335 1511 sibi
3358 1454 3544 1523 ﬁeret,
3569 1472 3704 1513 cum

2051 1557 2158 1597 nec
2188 1542 2272 1597 illi
2301 1546 2475 1597 tanta:
2520 1542 2892 1614 perfectionis
2926 1542 3048 1599 viro
3082 1558 3294 1615 supera
3326 1544 3409 1580 “9‘
3442 1552 3707 1617 parceret

2051 1630 2433 1704 dispensatio.
2459 1631 2571 1687 Sed
2611 1630 2764 1686 hanc
2797 1631 3169 1686 temerariam
3203 1632 3418 1689 mentis
3447 1634 3704 1690 affectio-

2052 1736 2187 1776 nem
2219 1721 2347 1792 ipsa
2369 1719 2544 1777 citius
2568 1720 2716 1777 ratio
2740 1720 2830 1756 ¹⁴⁹¹
2861 1737 3058 1777 revera
3080 1720 3169 1756 “’3
3198 1723 3580 1794 compescuit,
3605 1725 3704 1797 qui

2051 1809 2228 1865 certis
2269 1810 2474 1881 utique
2513 1809 2940 1881 scripturarum
2963 1808 3332 1867 documentis
3372 1810 3706 1868 revinceba-

2053 1902 2274 1965 mus,et
2295 1898 2475 1954 vitam
2506 1897 2813 1954 hominum
2839 1915 2953 1954 non
2980 1898 3038 1954 in
3061 1899 3450 1955 ostentatione
3472 1902 3563 1936 “9‘
3581 1917 3707 1958 cor-

2053 2001 2285 2058 porum,
2302 1986 2402 2042 sed
2427 1985 2486 2042 in
2502 1985 2717 2042 virtute
2737 1986 3152 2043 mstimandum
3176 1989 3265 2025 ⁸⁸⁸⁸
3286 1986 3633 2045 meritorum
3655 1994 3713 2047 et

2053 2090 2308 2131 morum.
2333 2075 2448 2131 Nec
2477 2075 2937 2143 adtendendum,
2963 2091 3080 2148 quo
3109 2075 3265 2131 exitu
3293 2076 3546 2150 quisque
3572 2078 3709 2137 hinc

2054 2168 2240 2231 exeat,
2256 2164 2358 2219 sed
2381 2151 2573 2236 qualis
2595 2169 2779 2220 exeat.
2799 2166 3183 2236 Quacumque
3200 2164 3358 2221 enim
3381 2167 3713 2235 occasione,

2053 2251 2426 2308 moriendum
2476 2252 2753 2307 omnibus
2802 2252 3217 2309 inevitabiliter
3266 2258 3374 2310 est.
3425 2256 3496 2311 Et
3550 2272 3711 2313 mors

2053 2341 2465 2412 undecumque
2488 2339 2582 2412 pio
2604 2340 2823 2397 bonum
2844 2344 2954 2398 est.
2979 2341 3094 2397 Nec
3115 2342 3311 2410 refert,
3332 2342 3710 2402 innocentem

2052 2426 2199 2484 mori
2236 2427 2541 2502 naufragio
2572 2445 2646 2484 an
2679 2428 2856 2497 febre,
2876 2428 3197 2486 dummodo
3218 2430 3499 2488 innocens
3522 2431 3622 2489 sit.
3641 2434 3712 2489 Et

2053 2517 2174 2573 sive
2203 2517 2480 2586 hinc'm,
2508 2516 2627 2574 sive
2658 2518 2793 2574 inde
2824 2516 3130 2588 moriatur,
3149 2521 3539 2592 querendum,
3563 2539 3708 2595 qua-

2052 2604 2127 2662 lis
2158 2606 2236 2663 sit
2266 2605 2368 2679 qui
2412 2605 2719 2676 moriatur,
2745 2623 2861 2680 quo
2894 2610 3029 2680 post
3072 2611 3322 2664 mortem
3369 2609 3568 2667 iturus
3596 2616 3707 2680 est,

2053 2712 2169 2753 non
2203 2696 2358 2752 unde
2388 2696 2460 2752 de
2488 2696 2610 2752 vita
2636 2697 2900 2753 exiturus
2930 2700 3041 2753 est.
3072 2696 3175 2753 His
3203 2702 3262 2753 et
3291 2697 3704 2770 hujuscemodi

2053 2783 2445 2841 ﬁrmamentis
2462 2784 2689 2859 liquido
2706 2785 2849 2842 satis
2862 2784 3395 2859 collegimus,illam
3413 2790 3709 2845 examina-

2052 2874 2274 2929 tionem
2296 2872 2402 2928 viri
2417 2874 2588 2945 justi,
2604 2891 2782 2946 quam
2807 2875 3044 2946 quidem
3068 2874 3212 2947 ipse,
3235 2879 3303 2932 ut
3323 2875 3475 2931 inter
3494 2881 3710 2936 cuncta

2053 2977 2286 3034 semper
2304 2960 2660 3029 inﬂexibilis,
2695 2962 2991 3034 sapienter
3010 2967 3069 3018 et
3088 2980 3253 3036 aequo
3274 2963 3470 3021 animo
3493 2965 3707 3022 tolera-

2053 3051 2173 3117 bat,
2206 3066 2322 3104 non
2353 3051 2529 3105 modo
2578 3050 2737 3106 laudi
2769 3050 2928 3108 illius
2963 3050 3108 3107 nihil
3138 3052 3462 3122 detrahere,
3486 3056 3593 3111 sed
3638 3056 3708 3112 ad

2052 3136 2356 3209 amplioris
2385 3153 2622 3210 quoque
2670 3139 2863 3194 meriti
2914 3139 3174 3196 fructum
3223 3143 3533 3212 accedere;
3569 3159 3709 3200 nam

2051 3225 2252 3281 electis
2271 3225 2371 3297 qui
2396 3226 2466 3281 ad
2491 3230 2832 3297 perpetuam
2855 3227 3035 3282 vitam
3059 3230 3331 3299 tendunt,
3347 3230 3489 3303 quid
3513 3232 3708 3300 obest,

2052 3313 2100 3370 si
2118 3312 2433 3385 aliquando
2452 3314 2542 3348 ¹⁴⁹⁷
2557 3314 2700 3370 dure
2719 3314 3092 3369 moriuntur?
3107 3315 3223 3372 Nec
3238 3315 3379 3374 item
3397 3319 3711 3393 signorum

2049 3401 2137 3457 vel
2160 3401 2575 3457 miraculorum
2600 3401 2915 3457 novitatem
2942 3401 3288 3475 plerumque
3308 3406 3709 3466 differentiam

290 3468 801 3566 denteiexceptos,
824 3508 892 3548 ac
922 3508 1026 3563 pro
1051 3468 1313 3563 tempore
1334 3493 1393 3546 et
1421 3506 1482 3545 re
1503 3488 1698 3545 causis
1729 3468 1939 3563 aliqui-
1977 3468 2020 3535 (ἶ
2050 3491 2237 3547 facere
2259 3488 2705 3557 sanctitatis,vel
2728 3490 2865 3547 inde
2887 3468 3153 3564 patenter
3176 3468 3530 3562 ostenditur,
3547 3500 3710 3570 quod

290 3584 404 3641 bus
421 3579 983 3650 determinatis,tum
1005 3583 1286 3652 praeterea
1300 3578 1533 3634 cunctis
1550 3577 1608 3632 in
1627 3594 1941 3636 commune

288 3671 467 3731 solita
501 3670 616 3728 sibi
664 3686 898 3742 semper
940 3666 1325 3734 exortatione,
1356 3670 1646 3740 quantum
1697 3669 1941 3725 morbus

288 3760 576 3835 paciebat,
601 3760 673 3817 de
696 3757 1040 3814 infelicitate
1068 3755 1270 3828 hujus,
1293 3755 1366 3812 de
1398 3754 1671 3811 felicitate
1699 3755 1941 3814 alterius

285 3849 417 3908 vita
446 3864 634 3923 pauca
662 3846 917 3915 locutus,
941 3844 1322 3901 multitudine
1342 3843 1466 3900 vale
1488 3844 1640 3900 facto
1671 3844 1937 3916 dimissa,

287 3943 486 4013 patres
532 3933 986 3993 reverentissimi
1044 3933 1312 3991 Kadhroe
1360 3933 1530 4003 (354),
1584 3933 1937 4004 Berhardus,

287 4026 478 4094 Hudo,
507 4024 887 4090 Adelmodus,
918 4038 1175 4094 cumque
1217 4021 1313 4078 his
1352 4037 1459 4094 ego
1504 4021 1768 4091 intimus,
1802 4040 1938 4079 cum

286 4112 573 4172 nonnulla
600 4116 766 4185 parte
795 4115 1134 4166 nostrorum
1184 4113 1523 4166 sanctorum
1574 4111 1732 4167 exitu
1779 4112 1940 4169 illius

287 4201 650 4258 observando
698 4197 1105 4256 substitimus.
1135 4198 1220 4254 Ibi
1271 4215 1375 4271 per
1420 4203 1674 4271 quatuor
1722 4200 1939 4273 quibus

288 4288 580 4364 superfuit
608 4287 757 4356 dies,
780 4286 1058 4344 admixtis
1080 4287 1299 4361 pariter
1326 4287 1436 4344 loci
1463 4288 1726 4360 ejusdem
1751 4288 1939 4345 sancti

285 4376 513 4451 collegii
554 4376 855 4445 fratribus,
889 4375 991 4448 qui
1042 4375 1215 4432 unico
1260 4376 1312 4432 ei
1362 4376 1650 4432 famulatu
1700 4378 1939 4434 assidue

285 4466 669 4535 inhwrebant,
702 4465 844 4522 dum
877 4464 929 4521 ei
957 4463 1112 4521 tristi
1144 4464 1466 4521 admodum
1496 4465 1687 4521 ofﬁcio
1713 4465 1937 4522 asside-

284 4572 439 4626 mus,
461 4558 638 4628 atque
668 4572 737 4612 ex
766 4554 895 4628 ejus
927 4570 1093 4610 sacro
1114 4570 1365 4627 ore,quo
1388 4558 1446 4611 et
1474 4554 1628 4611 inter
1658 4554 1788 4627 ipsa
1807 4555 1937 4611 vita:

282 4644 609 4717 mortisque
636 4642 960 4701 certamina
979 4643 1258 4699 doctrina
1279 4642 1559 4700 salutaris
1588 4645 1779 4716 gratia
1808 4662 1937 4717 pro-

283 4733 527 4804 ﬂuebat,
559 4732 923 4805 pendemus:
955 4731 1127 4788 varia
1156 4731 1311 4788 inter
1339 4749 1448 4789 nos
1477 4734 1601 4789 cedi
1635 4750 1936 4790 sermones

2050 3596 2153 3654 per
2183 3579 2371 3635 malos
2400 3579 2524 3635 hac
2548 3579 2864 3652 aliquando
2896 3579 3062 3646 ﬁant,
3086 3578 3421 3652 multosque
3443 3585 3713 3644 ecclesia

2049 3684 2285 3726 summo
2314 3667 2555 3736 honore,
2580 3666 2881 3724 memoriis
2903 3667 3164 3724 studiose
3194 3670 3509 3727 exstructis
3542 3674 3710 3743 colit,

2050 3758 2122 3813 de
2143 3756 2380 3829 quibus,
2396 3773 2469 3813 an
2488 3774 2607 3813 uno
2623 3755 2831 3812 saltem
2854 3755 3022 3830 signo
3046 3755 3384 3824 claruerint,
3401 3760 3708 3818 reticetur.

2048 3846 2299 3918 Jamque
2328 3849 2395 3901 ut
2438 3850 2677 3901 czeteros
2718 3848 3042 3914 taceamus,
3074 3844 3375 3901 Johannos
3405 3846 3551 3920 ipse,
3592 3868 3710 3924 quo

2050 3951 2222 3991 nemo
2253 3933 2313 3989 in
2352 3933 2509 3990 natis
2558 3932 2876 3989 mulierum
2925 3934 3136 4007 major,
3171 3938 3319 3990 teste
3367 3936 3705 4011 Evangelia,

2049 4024 2287 4097 signum
2320 4021 2454 4080 fecit
2484 4022 2734 4090 nullum,
2760 4026 2818 4078 et
2836 4023 2979 4079 dum
3006 4021 3067 4078 in
3090 4039 3321 4080 carcere
3351 4022 3544 4098 gladio
3581 4027 3708 4083 feri-

2049 4116 2231 4180 retur,
2264 4116 2465 4168 utrum
2496 4111 2585 4167 vel
2635 4116 2894 4167 extrema
2924 4110 3185 4184 qualibet
3212 4117 3351 4169 nota
3381 4130 3415 4169 a
3443 4115 3708 4186 quolibet

2049 4200 2479 4257 homicidarum
2511 4218 2615 4256 seu
2648 4200 2942 4255 latronum
2976 4199 3257 4256 distitcrit
3277 4202 3387 4271 "9°,
3420 4209 3704 4275 perpetuo

2048 4289 2313 4347 omnium
2345 4289 2771 4362 scripturarum
2804 4288 3040 4345 silentio
3071 4290 3434 4363 consopitur.
3456 4291 3705 4349 Proinde

2051 4380 2139 4415 “9'
2168 4380 2390 4434 frustra
2407 4377 2629 4450 aliquid
2659 4377 2951 4448 ejusmodi
2984 4376 3315 4450 splendoris
3346 4382 3613 4452 corporei
3643 4382 3700 4437 in

2047 4464 2620 4524 commendationem
2646 4465 2734 4500 ¹⁵⁰⁰
2762 4464 2914 4521 tanti
2945 4465 3051 4521 viri
3097 4465 3440 4535 desiderari,
3464 4467 3536 4524 de
3586 4486 3701 4542 quo

2047 4557 2219 4611 ﬁrma
2236 4553 2348 4610 sati
2397 4558 2456 4610 et
2476 4555 2698 4626 absque
2713 4553 3086 4609 cunctatione
3107 4555 3194 4589 ¹⁵⁰¹
3219 4553 3364 4610 ﬁdes
3381 4560 3697 4625 constaret,

2045 4660 2231 4718 eaque
2286 4642 2347 4697 in
2397 4643 2672 4716 Operibus
2730 4640 2856 4698 suis
2903 4646 2963 4697 et
3010 4646 3212 4698 sancta
3259 4645 3699 4702 conversatione

2046 4737 2222 4806 atque
2246 4731 2544 4787 indefessa
2595 4745 2785 4802 usque
2815 4731 2873 4785 in
2905 4731 3083 4787 ﬁnem
3114 4731 3174 4786 in
3207 4730 3377 4788 bonis
3430 4749 3696 4804 perseve—

280 4824 583 4894 ceperunt,
605 4820 899 4892 quomodo
931 4836 1204 4876 summus
1235 4820 1332 4877 ille
1352 4821 1562 4894 opifex,
1585 4827 1933 4879 cunctorum
1959 4836 2006 4900 D
2039 4821 2232 4881 rantia
2260 4821 2386 4877 visa
2427 4820 2549 4876 sint
2567 4820 2658 4855 ¹⁸⁰²
2687 4818 2875 4890 signis
2903 4819 3180 4876 omnibus
3211 4818 3698 4895 mirabilibusque

279 4907 599 4980 dispositor
616 4912 676 4964 et
702 4907 1182 4965 ordinatissimus
1208 4909 1560 4980 moderator,
1583 4911 1741 4967 hunc
1768 4915 1930 4968 tanto

280 5001 542 5068 tempore
562 4995 671 5052 sibi
698 4995 949 5053 ﬁdeliter
964 4996 1349 5054 famulantem
1364 5030 1430 5039 —-
1442 5000 1932 5073 quadragesimus

2041 4915 2340 4988 prasatare,
2378 4912 2438 4965 et
2486 4907 2661 4964 saluti
2712 4907 3048 4964 animarum
3096 4925 3214 4965 non
3264 4924 3394 4965 sine
3442 4909 3696 4982 plurimo

2041 5003 2237 5059 fructu
2267 4998 2614 5054 conducere.
2639 4995 2785 5051 Cum
2818 4995 2939 5051 haec
2966 5000 3025 5053 et
3053 4995 3242 5052 multa
3272 4995 3365 5053 his
3397 4997 3618 5056 similia
3637 4999 3694 5055 in

279 5083 572 5156 siquidem
595 5082 655 5139 in
680 5088 884 5141 sancto
914 5083 1214 5159 proposito
1242 5104 1436 5143 annus
1466 5087 1519 5143 ei
1548 5092 1688 5144 tunc
1717 5093 1844 5145 erat
1862 5120 1932 5131 --
2038 5089 2245 5146 eodem
2275 5089 2478 5143 sancto
2522 5088 2812 5142 conventu
2862 5085 3088 5142 mutuis
3118 5084 3695 5145 confabulationibus

1634 5220 1877 5278 VARIE
1916 5220 2336 5280 LECTIONES.

284 5326 291 5327 ’
350 5314 442 5349 ⁸⁸⁸⁸
471 5312 780 5388 acordisc.
828 5315 947 5388 “‘90
975 5314 1129 5371 viros
1158 5332 1206 5371 c.
1275 5315 1370 5388 _"°'
1400 5332 1646 5388 superas
1677 5319 1728 5372 1.
1809 5320 1900 5355 ¹⁴⁰²
1929 5336 2059 5377 raro
2095 5322 2143 5376 1.
2178 5317 2325 5374 ratio
2356 5320 2410 5373 2.
2490 5317 2581 5352 “'3
2611 5332 2840 5372 reversa
2876 5318 2924 5372 1.
2957 5316 3045 5372 vel
3079 5333 3276 5373 revera
3303 5320 3359 5372 2.
3403 5318 3495 5354 ¹⁸⁹⁴
3558 5317 3690 5377 hos-

277 5382 609 5473 teqtatione
917 5387 1134 5473 cum?”
1165 5382 2337 5473 sistimand’ameritprumncpinnam-giae
2363 5404 2535 5473 maga
2553 5388 3006 5473 2....lndendu‘rn
3036 5388 3244 5470 absciso
3274 5390 3505 5473 ωηιξη*
3533 5391 3624 5426 1‘”
3642 5406 3689 5447 s.

276 5454 414 5511 inde
435 5454 613 5533 _i.‘yel
661 5455 901 5533 hinc}.
980 5458 1152 5533 “°"_a.
1186 5457 1329 5533 dicit
1360 5459 1411 5512 1.
1442 5457 1679 5533 deletum
1706 5463 1762 5533 2_.
1839 5463 1929 5499 ³⁴⁹³
1956 5454 2252 5519 destiterit
2282 5463 2337 5517 1.
2415 5460 2506 5495 ¹⁴⁹⁰
2535 5462 2887 5533 prop(terea)
2939 5462 2994 5514 2.
3047 5460 3107 5515 in
3152 5476 3331 5532 marg.
3415 5461 3507 5497 ¹⁸⁰⁰
3535 5477 3688 5519 com-

278 5524 658 5582 mendatione
691 5528 741 5581 1.
811 5528 896 5563 ¹⁶⁰¹
932 5544 1040 5584 con
1069 5531 1125 5583 2.
1207 5528 1295 5563 ⁸⁵0³
1328 5532 1468 5584 sunt
1499 5530 1551 5584 1.
1582 5530 1669 5585 vel
1703 5530 1824 5586 sint
1850 5536 1906 5588 2.

1868 5657 2102 5715 NOTAE.

347 5748 497 5817 (353)
528 5707 893 5807 Cathedralis
925 5749 1182 5806 ecclesiae
1215 5750 1515 5808 Metensis.

2039 5754 2273 5811 Martini
2308 5757 2366 5809 et
2392 5752 2618 5809 Arnulﬁ
2664 5769 2793 5810 esse
2821 5752 3113 5809 videntur.
3138 5752 3305 5808 Certe
3339 5752 3605 5810 Kadhroc
3635 5756 3688 5809 et

347 5822 497 5890 (354)
518 5822 782 5896 Abbates
802 5821 1198 5896 emnobiorurn
1226 5826 1610 5896 extramuros
1637 5824 1927 5883 Metenses
2037 5828 2294 5884 Joannes
2324 5824 2425 5881 SS.
2460 5824 2743 5883 Clementi
2775 5829 2832 5879 et
2859 5823 3103 5889 Arnulfo
3136 5826 3441 5896 praeerant.

273 5890 544 5960 sitorum,
606 5894 665 5951 S.
725 5892 1060 5961 Clementis,
1118 5893 1427 5963 Vincentii,
1488 5896 1922 5968 Symphoriani,
