3868 6474
183 638 301 701 249

1081 637 1183 698 DE
1227 637 1409 699 VITA
1459 637 1788 698 JOANNIS
1833 634 2170 698 ABBA'I‘IS
2217 637 2707 700 GORZIENSIS.

2304 129 2811 152 '"vv

3482 637 3600 697 250

183 778 447 846 tempore
476 769 802 845 praterisse
833 770 1086 840 dolebat,
1120 774 1186 826 ut
1234 771 1307 827 de
1348 770 1583 843 integro
1625 786 1833 826 rursus
1862 769 1919 835 Α
1947 769 2122 840 dinis,
2158 770 2364 843 quales
2389 770 2449 825 in
2482 770 2674 843 patria
2702 787 2817 842 que
2847 770 3016 827 Belsa
3046 771 3192 841 (360)
3224 771 3442 827 dicitur
3479 771 3602 844 pluo

183 863 374 921 scolas
404 860 1326 933 innovarecogeretur.Puerulus
1346 859 1640 932 siquidem
1674 861 1733 915 in
1752 861 1834 915 di-

180 967 368 1020 versa,
429 957 495 1007 ut
561 949 786 1005 dictum
834 954 945 1018 est,
996 948 1451 1023 praeceptoribus
1509 950 1582 1005 ad
1639 950 1835 1005 studia

184 1039 558 1107 commissus,
592 1038 1205 1111 quantulumcumque
1247 1054 1451 1094 aurem
1494 1038 1631 1095 inde
1666 1055 1836 1111 vapo-

183 1133 371 1186 ratam
401 1128 673 1185 retulisse
701 1129 865 1184 visus
894 1132 1232 1195 erat,totum
1264 1128 1323 1184 id
1346 1128 1835 1200 consequentium

185 1235 458 1275 curarum
494 1218 648 1273 mole
691 1232 837 1290 pene
867 1218 1127 1290 sopitum
1159 1217 1577 1274 amiserat.Sed
1595 1216 1837 1272 facilita-

182 1312 299 1364 tem
326 1306 543 1377 ingenii
576 1306 765 1380 gratia
785 1308 1030 1378 juvante
1060 1306 1352 1373 divina,ca
1380 1307 1557 1363 etiam
1578 1308 1838 1378 dampna

182 1395 333 1451 lucri
365 1397 662 1468 sequentis
693 1395 846 1451 felici
877 1397 1167 1467 reparavit
1187 1411 1485 1451 successu.
1520 1396 1717 1450 Prima
1738 1396 1838 1451 ita-

186 1500 300 1557 que
319 1485 609 1539 elementa
624 1485 1009 1557 grammatica
1033 1484 1369 1557 primasque
1391 1489 1621 1539 tantum
1644 1490 1837 1556 partes

185 1572 395 1629 Donati
424 1589 492 1628 ex
510 1572 639 1645 ipso
662 1574 912 1629 Bernero
927 1575 1014 1608 κλει
1029 1572 1462 1646 audivit,eaque
1484 1573 1840 1629 introducto-

184 1662 275 1717 ria
304 1663 642 1735 aspersione
664 1662 1217 1729 contentus,divinis
1240 1679 1300 1718 se
1322 1662 1563 1718 omnino
1585 1667 1841 1717 transtu-

182 1750 255 1806 lit
283 1751 541 1823 scriptis.
575 1751 639 1807 In
672 1750 887 1823 quibus
915 1752 1072 1807 intra
1127 1753 1295 1807 breve
1342 1756 1577 1823 tempus
1607 1756 1839 1807 tantum

183 1838 589 1912 intelligentiae
622 1839 879 1912 prmtulit
908 1839 1129 1908 lumen,
1162 1843 1230 1895 ut
1259 1839 1525 1896 omnium
1554 1856 1700 1895 novo
1730 1838 1838 1895 mi-

182 1929 387 1984 raculo
416 1928 489 1983 ad
521 1944 929 2000 quascumque
974 1929 1306 2001 sapientum
1363 1945 1477 1984 non
1527 1928 1843 1985 difﬁculter

182 2020 518 2073 occurreret
540 2018 913 2088 quaestiones.

1943 857 2078 914 rimi
2108 858 2556 931 conspiciuntur
2580 890 2653 904 —-
2684 874 2822 916 nam
2870 859 3007 916 inde
3055 859 3501 916 oriundus-erat
3529 889 3601 905 —-

1943 948 2256 1018 dejectum,
2288 947 2348 1003 in
2382 947 2662 1021 nulloque
2721 949 2961 1021 penitus
3014 947 3241 1017 lesum;
3275 949 3410 1006 inde
3455 949 3598 1007 item

1944 1041 2266 1093 extractum
2295 1037 2356 1093 in
2388 1036 2502 1093 alio
2532 1038 2900 1111 profundiori
2950 1039 3410 1111 praecipitatum;
3461 1054 3599 1097 cum

1892 1150 1896 1154 ’
1945 1144 2051 1183 nec
2082 1128 2165 1184 sic
2194 1128 2444 1200 opprimi
2475 1128 3188 1202 potuisset,eductumquc
3209 1128 3405 1202 gladio
3427 1129 3600 1187 ferire

1946 1217 2282 1273 decerneret
2314 1219 2421 1288 κει,
2455 1219 2690 1273 tandem
2722 1234 2838 1273 uno
2868 1232 2937 1273 ex
2966 1217 3112 1291 ipsis
3161 1219 3412 1287 dicente,
3462 1236 3597 1277 nec-

1945 1304 2088 1360 dum
2121 1322 2254 1361 eum
2288 1307 2621 1378 pervenisse
2651 1307 2709 1361 in
2741 1322 2927 1379 genus
2960 1311 3274 1380 terraeque
3315 1309 3464 1366 mori
3496 1311 3595 1367 de-

1946 1394 2130 1461 beret,
2164 1394 2447 1451 divinitus
2496 1398 2561 1451 ut
2609 1397 2872 1452 creditur
2923 1396 3266 1466 dimissum;
3299 1414 3435 1455 cum
3468 1404 3602 1472 post

1947 1482 2183 1555 aliquod
2220 1499 2456 1539 orarum
2490 1485 2681 1556 spatia
2722 1484 3100 1540 Nortmannis
3148 1485 3599 1558 praetergressus,

1947 1576 2121 1645 puteo
2143 1588 2207 1630 se
2237 1575 2520 1647 reptando
2552 1578 2878 1646 utcumque
2909 1574 2998 1609 ‘5’“
3030 1574 3360 1645 exemisset,
3396 1578 3454 1631 et
3491 1574 3604 1631 iter

1948 1660 2251 1732 ingressus
2284 1659 2437 1716 fame
2482 1677 2627 1733 pene
2666 1661 2939 1718 deficeret
2970 1687 3035 1703 —-
3069 1678 3206 1718 nam
3254 1662 3449 1721 triduo
3474 1664 3601 1735 jam

1949 1750 2068 1806 fere
2096 1749 2222 1805 sine
2255 1749 2384 1805 cibo
2415 1755 2716 1806 manserat
2740 1779 2830 1819 --,
2880 1756 3119 1823 repente
3167 1751 3227 1808 in
3274 1752 3467 1810 media
3512 1753 3605 1811 via

1950 1840 2069 1895 tres
2104 1839 2370 1910 jacentes
2401 1839 2617 1911 reperit
2659 1856 2863 1911 panes,
2909 1857 2979 1897 ex
3027 1839 3245 1913 quibus
3295 1859 3484 1914 usque
3527 1843 3601 1899 ad

1950 1926 2288 1999 przsdictam
2320 1927 2639 1984 azcclesiam
2678 1929 2869 1985 sancti
2902 1930 3198 1986 Laurentii
3232 1932 3511 2003 pervenit.
3546 1932 3604 1991 Is

1951 2016 2078 2073 sine
2106 2015 2230 2073 ulla
2258 2017 2628 2075 cunctatione
2650 2019 2945 2085 firmabat,
2968 2019 3334 2091 psalmorum
3364 2020 3602 2091 virtute,

258 2106 353 2163 H.
383 2104 702 2162 Ecclesiam
730 2122 901 2178 porro
933 2107 1120 2162 sancti
1154 2107 1473 2176 Laurentii,
1500 2123 1677 2180 quam
1700 2108 1840 2163 dixi-
1866 2134 1917 2205 Β
1954 2121 2104 2178 quos
2124 2123 2365 2179 semper
2392 2105 2452 2162 in
2484 2121 2583 2163 ore
2619 2108 2910 2172 versabat,
2947 2125 3097 2181 quos
3129 2110 3185 2165 ia
3224 2109 3370 2182 ipsis
3423 2110 3603 2169 etiam

183 2210 347 2259 mus,
379 2194 554 2249 unico
586 2209 783 2249 amore
812 2193 1084 2262 excoluit,
1104 2199 1164 2249 et
1194 2194 1253 2248 in
1287 2193 1613 2250 ministerio
1644 2188 1841 2249 accele-

184 2281 432 2339 siastico
453 2283 801 2338 necessariis
818 2286 1108 2355 quantum
1132 2281 1462 2355 religiosius
1482 2282 1849 2354 potuit'cxor«

185 2371 373 2429 navit.
425 2371 706 2437 Quotiens
755 2371 1010 2443 denique
1047 2387 1299 2428 vacuum
1348 2376 1492 2440 erat,
1544 2376 1727 2428 strato
1766 2371 1848 2427 ibi

184 2459 379 2515 locato
410 2475 513 2531 per
537 2458 733 2534 plures
755 2459 880 2514 dies
903 2458 1036 2514 inde
1058 2475 1172 2513 non
1196 2458 1848 2531 recedebat,noctcsque

188 2548 580 2606 creberrimas
601 2548 966 2604 orationibus
985 2547 1463 2604 continuabat.Et
1483 2563 1845 2621 quamquam

191 2637 391 2695 seculo
425 2638 619 2694 adhuc
648 2637 1007 2710 voluptatem
1031 2636 1224 2693 laxare
1242 2636 1848 2705 videretur,secretius

194 2726 255 2782 in
278 2725 467 2783 oculis
479 2726 710 2783 Domini
724 2742 828 2799 pro
847 2726 993 2782 locis
1012 2731 1070 2782 et
1089 2725 1454 2798 temporibus
1482 2726 1848 2799 spiritalibus

194 2815 578 2871 lnbiabat.lbi
594 2814 871 2870 feminam
888 2815 1188 2887 quandam
1203 2817 1292 2851 ‘5”
1303 2832 1371 2872 ex
1392 2816 1629 2888 geniceo
1646 2817 1733 2852 "‘93
1745 2816 1847 2871 do-

195 2904 341 2959 mini
369 2905 463 2960 sui
483 2903 697 2960 divinis
718 2904 925 2960 officiis
948 2905 1058 2960 sub
1086 2905 1375 2960 velamine
1387 2905 1850 2978 deputavitoum

196 2998 262 3049 ut
290 2993 522 3066 integra
551 3009 792 3066 corpore
821 2992 947 3050 loco
976 2998 1179 3050 sancto
1209 2998 1300 3050 est
1318 2994 1644 3061 tradita,ita
1665 3009 1851 3066 usque

192 3083 309 3139 sub
341 3082 538 3139 debito
560 3084 673 3138 line
707 3086 929 3139 natura:
950 3087 1154 3138 sancta
1178 3098 1425 3140 manens
1458 3100 1632 3140 carne
1653 3089 1711 3139 et
1729 3085 1850 3157 spi-

198 3171 340 3239 ritu,
375 3172 489 3228 sub
519 3172 700 3244 stirpe
730 3172 916 3245 ipsius
947 3172 1240 3241 (ecclesiis,
1264 3172 1429 3229 nulla
1458 3189 1739 3246 umquam
1764 3178 1852 3231 at-

190 3265 358 3318 tacta
385 3259 792 3329 infamia,felix
822 3263 1151 3317 consenuit.
1190 3261 1410 3317 Ibidem
1435 3277 1669 3334 quoque
1688 3279 1852 3334 pere—

190 3351 436 3425 grinum
470 3351 766 3422 quendam
782 3351 909 3421 jam
948 3356 1230 3423 provecta
1251 3350 1440 3407 aetatis
1460 3349 1852 3423 presbiterum

195 3442 536 3511 exceptum,
571 3440 711 3494 dum
745 3439 913 3494 beato
945 3440 1061 3494 fine
1092 3439 1410 3506 excederet,
1436 3439 1583 3495 aluit
1612 3444 1671 3495 et
1690 3438 1850 3494 omni

1957 2194 2148 2266 puteis
2160 2195 2577 2252 consistentem
2593 2212 2655 2252 se
2675 2194 2911 2253 assidue
2932 2197 3276 2254 decantasse
3290 2198 3603 2270 fatebatur,

1955 2282 2027 2339 de
2058 2287 2145 2340 tot
2172 2281 2448 2356 periculis
2478 2281 2910 2341 liberatum.Ab
2943 2301 3010 2340 eo
3039 2284 3193 2341 idem
3224 2286 3523 2345 Johannes
3544 2303 3606 2345 se

1954 2386 2024 2427 ex
2052 2372 2277 2440 multis,
2312 2388 2439 2445 qua:
2466 2372 2613 2429 forte
2642 2372 2848 2429 leviter
2874 2378 3156 2446 gesserat,
3192 2375 3396 2432 crebro
3426 2377 3610 2433 meni-

1955 2463 2104 2527 tum,
2138 2464 2197 2516 et
2224 2460 2540 2532 aliquando
2573 2460 2767 2516 acrius
2804 2463 3212 2535 redargutum,
3266 2463 3607 2539 multiplici-

1954 2551 2158 2620 terque
2188 2551 2535 2617 correctum,
2571 2548 2771 2621 sepius
2801 2548 3081 2621 gratulari
3113 2548 3358 2609 soledat.

2030 2638 2117 2694 16.
2148 2638 2263 2695 Sed
2291 2640 2348 2694 et
2372 2637 2507 2694 aliis
2533 2654 2711 2710 quam
2741 2637 3032 2711 pluribus.
3074 2637 3124 2695 si
3167 2654 3319 2712 quos
3348 2642 3605 2714 probata:

1952 2725 2084 2782 vitae
2131 2742 2198 2782 ac
2247 2725 2524 2783 doctrinis
2580 2731 2963 2800 compererat,
3014 2727 3276 2799 solitario
3324 2730 3608 2789 comitatu

1957 2832 2318 2889 quamquam
2340 2821 2563 2874 secreto
2585 2816 2822 2874 interim
2844 2817 3610 2895 adbzerebat,paulatimque

1959 2907 2017 2961 et
2047 2905 2217 2977 quasi
2251 2921 2354 2978 per
2379 2909 2576 2978 partes
2596 2923 2631 2963 a
2650 2906 3124 2980 quibuscumque
3136 2908 3342 2965 mundi
3363 2908 3611 2968 oblecta-

1958 2992 2177 3051 mentis
2188 2994 3028 3068 subduoens,castigatioribus
3041 3012 3104 3054 se
3116 2997 3344 3055 actibus
3357 2999 3614 3074 applica-

1958 3099 2021 3139 re
2042 3081 2548 3156 satagebat.Paulo
2572 3087 2706 3140 ante
2718 3084 2874 3142 dicto
2896 3084 3147 3142 Bernero
3160 3087 3407 3145 diacono
3426 3090 3610 3147 maxi-

1960 3187 2055 3228 me
2074 3171 2754 3245 delcctabatur,eumque
2786 3172 3006 3231 honore
3026 3179 3085 3232 et
3104 3176 3297 3234 ofﬁcio
3318 3178 3613 3252 amplissi-

1961 3275 2056 3317 mo
2076 3260 2434 3317 venerationi
2456 3261 2729 3329 habebat,
2749 3278 2855 3334 pro
2874 3280 2941 3319 eo
2977 3265 3134 3336 quod
3158 3283 3273 3322 non
3297 3268 3471 3327 modo
3503 3269 3609 3327 do-

1962 3349 2152 3404 ctrina
2172 3354 2231 3404 et
2259 3349 2381 3405 vita
2410 3349 2561 3420 ejus,
2596 3367 2709 3423 que
2735 3349 2878 3406 item
2901 3350 3086 3407 vicem
3117 3354 3359 3425 gerebat
3396 3357 3613 3413 doctri-

1962 3454 2055 3504 ne,
2090 3439 2244 3513 apud
2272 3438 2467 3511 ipsum
2501 3438 2874 3511 proﬁciebat;
2905 3444 2996 3496 set
3025 3444 3084 3497 et
3112 3441 3290 3515 quod,
3325 3443 3374 3501 si
3407 3462 3524 3517 qua
3552 3446 3613 3502 in

189 3507 724 3586 cura—servavitDe
755 3544 871 3601 quo
903 3529 1075 3600 plura
1097 3531 1260 3585 bona
1283 3529 1531 3584 actionis
1564 3528 1734 3585 nobis
1754 3544 1852 3599 pa-
1881 3507 1928 3578 θ
1964 3545 2025 3583 se
2056 3507 2534 3601 reprehendenda
2563 3528 2710 3584 forte
2736 3507 3379 3604 vidisset,nequaquam
3410 3507 3504 3590 liis
3523 3534 3613 3590 vel

188 3623 279 3675 ter
306 3617 615 3675 Johannes
647 3633 885 3673 narrare
925 3622 1306 3674 consueverat
1354 3633 1368 3674 :
1419 3618 1576 3690 quod
1633 3616 1853 3675 scilicet

186 3707 351 3779 operi
390 3707 585 3763 divino
616 3709 784 3764 nocte
812 3721 878 3762 ac
909 3706 1002 3763 die
1033 3705 1315 3775 intentus,
1350 3705 1512 3761 nullo
1550 3706 1666 3762 fere
1695 3710 1853 3762 tem-

185 3812 327 3868 pore
359 3800 576 3870 praeter
605 3810 894 3868 corporeae
924 3795 1293 3851 necessitatis
1323 3811 1526 3851 curam
1548 3794 1728 3850 limen
1750 3812 1853 3851 aec-

190 3886 387 3941 clesiaa
417 3884 1039 3942 excesserat.Psalmos
1066 3882 1258 3940 verbis
1275 3887 1333 3940 et
1353 3900 1531 3940 sensu
1553 3882 1847 3953 distincte,

190 3978 258 4031 ut
287 3990 441 4048 pene
475 3973 715 4031 sillabas
736 3989 871 4030 eum
892 3988 1192 4029 recensere
1223 3973 1729 4047 putares,assiduo
1751 3988 1850 4029 ore

188 4063 759 4120 volvebat.0ratione
781 4079 932 4135 pura
950 4060 1141 4117 nectis
1158 4060 1482 4133 plurimum
1504 4062 1845 4135 occupabat.

184 4158 329 4209 Cum
352 4151 503 4225 ipsis
526 4150 980 4225 cogitationibus
1002 4167 1139 4208 voce
1159 4150 1292 4223 ipsa
1310 4150 1650 4225 confligens,
1666 4167 1850 4224 eaque

186 4240 357 4312 quasi
392 4255 574 4294 manu
607 4239 992 4294 deverberans
1024 4256 1038 4294 :
1077 4259 1106 4287 ‹‹
1134 4238 1320 4307 Abite,
1357 4238 1569 4310 inquit,
1610 4239 1742 4294 vani
1794 4244 1851 4297 et

187 4327 407 4400 ignavi,
446 4343 562 4383 non
604 4326 751 4382 mihi
781 4325 1198 4399 psalmiculum
1230 4341 1327 4382 ore
1358 4326 1847 4384 subtrabite!»Ad

187 4418 499 4474 martirem
530 4430 764 4489 quoque
795 4414 1140 4488 plerumque
1171 4414 1419 4486 querula
1460 4430 1598 4471 voce
1645 4414 1848 4472 clami-

191 4511 325 4565 tans
347 4522 373 4563 *:
414 4528 447 4560 α
478 4504 780 4574 Laurenti,
815 4505 957 4578 quid
987 4505 1083 4560 hic
1114 4504 1374 4577 agis,cur
1402 4521 1516 4561 non
1548 4520 1641 4560 me
1661 4505 1735 4560 ab
1755 4505 1849 4562 his

187 4597 442 4655 maenis
472 4594 784 4652 defendis?
817 4616 845 4646 »
881 4594 1170 4650 Demones
1201 4592 1377 4650 variis
1410 4593 1695 4667 proludiis
1735 4594 1847 4651 sibi

187 4685 491 4744 obversari
524 4683 818 4758 corporeis
857 4682 1043 4740 oculis
1071 4682 1533 4753 testabantur,ut
1562 4698 1713 4757 saepe
1733 4683 1846 4740 sibi

187 4775 562 4832 infestiseiimi
595 4788 784 4846 usque
831 4773 891 4828 in
940 4772 1230 4845 quosdam
1262 4771 1523 4845 corporis
1553 4772 1849 4830 cruciatus

1961 3617 2034 3673 ad
2065 3620 2433 3672 momentum
2465 3633 2703 3689 parcere
2729 3621 2989 3685 noverat,
3020 3618 3164 3691 quin
3206 3620 3410 3677 statim
3460 3638 3613 3679 seve-

1960 3705 2106 3775 rius,
2139 3709 2197 3762 et
2227 3704 2277 3761 si
2309 3705 2394 3761 ita
2422 3722 2517 3761 res
2539 3708 2894 3778 exposceret,
2938 3705 3114 3762 etiam
3155 3706 3389 3779 publice
3419 3709 3616 3781 objur-

1958 3798 2141 3868 garet.
2178 3794 2316 3850 Erat
2343 3794 2500 3850 idem
2533 3794 2821 3850 Bernerns
2849 3792 3005 3849 inter
3037 3798 3263 3864 caetera,
3308 3812 3425 3869 que
3454 3798 3610 3857 bono

1960 3884 2136 3938 odore
2167 3883 2236 3938 de
2265 3899 2331 3938 eo
2361 3880 2520 3937 fama
2546 3886 2906 3954 resperserat
2954 3884 3064 3949 "5’8,
3105 3882 3407 3958 religionis
3436 3886 3525 3923 ¹⁸²¹¹
3556 3893 3616 3945 et

1960 3970 2251 4043 praecipue
2276 3969 2407 4025 vita;
2438 3968 2838 4041 pudicissima:
2870 3986 2904 4024 a
2928 3984 3110 4041 puero
3138 3970 3393 4044 insignis
3426 3972 3613 4043 "main

1958 4059 2097 4115 vitia
2121 4059 2456 4127 mordax,ut
2484 4074 2590 4113 nec
2620 4057 3024 4129 superioribus
3046 4057 3363 4131 aliquando
3383 4063 3615 4120 cederet

1959 4144 2483 4222 personis.Eloquii
2512 4145 2900 4203 nihilominus
2929 4147 3140 4205 mulita
3167 4148 3221 4206 ei
3253 4154 3617 4221 venustas,et

1958 4239 2216 4313 plurima
2247 4238 2305 4293 in
2336 4237 2655 4294 exortando
2694 4240 2752 4292 et
2783 4238 3134 4309 persuadere
3176 4236 3443 4297 fecilitas.
3477 4242 3618 4299 Cen-

1961 4345 2064 4387 sus
2093 4328 2143 4386 ei
2179 4345 2296 4384 non
2331 4325 2491 4382 nullo
2526 4326 2617 4360 '5"
2646 4330 3058 4399 sumptuosus,
3091 4326 3192 4382 sed
3222 4344 3329 4384 nec
3374 4331 3615 4387 omnino

1960 4412 2515 4492 abjectus.Simplici
2546 4413 2703 4471 enim
2722 4413 2882 4471 victu
2903 4413 2989 4470 vel
3012 4418 3353 4489 tegumenta
3371 4422 3615 4476 conten-

1956 4514 2077 4576 tus,
2109 4506 2157 4564 si
2189 4502 2329 4580 quid
2360 4509 2559 4562 tamen
2605 4517 2809 4561 eorum
2856 4502 3067 4572 fuerat,
3099 4502 3368 4561 lautioris
3411 4505 3614 4565 cultus

1957 4603 2016 4657 et
2043 4602 2110 4655 ut
2140 4612 2287 4669 pene
2314 4595 2617 4651 notaretur
2643 4594 2787 4648 erat.
2814 4590 2907 4648 .Ita
2932 4590 3042 4647 ‘vir
3079 4590 3214 4665 puri
3244 4590 3447 4663 animi,
3481 4608 3610 4651 sor-

1957 4688 2121 4745 dium
2152 4681 2504 4742 exteriorum
2535 4682 2822 4738 attactum
2846 4694 3092 4754 prorsus
3114 4679 3369 4754 quadam
3391 4681 3503 4739 sibi
3525 4683 3619 4741 in-

1959 4778 2072 4847 sita
2100 4776 2313 4832 natura
2340 4770 3051 4842 horruerat.'l‘antumque
3082 4768 3378 4842 pudicitiae
3401 4770 3492 4808 "9°
3508 4771 3616 4828 vir-

186 4864 527 4938 dejicerent,
547 4862 821 4936 lectoque
851 4877 957 4936 per
985 4861 1221 4937 aliquod
1272 4861 1399 4920 dies
1448 4877 1562 4918 non
1594 4878 1843 4920 consur-
1876 4871 2052 4947 Dtus
2078 4866 2337 4920 mentem
2369 4859 2456 4895 ¹⁸³¹
2489 4859 2617 4947 ejus
2638 4860 2823 4914 totam
2856 4860 3225 4947 pervaserat,
3238 4861 3307 4947 ut
3326 4874 3443 4932 quo
3468 4861 3616 4919 forte

187 4958 373 5026 geret.

257 5042 346 5100 15.
374 5042 488 5099 'Hic
508 5042 671 5098 idem
703 5040 776 5097 de
797 5053 860 5097 se
890 5040 1107 5097 referre
1137 5038 1346 5097 solitus
1392 5044 1538 5111 erat,
1581 5044 1844 5115 tempore

184 5146 301 5201 quo
322 5130 677 5188 Nortmanni
699 5128 1124 5202 irruptionibus
1138 5128 1311 5185 emis
1331 5128 1487 5207 circa
1510 5130 1842 5203 Sequanam

187 5222 244 5275 et
294 5212 555 5293 Ligerim
612 5217 1016 5292 populabundi
1074 5218 1461 5275 excurrebant
1510 5234 1574 5275 se
1626 5220 1699 5275 ab
1759 5218 1843 5277 eis

183 5308 783 5381 comprehensum,et
807 5306 868 5363 in
895 5310 1069 5379 puteo
1099 5305 1355 5379 quodam
1397 5305 1591 5364 nimiis
1639 5306 1839 5364 altitu-

1952 4956 2079 5013 ioco
2105 4950 2415 5009 mulierem
2444 4946 2669 5005 sedisse
2698 4948 3104 5020 conspexerat,
3128 4945 3290 5004 nullo
3321 4950 3490 5021 pacto
3512 4949 3616 5008 illa

1952 5044 2256 5102 recedente
2281 5039 2487 5095 eodem
2508 5036 2635 5109 ipse
2665 5034 2756 5092 vel
2787 5032 3210 5108 fatigabundus
3253 5037 3611 5096 succederet.

2026 5133 2116 5187 17.
2147 5122 2377 5197 Interea
2404 5126 2662 5182 Joannes
2709 5126 2768 5180 et
2810 5122 2987 5180 Metis
3029 5124 3389 5183 monasterio
3422 5126 3613 5185 sancti

1954 5217 2125 5285 Petri,
2155 5212 2255 5272 ubi
2285 5216 2343 5271 et
2366 5213 2609 5270 domum
2655 5209 2910 5268 vicinam
2961 5209 3238 5281 habebat,
3289 5212 3402 5271 sub
3447 5224 3615 5274 occa-

1951 5308 2116 5366 sione
2140 5302 2419 5363 aaccl'esize
2448 5316 2627 5376 quam
2674 5300 3070 5374 tenebatque;
3109 5315 3247 5359 cum
3292 5301 3433 5362 villa
3478 5318 3613 5379 pro-

1554 5430 1794 5490 VARIE
1832 5426 2253 5491 LEGTIONES.
3576 5434 3615 5451 ’

254 5558 448 5633 “ﬁt-8.
481 5574 527 5617 ο.
607 5559 696 5633 ¹⁹ξ²¹
724 5558 1018 5633 quendam
1042 5555 1131 5633 i._
1180 5557 1270 5593 ¹⁸²³
1299 5558 1659 5633 geneceo_i._
1701 5556 1792 5594 '5"
1816 5553 2555 5633 itaucraedecernerent}.
2620 5553 2723 5633 “3"
2764 5553 3084 5633 utcumque
3129 5550 3345 5633 c_.___f'_‘“
3396 5551 3612 5633 hinc“!

248 5630 366 5687 alia
394 5646 573 5687 manu
590 5632 709 5703 ejus
734 5624 993 5702 temporis
1021 5630 1257 5702 scripta.
1299 5624 1423 5666 ’⁸³⁸⁷
1457 5627 1696 5688 relionis
1717 5646 1763 5688 ο.
1841 5630 1932 5667 ³⁵³³
1977 5628 2235 5704 insignia
2280 5643 2327 5685 ο.
2406 5626 2496 5663 ³⁵³³
2547 5624 2740 5682 multa
2791 5639 2839 5681 ο.
2921 5626 2936 5660 ¹

186 5701 316 5759 hinc
330 5704 496 5775 prior
520 5701 718 5759 rursus
746 5701 965 5758 manus.

3058 5623 3344 5699 pudititiae
3392 5640 3441 5682 ο.
3521 5622 3611 5665 ¹⁸⁸¹

1779 5827 2015 5886 NOTAE.

257 5952 406 6025 (360)
428 5952 655 6010 Beauce
685 5951 757 6008 ad
781 5924 1054 6024 Ligerim.
