1934 3239
139 300 195 332 251

587 302 747 333 JOANNiS
771 300 945 332 ABIIATIS.
971 301 1003 331 S.
1027 301 1197 333 ARNULFI
1219 302 1415 334 METENSIS

1786 305 1841 335 κε

138 371 202 407 prie
212 371 307 399 eidem
316 369 493 398 monasterio
504 368 874 404 subjacet,ebdomadarius
886 367 961 395 sacri
976 366 1004 401 Α
1019 369 1281 402 tentum,ordincm
1297 369 1445 398 actionum
1458 369 1773 405 ecclesiasticarum,ad
1791 371 1841 400 hoc

138 416 239 444 altaris
254 415 374 448 ascitus,
392 417 459 451 post
473 414 590 450 aliquod
606 422 695 449 quam
710 413 819 440 ibidem
835 412 961 440 offitium

137 462 252 496 ceperat
265 461 392 495 tempus,
410 458 460 487 tali
477 458 578 486 ordine
600 457 706 485 salutis
721 457 747 484 ei
761 457 874 484 occasio
890 456 961 484 divi-

136 504 217 532 nitus
232 503 410 540 providetur.
437 503 468 530 In
493 502 614 538 collegio
640 501 805 537 puellarum
827 501 960 536 ejusdem

136 548 202 581 loci,
220 549 296 584 quod
311 557 387 575 nunc
402 548 523 575 feliciter
539 547 660 574 Domino
678 546 836 573 miserante
862 554 959 581 proce-

136 594 187 624 dit,
205 596 265 620 erat
281 593 406 628 quedam
425 593 556 619 moribus
579 595 607 618 et
631 591 849 618 conversatione
863 598 959 617 remo-

135 639 191 665 tior
207 648 221 665 a
238 638 352 670 ceteris,
367 637 454 664 annis
471 637 629 663 admodum
647 635 960 671 puellaribusnominc

135 682 230 716 Geisa,
249 691 337 717 quam
355 681 444 708 amita
462 680 555 707 eidem
573 679 707 714 religiosa
722 678 869 705 secretiori
882 679 957 713 apud

134 736 164 754 se
181 727 314 754 custodia
330 725 486 757 educebat;
504 725 556 751 hcc
574 724 739 758 Fredeburg
755 723 960 749 dicebaturlia

134 772 232 807 itaque
249 771 334 798 Geisa
347 778 414 797 cum
432 769 465 796 ad
482 768 589 795 artiora
606 776 635 795 se
651 767 754 794 cotidie
768 769 867 794 sancte
888 775 959 793 con-

133 814 306 843 versationis
323 813 579 845 extonderetjntor
595 815 697 839 ca-tera
713 811 805 838 sancti
818 811 959 847 propositi

134 859 407 891 ornamenta,etiam
423 858 477 885 sub
494 857 573 884 omni
590 860 667 884 vestr
679 856 765 883 cilicii
777 865 863 883 usum
877 856 956 883 addi-

133 903 377 930 derat..]ohannes
393 903 457 936 ejus
473 901 601 928 instituti
617 901 660 917 νβ’
671 900 820 927 adhuc”33
831 900 957 935 vix{3(‘ni)

133 950 183 974 aut
198 947 316 974 omnino
335 947 464 981 ignarus,
491 946 561 972 dum
586 945 713 980 quadam
741 944 797 978 die,
829 953 957 980 quonam

133 991 278 1019 incertum
302 991 376 1024 loco,
402 998 468 1017 cum
494 997 528 1016 ea
553 987 759 1021 familiaribus,
777 989 808 1015 ut
832 996 899 1015 cum
916 996 959 1015 ce-

1016 414 1046 440 et
1061 412 1237 441 secularium
1263 413 1359 442 edicta
1382 414 1491 451 legum,
1517 416 1553 443 ad
1579 424 1672 443 unum
1696 424 1790 452 usque
1812 417 1842 444 ut

1015 457 1056 485 ita
1072 458 1168 486 dicam
1183 458 1304 486 verbum
1320 459 1407 486 corde
1417 459 1568 487 recondita
1588 460 1661 488 mire
1686 460 1840 488 continuit.

1016 502 1206 536 Omeliarum,
1219 511 1399 537 sermonum,
1413 512 1445 531 ac
1460 504 1643 532 diversorum
1662 506 1841 533 tractatuum

1016 548 1044 574 in
1061 547 1236 575 lectionibus
1251 547 1442 584 epistolarum
1468 548 1511 576 vel
1538 548 1766 585 evangeliorum,
1791 550 1840 577 sed

1015 594 1043 619 et
1067 595 1150 627 gesta
1174 594 1343 619 sanctorum
1368 592 1391 619 si
1418 600 1477 628 qua
1502 594 1572 620 sunt
1595 592 1839 626 mcmorabilium,

1014 639 1126 664 tantam
1143 636 1277 672 concepit
1293 636 1439 670 notitiam,
1456 639 1487 664 ut
1497 637 1637 672 quociens
1652 637 1839 672 postmodum

1014 680 1039 707 ei
1056 680 1241 716 oportunitas
1257 681 1329 708 forte
1343 681 1517 708 accessisset
1531 681 1681 717 loquendi,
1697 682 1757 709 acsi
1784 690 1841 717 pra;

1014 724 1106 752 oculis
1122 724 1195 752 liber
1216 725 1341 758 adesset,
1367 733 1383 752 a
1409 724 1504 760 prima
1528 733 1620 760 usque
1636 724 1665 752 in
1680 727 1840 752 extremam

1013 769 1189 796 sententiam
1213 778 1246 796 ex
1271 769 1372 797 ordine
1397 771 1549 804 tamquam
1577 768 1640 797 visa
1661 776 1841 805 persequens

1013 812 1135 849 vestigia
1162 813 1258 840 verbis
1282 813 1490 840 communibus
1515 812 1651 841 universa
1671 812 1838 840 revolveret.

1013 856 1154 884 Cantibus
1165 856 1370 884 ecclesiasticis
1384 857 1438 884 sub
1452 857 1528 884 idem
1542 857 1681 893 temporis
1690 857 1839 891 insudare,

1013 909 1065 928 nec
1081 901 1200 929 erubuit
1214 909 1266 929 nec
1290 901 1464 937 desperavit.
1495 902 1531 929 Et
1554 901 1622 929 licet
1649 901 1783 929 nonnulli
1809 904 1841 929 ut

1012 946 1144 974 alieniori
1160 948 1242 973 zctate
1259 945 1357 973 deludi
1374 945 1459 973 tacite
1471 945 1600 973 riderent
1613 945 1842 982 ingenium,per—

1012 990 1121 1018 tinacia
1135 990 1202 1018 boni
1218 990 1355 1018 desiderii
1371 990 1505 1026 quamvis
1513 990 1587 1018 duro
1597 989 1731 1018 electabo
1741 990 1842 1019 labem

131 1036 202 1063 teris
222 1035 383 1067 adsolebat,
409 1032 595 1061 sermonibus
620 1033 744 1068 quedam
775 1033 925 1066 insereret,
942 1040 959 1059 a
974 1051 997 1083 B
1013 1043 1134 1070 prorsus
1148 1035 1244 1063 evicit.

133 1082 248 1115 pectore
264 1079 366 1115 puellae
384 1079 461 1106 intra
476 1077 643 1111 interulam,
661 1086 725 1112 qua
743 1077 838 1104 fuerat
861 1076 954 1104 subti-

131 1124 195 1158 lior,
214 1124 349 1151 umbram
365 1122 451 1150 cilicii
466 1122 502 1150 ad
517 1129 635 1149 carnem
652 1121 770 1149 latentis
786 1121 840 1148 sub
866 1120 954 1147 dubio

131 1169 195 1196 visu
211 1167 460 1204 prospexit.Manu
471 1166 605 1202 protinus
615 1166 651 1193 ad
661 1165 872 1201 explorandum
884 1165 954 1200 quid

131 1215 210 1241 esset
225 1213 342 1247 injecta,
358 1211 407 1239 ubi
422 1220 483 1238 rem
499 1211 629 1246 asperior
644 1213 739 1238 tactus
753 1210 877 1243 edocuit,
896 1212 955 1237 stu-

131 1265 200 1293 pore
215 1257 379 1285 vehementi
397 1259 425 1284 et
439 1258 498 1284 toto
514 1263 633 1292 corpore
653 1257 777 1283 tremore
793 1254 952 1282 exhorruit.

130 1302 203 1336 Quid
221 1302 326 1330 deinde
342 1301 389 1329 hic
404 1301 523 1328 habitus
537 1300 737 1336 przctenderct,
751 1301 952 1335 percuntatus,

129 1347 320 1375 verecundior
334 1346 384 1374 illa
398 1348 427 1374 et
437 1346 542 1374 rubore
555 1345 638 1373 vultu
654 1353 782 1381 aspersa,
797 1346 952 1380 postquam

136 1391 307 1427 aliquandiu
322 1391 485 1419 obticuerat
498 1399 524 1418 ιιι
534 1390 820 1425 Nescis,inquid,nos
831 1398 888 1417 non
905 1389 953 1417 isti

130 1437 236 1465 szsculo
248 1437 342 1464 vivere
354 1438 404 1464 aut
414 1435 559 1463 deservire
575 1435 680 1462 debere
691 1434 704 1461 Τ
720 1434 777 1462 Hec
787 1435 823 1462 ad
839 1435 954 1470 queam“

129 1482 284 1518 plerosque
299 1481 414 1509 deditos
430 1480 601 1513 video,vana
617 1487 738 1515 prorsus
748 1481 776 1506 et
785 1479 952 1507 animarum

129 1527 323 1563 perditionem
329 1533 393 1553 esse
405 1523 664 1559 perpendo.Longe
670 1523 746 1550 alius
753 1522 824 1550 mihi
836 1523 954 1551 animus

128 1572 164 1598 ab
179 1570 236 1604 his,
254 1569 363 1605 proprii
379 1570 493 1596 tantum
510 1566 629 1603 periculi
646 1566 800 1594 sollicitam
817 1567 861 1583 “‘35
877 1567 963 1603 cogit.

128 1614 370 1644 existere.»Plui-a
379 1613 407 1640 in
418 1612 497 1640 hunc
509 1611 629 1639 modum
641 1611 734 1638 sancti
745 1610 881 1638 desiderii
894 1620 954 1639 ver-

128 1661 165 1688 ba
179 1667 245 1687 cum
260 1655 590 1694 replicasset,Johannes
600 1654 636 1682 ab
647 1654 705 1682 imo
714 1654 840 1690 pectoris
854 1654 884 1682 in
895 1655 953 1684 alta

127 1703 270 1732 excitatus
294 1700 444 1736 suspiria:
463 1709 477 1724 «
493 1698 543 1732 Ve,
560 1698 675 1733 inquid,
696 1698 802 1726 misero
827 1698 899 1726 mihi
925 1702 953 1727 et

128 1734 381 1783 ignavissimo,qui
398 1743 509 1772 tamdiu
523 1751 619 1770 moras
630 1751 688 1770 non
700 1743 786 1770 modo
802 1743 949 1778 steriliter,
966 1734 987 1768 Ο

127 1792 178 1820 sed
193 1791 282 1819 etiam
298 1789 409 1826 perdite
423 1788 544 1815 vivendo
560 1786 701 1823 protraxi!
719 1786 834 1815 Scilicet
849 1795 895 1816 me
910 1788 951 1816 vi-

127 1843 203 1867 rum,
217 1835 294 1862 hunc
310 1832 488 1868 fragiliorem
504 1839 606 1859 sexum
629 1831 735 1858 virtute
751 1831 852 1867 przeire
867 1841 950 1868 opor-

127 1880 193 1908 tuit.
210 1879 282 1907 Nam
294 1886 411 1905 summo
429 1876 534 1912 probro
551 1878 579 1903 et
591 1875 839 1910 contumelia,non
856 1876 951 1904 solum

127 1934 184 1952 non
199 1931 362 1958 consequor
373 1922 436 1956 jam
452 1920 665 1953 ambulantem,
683 1920 732 1947 sed
749 1929 800 1947 nec
816 1921 900 1948 deses
924 1923 952 1948 et

126 1972 204 1997 totus
210 1969 316 1996 hcrens
322 1970 398 1994 terre
405 1965 463 1993 ullo
471 1967 552 1992 motu
563 1964 732 2000 progredior
739 1967 789 1992 aut
799 1965 949 1993 comitor.»

164 2014 196 2040 18
212 2013 262 2040 His
278 2011 367 2048 igitur
383 2009 480 2038 aerius
496 2009 665 2037 stimulatus
694 2011 722 2036 et
738 2018 837 2045 supra
861 2019 950 2045 quam

126 2057 198 2085 alias
206 2056 330 2083 antehac
341 2055 517 2090 cujusquam
529 2053 660 2089 exemplo
671 2052 786 2081 virtutis
797 2062 950 2088 accensus,

126 2102 162 2129 de
177 2099 357 2136 perfectioris
370 2098 434 2125 vita:
445 2098 629 2125 institutione
646 2098 702 2125 fixa
727 2101 823 2125 mente
840 2098 951 2126 delibe-

126 2148 180 2173 rat.
197 2144 333 2172 Studium
351 2143 448 2178 itaque
464 2142 597 2169 lectionis
614 2142 717 2169 divina
742 2151 808 2170 cum
840 2143 950 2171 eisdem

126 2189 240 2217 ancillis
258 2188 306 2216 Dei
322 2196 439 2215 summa
453 2187 478 2213 vi
495 2186 594 2214 statim
612 2186 744 2222 arripuit,
770 2189 797 2214 et
822 2187 951 2222 primum

126 2243 214 2262 sacrm
232 2232 412 2260 bibliotheca:
430 2230 582 2257 historiam
593 2230 706 2257 Veteris
722 2239 754 2257 ac
771 2231 841 2258 Novi
854 2232 952 2259 Testa-

126 2278 216 2306 mcnti
234 2284 406 2313 percurrens
421 2285 455 2302 ex
471 2275 593 2310 integro,
606 2274 710 2302 deinde
725 2283 910 2311 quocumque
922 2276 951 2303 in

126 2322 231 2350 divinis
251 2321 354 2349 officiis
377 2319 465 2347 certis
489 2319 671 2354 temporibus
697 2318 724 2346 in
750 2319 880 2347 mcclesia
899 2320 951 2347 fre-

125 2368 293 2403 quentatur,
308 2363 441 2392 lectionis
457 2363 523 2390 libri
540 2363 589 2398 qui
606 2363 727 2391 Comitis
742 2363 849 2391 dicitur
864 2364 950 2400 (362),

125 2410 272 2438 orationes
287 2412 315 2436 et
328 2409 351 2436 si
368 2417 426 2444 qua
440 2409 511 2435 sunt
526 2407 745 2435 sacramentarii
766 2408 795 2435 in
817 2417 888 2435 usus
904 2408 949 2435 di-
966 2421 990 2451 D

125 2464 234 2488 versos,
256 2453 371 2489 regulas
388 2452 631 2488 supputationum
653 2452 869 2488 temporalium,
886 2462 949 2488 quas

126 2507 223 2527 coram
239 2497 386 2525 antedicto
402 2497 526 2523 Bcrnero
543 2495 664 2524 diacono
690 2496 771 2531 prius
794 2505 827 2524 ex
857 2497 950 2525 multa

127 2546 208 2580 parte
224 2543 374 2579 relegerat,
393 2541 539 2569 memorias
564 2541 700 2569 vicaciter
722 2543 785 2578 (363
810 2544 843 2570 ut
864 2551 949 2570 nemo

126 2587 261 2623 superius
276 2584 500 2613 commendavit.
518 2585 663 2620 Prmcepta
678 2585 823 2613 canonica:
836 2586 950 2613 institu-

124 2631 223 2664 tionis,
238 2631 292 2658 hoc
308 2632 353 2657 est
369 2630 486 2656 decreta
507 2628 708 2662 conciliorum,
730 2630 844 2664 judicia
868 2630 948 2666 peni-

1051 1079 1092 1107 19.
1109 1079 1174 1107 Haec
1187 1079 1212 1107 ei
1227 1078 1344 1107 interim
1369 1081 1538 1106 sanctorum
1563 1078 1752 1114 negociorum
1776 1078 1841 1107 ocis

1010 1132 1077 1151 cum
1094 1122 1240 1160 pradictis
1253 1122 1368 1150 ancillis
1392 1123 1442 1150 Dei
1469 1123 1561 1150 fuere.
1587 1123 1627 1150 Ex
1652 1123 1737 1158 cujus
1749 1123 1840 1151 etiam

1009 1168 1122 1204 collegii
1139 1167 1329 1196 multitudine
1343 1167 1499 1203 plerasque
1513 1168 1557 1185 ¹⁵³⁶
1578 1167 1614 1195 ab
1639 1167 1750 1195 infimis
1764 1167 1840 1197 delo-

1009 1212 1186 1240 ctalionibus
1202 1212 1238 1239 ad
1259 1212 1421 1239 caelestium
1454 1211 1666 1240 desideriorum
1703 1211 1840 1239 ﬂammas

1008 1258 1075 1293 igne
1097 1257 1187 1284 divini
1212 1256 1320 1292 eloquii
1344 1255 1531 1292 permutavit.
1556 1257 1617 1289 Quo
1642 1264 1720 1284 nunc
1744 1265 1840 1293 usque

1008 1303 1098 1329 testes
1110 1301 1222 1329 ordinis
1237 1300 1301 1328 vitae
1316 1300 1517 1336 virtutumque
1533 1301 1598 1336 ejus
1613 1300 1752 1329 existunt.
1770 1301 1837 1329 Jam

1008 1354 1074 1374 vero
1091 1346 1120 1373 in
1136 1345 1247 1374 caeteris
1263 1345 1409 1373 exercitiis
1424 1344 1618 1381 spiritalibus,
1645 1345 1837 1379 continentia,

1005 1391 1130 1427 jejunio,
1147 1390 1266 1427 vigiliis,
1282 1390 1449 1418 orationum
1475 1390 1650 1425 frequentia,
1666 1390 1710 1418 vel
1726 1390 1839 1427 reliquo

1008 1435 1106 1463 labore
1121 1443 1270 1471 corporeo,
1287 1434 1443 1471 carnisque
1458 1434 1661 1471 castigatione,
1678 1438 1792 1470 quanta
1808 1444 1838 1463 se

1007 1480 1113 1507 virtute
1128 1479 1296 1513 accinxerit,
1322 1481 1350 1506 et
1365 1479 1400 1506 de
1417 1479 1464 1506 die
1479 1479 1509 1506 in
1526 1479 1604 1508 diem
1619 1478 1793 1508 melioribus
1808 1488 1838 1508 ss

1008 1532 1186 1560 przsparans,
1208 1523 1303 1559 gratia
1327 1523 1435 1552 Christi
1460 1524 1619 1552 comitante
1643 1523 1672 1551 in
1698 1524 1839 1552 ulteriora

1007 1575 1125 1604 semper
1137 1567 1303 1601 tetenderit,
1311 1567 1497 1603 sequentium
1508 1567 1696 1597 attestatione
1712 1577 1838 1605 operum

1008 1612 1130 1640 forsitan
1146 1611 1253 1639 melius
1269 1611 1530 1640 demonstrabitur.

1042 1656 1087 1683 20.
1102 1655 1145 1683 Ad
1159 1654 1480 1690 mundi_contemptum
1496 1658 1526 1684 et
1541 1656 1717 1685 facultatum
1731 1664 1840 1686 renun-

1006 1700 1158 1728 tiationem
1174 1708 1208 1727 ex
1222 1699 1347 1736 integro,
1359 1699 1439 1727 omni
1455 1699 1601 1728 desiderio
1616 1701 1767 1730 estuabat.
1781 1701 1838 1730 Sed

1007 1753 1065 1780 quo
1081 1744 1212 1772 locorum
1228 1752 1259 1772 se
1279 1744 1432 1778 conferret,
1459 1752 1518 1772 non
1544 1743 1629 1772 facile
1654 1745 1839 1781 pervidebat,

1006 1790 1077 1817 adeo
1101 1787 1302 1825 exemplorum
1322 1787 1405 1824 copia
1429 1796 1461 1816 se
1489 1796 1525 1816 ex
1552 1789 1614 1816 tota
1638 1788 1693 1816 hac
1717 1789 1839 1825 regione

1006 1834 1197 1867 subduxerat,
1223 1841 1276 1860 nec
1300 1831 1395 1860 ullum
1420 1832 1539 1861 omnino
1564 1832 1781 1862 monasterium
1809 1835 1838 1863 in

1006 1877 1120 1906 cunctis
1134 1876 1291 1913 Cisalpinis
1307 1877 1440 1913 partibus
1456 1877 1506 1905 sed
1522 1880 1551 1905 et
1564 1877 1611 1905 vix
1626 1877 1655 1905 in
1671 1877 1736 1914 ipsa
1752 1878 1839 1907 Italia

1007 1922 1193 1955 audiebatur,
1209 1921 1238 1949 in
1255 1929 1313 1957 quo
1329 1920 1473 1958 regularis
1489 1921 1554 1949 vitae
1569 1921 1723 1958 diligentia
1738 1930 1837 1951 serva-

1007 1969 1095 1994 retur.
1111 1965 1184 1999 Quia
1199 1965 1288 2002 igitur
1302 1973 1360 2001 quo
1384 1973 1415 1993 se
1439 1967 1565 1994 verteret
1580 1966 1744 2002 ignorabat,
1756 1967 1835 2002 quod

1007 2011 1103 2038 solum
1133 2011 1247 2046 poterat
1272 2009 1400 2038 virorum
1423 2011 1626 2046 quorundam,
1654 2019 1728 2047 quos
1757 2011 1837 2040 fama

1006 2055 1151 2091 vulgatior
1167 2055 1210 2072 ²⁵³τ
1222 2063 1239 2082 a
1250 2054 1435 2083 szscularium
1446 2055 1664 2083 conversatione
1680 2055 1721 2091 sej
1727 2063 1836 2091 ungere

1006 2099 1158 2127 videbatur
1184 2099 1322 2135 frequens
1351 2098 1455 2127 limina
1487 2100 1649 2133 obterebat,
1674 2108 1835 2136 eorumque

1006 2144 1170 2172 actionibus
1195 2144 1339 2177 intentus,
1356 2152 1408 2171 nec
1434 2144 1463 2171 in
1488 2144 1766 2172 conlaborando1m
1795 2145 1836 2172 in~

1006 2188 1103 2223 ferior,
1116 2195 1249 2215 mensem
1260 2187 1433 2224 plerumque
1448 2190 1498 2215 aut
1511 2196 1545 2216 eo
1559 2187 1697 2224 amplius,
1715 2197 1793 2216 nunc
1805 2189 1833 2216 in

1007 2232 1093 2260 istius
1109 2240 1187 2259 nunc
1204 2231 1232 2259 in
1248 2231 1329 2259 illius
1343 2231 1537 2260 contubernio
1548 2234 1576 2260 et
1586 2240 1705 2268 quoquo
1720 2234 1836 2268 poterat

1005 2276 1145 2313 obsequio
1160 2276 1303 2312 exigebat.
1316 2276 1400 2305 Metis
1416 2285 1468 2313 per
1491 2276 1520 2304 id
1536 2276 1677 2313 temporis
1692 2277 1749 2305 duo
1763 2286 1833 2305 con—

1006 2321 1131 2349 tinentis
1144 2320 1208 2348 vita:
1225 2320 1368 2356 praeconio
1384 2321 1456 2349 satis
1480 2320 1609 2349 celebres
1624 2321 1811 2350 habebantur
1825 2330 1831 2354 ;

1006 2365 1080 2393 alter
1102 2365 1265 2393 Rotlandus
1289 2365 1366 2393 scole
1392 2368 1546 2393 cantorum
1572 2365 1602 2393 in
1626 2366 1713 2394 domo
1738 2366 1830 2394 sancti

1006 2409 1146 2445 Stephani
1162 2409 1332 2445 praesidens,
1341 2412 1369 2437 et
1381 2409 1410 2437 in
1423 2410 1628 2438 remotioribus
1639 2410 1757 2438 oratorii
1769 2419 1833 2438 sau~

1005 2454 1042 2481 cti
1059 2453 1301 2490 Michaelis,quod
1317 2456 1379 2482 erat
1394 2453 1423 2481 in
1439 2454 1590 2490 superiora
1606 2454 1738 2489 ejusdem
1755 2455 1831 2483 basi-

1004 2498 1065 2525 licze
1080 2497 1173 2526 sancti
1190 2498 1343 2534 Stephani,
1359 2498 1552 2531 orationibus,
1568 2498 1703 2534 psalmis,
1727 2498 1831 2527 missa-

1005 2551 1129 2578 rumquc
1139 2541 1499 2578 celebrationibus,noctes
1509 2543 1632 2578 diesque
1644 2543 1829 2576 continuatis;

1004 2586 1077 2615 alter
1090 2586 1390 2623 Warimbsrtusapud
1400 2587 1552 2615 basilicam
1568 2587 1661 2615 sancti
1673 2587 1830 2616 Salvatoris

1004 2639 1061 2658 non
1077 2631 1162 2667 longe
1176 2639 1194 2658 a
1208 2630 1346 2659 claustris
1357 2631 1542 2667 clericorum,
1558 2631 1620 2667 pari
1636 2631 1830 2661 nihilominus

803 2692 925 2721 VARle
944 2693 1153 2721 LECTIONES.

158 2755 203 2772 ¹⁶³²
217 2754 258 2781 Ila
273 2753 335 2780 Lab.
370 2751 507 2780 uistitutu
523 2760 594 2780 corr.
629 2752 762 2782 uestituti
777 2762 800 2782 ο.

124 2798 180 2826 quo
194 2798 218 2817 c.
254 2789 298 2807 '5”
314 2787 469 2816 solicitiam
486 2796 555 2816 corr.
571 2787 716 2817 solicitam
731 2798 754 2817 c.

795 2790 837 2808 ¹⁵³⁶
854 2789 1013 2827 pluresque
1021 2789 1051 2818 ἧς.

841 2754 886 2792 ¹⁶⁸ξ
900 2754 997 2782 adhuc
1021 2763 1059 2791 pa
1078 2763 1102 2782 ε.
1118 2754 1188 2792 ψιρᾴ
1212 2754 1293 2792 La_bb.
1319 2763 1425 2792 parum
1449 2755 1579 2792 explicat.
1617 2756 1661 2774 153‘
1675 2756 1716 2784 ita
1740 2757 1774 2791 ι.;
1790 2759 1829 2785 at-

1091 2790 1134 2808 ¹⁵³⁷
1150 2790 1289 2826 fulgatior
1304 2790 1329 2819 cI
1368 2791 1412 2820 {53°
1428 2800 1461 2819 co
1479 2790 1491 2819 ἱ
1503 2791 1663 2820 laborando
1673 2799 1697 2820 ε.

919 2851 1036 2880 NOT/E.

170 2914 233 2949 361)
248 2913 316 2941 Scil.
331 2921 443 2949 gnarus.

171 2915 219 2942 361
248 2914 316 2941 Scil.
331 2921 443 2949 gnarus.

171 2914 235 2986 362;
249 2949 423 2986 Hieronymo
437 2948 549 2978 tributi.

1039 2915 1111 2950 (363)
1126 2915 1157 2944 Id
1173 2917 1218 2943 est
1231 2917 1416 2951 pervicaciter.
