3868 6480
185 621 301 681 253

1327 135 2048 153 _——w

1084 620 1186 680 DE
1228 620 1409 680 VI'l‘A
1457 614 1786 679 JOANNIS
1829 613 2166 679 ABBA'I‘IS
2214 621 2702 695 GORZIENSIS,

3482 625 3600 685 254

186 754 382 811 studio
412 753 472 810 in
505 754 680 811 rebus
711 754 923 811 divinis
945 754 1176 815 Christo
1198 754 1550 812 deserviens.
1576 756 1833 820 Quorum
1864 750 1922 818 Α
1950 772 2054 812 nes
2077 755 2221 811 nihil
2246 761 2460 826 motus,
2478 757 2819 815 multotiens
2838 758 3013 817 etiam
3031 765 3226 817 tantas
3249 759 3307 816 in
3329 760 3599 819 inbecillo

182 842 299 900 vite
327 843 604 899 omnibus
635 844 1054 917 acceptissima:
1079 848 1261 900 testes
1302 844 1495 900 adhuc
1536 843 1708 899 multi
1739 860 1838 898 su-

183 939 544 1006 persunt,ex
586 933 827 1006 quibus,
876 935 924 989 si
975 932 1109 1007 quis
1157 932 1314 1002 velit,
1367 932 1598 1007 plenius
1647 936 1840 1006 potest

184 1021 505 1078 addiscere.

251 1112 341 1167 2t.
374 1112 475 1167 His
506 1112 707 1185 itaque
749 1128 864 1168 non
899 1130 1074 1186 parvo
1126 1117 1387 1186 tempore
1433 1112 1749 1178 cohaerens,
1783 1115 1840 1167 et

182 1199 369 1257 multo
394 1201 572 1257 divini
601 1201 792 1274 operis
825 1201 1020 1258 labore
1042 1218 1102 1258 se
1124 1202 1318 1274 ipsum
1341 1216 1634 1268 exercens,
1659 1201 1837 1256 etiam

182 1291 338 1361 apud
361 1291 606 1345 eandem
627 1290 814 1346 sancti
833 1291 1148 1347 Salvatoris
1168 1289 1474 1346 basilicam
1496 1289 1837 1345 retrusionis

182 1378 475 1443 cellulam,
502 1378 561 1435 in
584 1396 703 1452 qua
731 1386 1011 1453 perpetuo
1042 1378 1432 1447 clauderetur,
1460 1379 1705 1434 adorsus
1726 1383 1835 1434 est.

184 1466 297 1523 Sed
315 1468 484 1524 credo
502 1467 613 1524 loci
638 1469 1116 1525 incommoditate
1136 1469 1625 1541 oﬁ‘ensus,utpote
1646 1468 1837 1523 medio

185 1556 368 1625 urbis,
402 1558 459 1613 et
499 1557 693 1629 potius
744 1561 968 1613 secreta
1014 1556 1273 1629 quelibet
1318 1556 1596 1612 silvarum
1643 1553 1837 1612 animo

185 1643 527 1714 meditatus,
561 1645 794 1701 interim
830 1647 1033 1702 statuit
1064 1646 1471 1702 differendum.
1506 1646 1718 1701 Audita
1749 1646 1836 1700 in-

183 1738 342 1789 terea
373 1733 530 1791 fama
555 1733 663 1790 viri
703 1734 1052 1792 venerabilis
1099 1735 1425 1801 Humberti,
1457 1735 1559 1805 qui
1589 1733 1838 1789 Virduni

182 1821 471 1890 reclusus,
496 1826 553 1878 et
583 1822 827 1880 scientia
864 1822 1193 1879 litterarum
1236 1827 1603 1893 sanctarum,
1624 1828 1682 1878 et
1711 1822 1838 1878 lau-

180 1910 399 1967 dabilis
429 1911 560 1967 vitm
583 1912 916 1968 testimonio
939 1912 1153 1978 clarus,
1175 1916 1234 1968 et
1262 1910 1470 1966 merito
1497 1916 1734 1966 sanctus
1764 1911 1836 1967 ab

177 1998 462 2054 omnibus
492 2017 557 2055 eo
599 1998 710 2057 loci
754 2000 1101 2068 habebatur,
1137 2000 1399 2056 celeriter
1430 2001 1502 2055 ad
1533 2016 1668 2057 eum
1700 2018 1835 2056 con-

176 2088 393 2184 tendit,
435 2092 494 2144 et
537 2087 695 2184 brevi
744 2088 969 2145 mutuis
995 2089 1591 2184 confabulationibus
1640 2089 1834 2184 animo
1868 2114 1920 2184 Β

174 2175 339 2231 inter
360 2193 422 2233 se
449 2177 938 2247 coadolescentes,
961 2177 1195 2250 aliquod
1220 2178 1345 2233 dies
1380 2194 1514 2233 cum
1536 2194 1602 2233 eo
1624 2179 1834 2249 exegit.

176 2263 459 2320 Omnium
481 2264 698 2322 ibidem
729 2283 1077 2323 excessuum
1100 2283 1340 2324 suorum
1374 2282 1580 2338 puram
1613 2266 1837 2322 confes-

178 2352 407 2409 sionem
431 2354 754 2427 deponens,
778 2372 847 2411 εκ
870 2357 1073 2411 eodem
1098 2354 1411 2411 venerabili
1433 2354 1554 2410 viro
1589 2355 1837 2410 formam

180 2441 516 2515 penitentiaa
546 2443 720 2516 cepit.
745 2443 1035 2500 Carnibus
1070 2449 1134 2499 ut
1164 2446 1405 2516 putatur
1435 2444 1507 2499 ab
1540 2443 1666 2515 ipso
1691 2448 1838 2499 tem-

182 2546 324 2603 pore
345 2531 586 2588 omnino
609 2532 917 2600 abstinuit,
938 2536 995 2590 et
1009 2533 1243 2606 jejunia
1264 2533 1375 2590 sibi
1399 2548 1632 2606 semper
1652 2533 1841 2589 amica

179 2615 496 2693 infatigato
526 2619 717 2693 rigore
748 2621 1016 2695 arripuit.

254 2711 346 2763 22.
381 2708 529 2764 Cum
556 2726 693 2766 vero
731 2710 1135 2782 comperisset,
1167 2715 1225 2768 et
1262 2711 1513 2768 alterum
1544 2711 1838 2784 quendam

183 2796 517 2853 solitarium
550 2798 610 2853 in
639 2798 856 2855 vicinia
884 2801 1147 2872 ejusdem
1181 2801 1456 2867 civitatis,
1478 2800 1635 2859 intra
1658 2817 1840 2857 remo-

179 2886 333 2942 tiora
364 2887 551 2943 saltus
582 2887 682 2960 qui
712 2889 987 2961 Argonna
1018 2891 1166 2962 (364)
1197 2890 1432 2959 dicitur,
1465 2889 1838 2956 commorari,

178 2974 362 3032 etiam
394 2976 554 3034 hunc
581 2977 786 3034 eadem
826 2978 1066 3034 fervoris
1097 2978 1383 3035 instantia
1424 2978 1584 3047 adiit,
1609 2978 1659 3034 si
1693 2978 1840 3034 forte

176 3062 405 3120 ibidem
429 3066 718 3123 desiderio
731 3067 833 3123 diu
854 3072 1135 3140 concepto
1147 3068 1217 3124 de
1237 3066 1459 3124 heremi
1478 3067 1840 3124 habitatione

176 3152 520 3210 satisfacere
540 3160 761 3227 posset.
786 3154 889 3212 Hie
910 3160 1108 3213 autem
1139 3154 1461 3224 solitarius,
1483 3157 1838 3213 Lantbertus

175 3242 442 3312 nomine,
476 3248 533 3301 et
563 3243 826 3300 moribus
856 3249 915 3301 et
955 3245 1201 3302 scientia
1230 3244 1471 3302 omnino
1501 3245 1866 3330 rusticanus.

175 3336 329 3399 erat,
357 3336 415 3388 et
444 3331 559 3389 nisi
582 3334 737 3406 quod
769 3333 994 3390 multus
1023 3332 1207 3403 labor,
1233 3350 1349 3406 quo
1380 3333 1526 3392 satis
1544 3350 1838 3407 superque

174 3420 506 3477 durissimo
535 3426 593 3477 et
608 3422 771 3480 velut
799 3422 1280 3495 inrationabilﬁse
1301 3422 1497 3496 ipsum
1528 3424 1835 3492 atterebat,

171 3525 314 3566 eum
351 3509 722 3583 aliquatenus
768 3511 828 3567 in
875 3512 1052 3568 rebus
1101 3511 1317 3568 divinis
1365 3512 1835 3581 commendabat,

171 3597 330 3656 alias
362 3599 612 3656 stolidus
640 3604 699 3657 et
718 3601 967 3673 agrestis
996 3604 1154 3658 totus
1180 3601 1438 3674 parebat,
1460 3605 1529 3656 ut
1558 3599 1659 3673 qui
1691 3601 1837 3657 forte

170 3686 577 3744 inﬁrmiorum
634 3704 770 3745 eum
828 3694 1227 3763 conspexerat,
1278 3688 1464 3746 risum
1510 3692 1706 3746 tenere
1745 3687 1838 3745 vix

170 3780 399 3849 posset.
424 3777 682 3851 Tegendi
711 3766 972 3851 corporis
994 3777 1172 3834 etiam
1194 3781 1251 3834 et
1276 3777 1761 3834 verecundiorum
1783 3777 1836 3834 ei

169 3882 325 3923 cura
355 3870 681 3939 postrema;
705 3864 1091 3940 similiterque
1113 3865 1228 3924 cibi
1247 3865 1334 3923 vel
1358 3870 1531 3939 potus
1559 3865 1731 3940 longe
1750 3882 1837 3923 ce-

168 3956 318 4013 teris
353 3954 703 4013 mortalibus
734 3973 880 4012 usus
908 3954 1234 4025 dissimilis.
1258 3954 1518 4012 Medium
1538 3954 1833 4029 integrum

169 4044 381 4102 farina:
411 4043 472 4101 in
505 4061 693 4101 unum
740 4044 1085 4118 plerumque
1134 4060 1345 4118 panem
1377 4045 1698 4119 redegerat,
1733 4043 1834 4118 qui

170 4149 445 4192 mensem
467 4138 570 4190 aut
590 4138 743 4190 certe
758 4134 907 4191 duos
925 4134 976 4190 ei
993 4133 1497 4202 sufﬁceret,donec
1514 4150 1630 4206 prae
1651 4120 1837 4188 nimia

169 4223 403 4280 duritia
431 4222 544 4281 nisi
577 4223 765 4280 securi
815 4240 931 4280 non
979 4227 1178 4296 posset
1224 4223 1549 4295 effringere,
1583 4222 1835 4294 indeque

168 4312 286 4370 sibi
318 4311 676 4386 particulam
702 4312 775 4369 ad
809 4312 1041 4385 pondus
1066 4311 1276 4368 cotidie
1310 4310 1661 4384 praeriperet.
1688 4312 1833 4368 Item

167 4400 433 4460 lebetem
481 4400 931 4476 permaximum,
955 4399 1153 4457 holere
1201 4417 1267 4457 ac
1309 4399 1607 4473 legumine
1656 4400 1834 4457 simul

169 4490 445 4564 plenum,
477 4490 539 4546 in
570 4506 757 4547 unum
787 4490 1031 4558 excoxit,
1056 4491 1212 4562 quod
1245 4489 1568 4562 repositum
1599 4489 1831 4559 cotidie,

168 4580 320 4636 dum
343 4578 488 4651 quid
511 4577 732 4635 residui
763 4578 894 4647 fuit,
917 4578 989 4634 ad
1017 4593 1357 4633 mensuram
1378 4593 1534 4651 aqua
1550 4578 1734 4634 cruda
1753 4594 1837 4635 re-

168 4666 440 4725 solutum
460 4666 738 4741 percepit.
754 4667 960 4723 Subito
976 4665 1239 4738 quolibet
1254 4665 1470 4723 mentis
1485 4666 1745 4738 impulsu
1767 4684 1836 4725 ex

166 4756 418 4814 heremo
449 4773 511 4814 se
558 4755 876 4830 poripiens,
910 4754 1078 4812 villas
1112 4756 1201 4791 ¹⁶³⁰
1230 4758 1287 4812 et
1337 4755 1600 4813 civitates
1631 4755 1833 4812 subin-

1948 862 2187 918 corpore
2217 847 2367 901 vires
2391 864 2524 903 cum
2549 847 2804 920 quodam
2835 852 3075 922 stupore
3102 866 3302 905 secum
3330 865 3601 923 compen-

1948 940 2327 991 sans—erat
2366 937 2523 992 enim
2572 936 2758 993 macie
2803 942 2864 993 et
2909 938 3181 1010 squalore
3229 938 3413 995 nimio
3460 956 3598 995 con-

1948 1023 2133 1078 fectus
2157 1056 2221 1064 —
2245 1040 2380 1081 cum
2401 1041 2467 1080 eo
2491 1025 2836 1098 aliquandiu
2867 1030 2956 1082 est
2984 1030 3399 1096 commoratus,
3428 1027 3602 1084 cellu-

1908 1151 1912 1155 ς
1949 1111 2066 1167 lam
2102 1129 2333 1185 quoque
2365 1114 2476 1171 sibi
2508 1115 2579 1171 ad
2611 1115 3001 1172 habitandum
3051 1116 3363 1191 compegit.
3397 1116 3599 1173 Plures

1946 1204 2089 1255 tunc
2118 1218 2186 1256 ex
2214 1200 2426 1258 vicinio
2457 1203 2706 1259 civitatis
2735 1204 2874 1260 illuc
2901 1205 3127 1261 visendi
3158 1206 3345 1280 gratia
3374 1206 3602 1263 venien-

1949 1292 2059 1355 tes,
2093 1295 2148 1344 et
2178 1306 2405 1363 queque
2437 1292 2785 1348 necessariis
2830 1292 3037 1351 usibus
3067 1295 3450 1363 conferentes,
3482 1311 3598 1350 non

1932 1378 2263 1434 .minimum
2298 1381 2355 1436 in
2388 1385 2590 1435 sancto
2621 1380 2908 1438 desiderio
2925 1384 3412 1439 accendebantur.
3447 1385 3603 1439 Inter

1949 1483 2094 1539 quos
2124 1473 2182 1523 et
2212 1469 2487 1540 praefatus
2536 1469 2897 1525 Humbertus
2943 1469 3290 1544 plerumque
3321 1473 3600 1527 accedens

1948 1556 2314 1629 subindeque
2343 1559 2643 1624 recedens,
2667 1574 3092 1632 nonnunquam
3123 1562 3181 1614 et
3209 1559 3442 1632 aliquod
3474 1558 3600 1615 dies

1948 1644 2309 1713 subsistens;
2342 1650 2399 1701 et
2427 1647 2666 1718 quidam
2707 1647 2794 1702 vir
2837 1648 3073 1703 natione
3105 1647 3307 1714 Britto,
3339 1646 3601 1703 Andreas

1948 1733 2203 1802 nomine,
2228 1733 2571 1791 liberalibus
2592 1736 2855 1807 adprime
2877 1736 3091 1792 studiis
3110 1736 3397 1805 eruditus,
3422 1736 3523 1793 sed
3545 1740 3603 1792 et

1948 1821 2129 1877 animi
2161 1822 2376 1878 virtute
2406 1823 2771 1896 praepollens,
2797 1828 2853 1880 et
2874 1825 3027 1897 quod
3061 1824 3156 1880 bis
3181 1825 3376 1897 majus
3404 1829 3515 1893 est,
3540 1827 3600 1881 in

1948 1909 2144 1966 divina
2165 1911 2486 1967 admodum
2517 1912 2841 1968 studiosus.
2868 1912 2969 1968 Hic
2993 1913 3065 1969 de
3084 1912 3277 1986 patria
3300 1911 3498 1968 insula
3519 1913 3603 1968 in-

1947 1997 2251 2056 festatione
2281 2000 2799 2069 Nortmannorum,
2833 2001 3064 2057 cunctis
3093 2003 3360 2074 ejusdem
3392 2000 3602 2057 insula;

1947 2085 2154 2143 incolis
2186 2092 2288 2144 aut
2317 2089 2528 2145 occisis
2566 2094 2670 2145 aut
2713 2088 2950 2164 fugatis,
2983 2107 3120 2146 cum
3168 2089 3440 2163 pluribus
3469 2089 3602 2145 aliis

1948 2176 2136 2232 doctis
2157 2194 2317 2249 mque
2345 2195 2412 2234 ac
2433 2178 2799 2251 sapientibus
2821 2177 2962 2234 viris
2981 2178 3209 2251 pulsus,
3232 2195 3265 2233 a
3288 2179 3602 2234 reverenda

1949 2265 2279 2321 sanctitatis
2329 2265 2602 2339 episcopo
2644 2266 2900 2332 Dadone,
2934 2267 3106 2337 cujus
3153 2282 3334 2338 supra
3383 2266 3603 2322 mentio

1949 2351 2103 2408 facta
2151 2357 2240 2409 est
2269 2355 2439 2424 (365),
2474 2354 2533 2409 in
2586 2354 3084 2410 Monte-Falconis
3130 2354 3279 2425 (366)
3311 2369 3447 2409 cum
3499 2371 3602 2410 no-

1949 2440 2131 2497 nullis
2150 2442 2247 2515 qui
2272 2457 2407 2498 eum
2435 2444 2881 2499 eo'advenerant
2903 2441 3267 2499 Brittonibus
3306 2446 3601 2516 exceptus,

1949 2533 2006 2585 et
2035 2529 2180 2586 satis
2209 2530 2527 2587 liberaliter
2555 2534 2646 2588 est
2673 2533 3051 2605 procuratus.

2020 2621 2111 2675 24.
2144 2620 2291 2675 Cum
2322 2619 2415 2676 his
2464 2620 2898 2676 communicato
2947 2619 3213 2685 consilio,
3245 2623 3447 2676 utrum
3476 2619 3604 2676 loco

1948 2709 2151 2765 eodem
2181 2707 2293 2766 sibi
2325 2709 2563 2766 salubre
2590 2726 2658 2765 ac
2679 2708 3026 2783 frugiferum
3053 2712 3207 2766 esset
3238 2724 3493 2778 manere,
3519 2708 3603 2764 illi

1947 2800 2015 2852 ut
2043 2796 2197 2854 cauti
2226 2802 2285 2853 et
2312 2797 2471 2854 illius
2502 2802 2895 2871 portentuosa
2935 2796 3275 2853 stoliditatis
3304 2797 3604 2853 heremitaa

1949 2901 2183 2942 morum
2216 2904 2331 2943 non
2363 2886 2572 2958 ignari,
2596 2888 2669 2942 ab
2698 2887 2828 2958 ejus
2858 2885 3289 2942 cobabitatione
3318 2885 3605 2942 omnimo-

1947 2974 2042 3031 dis
2071 2975 2337 3031 animum
2364 2975 2756 3043 deﬂexerunt;
2781 2974 3035 3030 maxime
3054 2974 3259 3030 eodem
3280 2973 3602 3030 Humberto

1948 3064 2250 3131 suadente,
2284 3067 2350 3119 ut
2380 3063 2626 3119 Romam
2658 3061 3003 3119 memoriam
3036 3063 3341 3118 beatorum
3368 3064 3601 3135 aposto-

1946 3149 2137 3207 lorum
2167 3152 2565 3226 supplicatum
2589 3152 2754 3226 prms
2777 3151 2937 3209 adire
2955 3153 3288 3225 temptaret,
3312 3151 3465 3223 quod
3491 3150 3603 3206 iter

1946 3239 2072 3314 ipse
2094 3242 2221 3314 jam
2251 3242 2478 3297 dudum
2525 3242 2643 3298 Deo
2674 3240 2924 3314 propitio
2967 3242 3254 3314 exegerat,
3277 3243 3335 3296 et
3381 3238 3465 3296 sic
3495 3239 3567 3295 de
3586 3270 3600 3281 -

1946 3348 2110 3388 mum
2141 3330 2259 3387 vita
2288 3330 2499 3387 comite
2545 3329 2797 3398 rediens,
2829 3329 2986 3402 quod
3019 3328 3078 3383 in
3108 3344 3422 3385 commune
3452 3327 3600 3385 ratio

1945 3420 2375 3477 demonstraret
2404 3419 2621 3493 pariter
2641 3419 3098 3491 exsequerentur
3117 3417 3228 3473 “‘0.
3251 3417 3383 3472 Mox
3398 3432 3600 3473 moras

1945 3525 2150 3565 omnes
2173 3508 2355 3565 animi
2387 3509 2607 3564 fervore
2631 3508 3030 3580 disrumpens,
3052 3509 3295 3578 sumptu
3316 3520 3458 3561 sane
3479 3522 3597 3561 non

1942 3596 2186 3671 ignobili
2216 3598 2387 3667 facto,
2414 3598 2526 3653 iter
2554 3613 2771 3670 magna
2793 3613 2903 3669 ope
2922 3596 3199 3651 maturat.
3220 3592 3487 3650 Sociatus
3507 3598 3600 3649 est

1944 3687 1995 3744 ei
2029 3688 2314 3743 Bernacer
2343 3685 2585 3759 quidam
2634 3684 2906 3751 clericus,
2938 3683 3125 3739 multo
3174 3685 3308 3738 ante
3335 3685 3599 3755 tempore

1944 3793 2079 3833 cum
2110 3776 2502 3833 Warimberto
2543 3774 2664 3843 illo,
2698 3774 2769 3830 de
2816 3790 2934 3846 quo
2987 3788 3168 3845 supra
3213 3771 3438 3827 dictum
3483 3774 3595 3839 est,

1945 3863 2116 3922 Metis
2146 3864 2300 3937 apud
2348 3862 2656 3920 ecclesiam
2707 3861 2896 3918 sancti
2940 3859 3256 3917 Salvatoris
3303 3862 3594 3927 versatus,

1943 3970 2124 4009 manu
2155 3952 2393 4009 libraria
2438 3950 2650 4009 ceteris
2679 3952 2808 4024 ejus
2839 3948 3122 4023 temporis
3170 3965 3286 4004 non
3334 3946 3593 4016 inferior,

1943 4042 2192 4099 canendi
2222 4040 2534 4114 disciplina
2561 4041 2882 4097 admodum
2914 4042 3221 4112 praestans,
3249 4038 3350 4094 sed
3372 4040 3431 4093 et
3452 4037 3597 4092 artis

1944 4130 2332 4188 calculatoriae
2375 4128 2870 4196 studiosissimus,
2902 4131 3228 4201 caateroque
3271 4124 3506 4199 ingenio
3535 4124 3597 4181 in

1944 4221 2119 4276 rebus
2151 4236 2268 4275 non
2297 4217 2609 4274 minimum
2645 4216 2891 4290 pollens,
2916 4214 3078 4272 tenui
3108 4214 3344 4288 quidem
3378 4231 3460 4283 re,
3494 4215 3596 4271 sed

1943 4307 2245 4364 devotione
2273 4307 2334 4363 in
2367 4305 2564 4363 divina
2591 4305 2811 4379 optime
2839 4303 3167 4361 cumulata.

2012 4398 2103 4453 25.
2140 4397 2454 4469 Postquam
2494 4411 2629 4450 vero
2680 4394 2927 4450 Romam
2956 4391 3195 4448 veniens
3224 4394 3359 4446 vota
3407 4390 3595 4446 sancti

1945 4484 2215 4543 desiderii
2246 4484 2402 4541 circa
2440 4484 2569 4540 loca
2596 4498 2828 4555 queque
2857 4483 3064 4537 sancta
3091 4477 3359 4551 explevit,
3383 4477 3597 4548 cupido

1944 4591 2078 4632 eum
2102 4574 2162 4629 in
2183 4573 2461 4630 ulteriora
2477 4570 2755 4628 tendendi
2775 4568 3034 4642 amplius
3054 4565 3247 4638 coepit.
3272 4563 3475 4636 Ibique
3498 4564 3599 4620 ali-

1943 4664 2159 4737 quibus
2188 4679 2259 4719 ex
2276 4660 2557 4718 comitatu
2581 4658 2842 4725 relictus,
2866 4656 2992 4730 ipse
3012 4671 3148 4711 cum
3171 4652 3446 4726 praedicto
3469 4653 3598 4710 Ber-

1943 4771 2120 4812 nacro
2140 4751 2460 4825 paucisque
2483 4748 2837 4822 quibusdam
2860 4743 3201 4818 expeditior,
3226 4758 3415 4815 usque
3437 4758 3598 4799 mon-

166 4845 372 4915 travit,
393 4846 652 4919 itemque
683 4849 920 4919 repente
940 4843 1160 4902 cellula:
1191 4843 1473 4901 condidit.
1491 4844 1690 4901 Noctis
1710 4844 1831 4918 ple-
1860 4853 1910 4917 Β
1936 4851 2053 4902 tem
2086 4838 2273 4897 sancti
2292 4837 2495 4912 Angeli
2517 4835 2886 4910 cognomine,
2910 4833 3009 4907 qui
3028 4833 3334 4905 Garganus
3355 4830 3593 4900 dicitur,

165 4951 431 5008 rumque
460 4933 654 4991 medio
675 4933 891 4991 missas
909 4949 1172 5002 exorsus,
1201 4932 1378 4989 etiam
1404 4933 1453 4989 si
1484 4933 1569 4990 sic
1599 4933 1833 4991 animus

166 5022 313 5079 tulit
332 5022 587 5096 vesperi,
602 5026 705 5079 aut
723 5026 880 5091 ante,
895 5026 1000 5078 aut
1019 5020 1132 5079 sub
1150 5021 1300 5078 lucis
1321 5022 1685 5094 crepusculo,
1701 5027 1836 5096 post

167 5112 341 5171 bidui
374 5111 628 5169 triduive
667 5110 990 5185 jejunium,
1024 5115 1090 5166 ut
1136 5110 1385 5168 defectio
1416 5110 1675 5184 corporis
1702 5110 1831 5180 fuit,

168 5218 292 5259 non
347 5201 468 5258 diei
518 5217 635 5257 non
687 5199 876 5257 noctis
912 5198 1103 5255 ullum
1133 5202 1370 5273 tempus
1417 5199 1478 5256 in
1522 5199 1835 5257 reﬁciendo

166 5295 477 5347 servatum
508 5293 620 5346 est.

238 5381 337 5436 23.
365 5379 448 5435 De
470 5379 644 5451 cujus
667 5376 1129 5434 conversationis
1150 5377 1308 5434 vario
1330 5377 1599 5449 preludio
1621 5377 1835 5434 Johan~

1943 4933 2107 4992 ocius
2127 4925 2510 5002 percucurrit.
2534 4925 2668 4998 Ipso
2689 4927 2887 4980 tamen
2926 4922 3135 4979 itinere
3175 4923 3434 4976 montem
3456 4919 3596 4976 Cas-

1943 5023 2142 5079 sinum
2175 5019 2342 5075 beato
2380 5013 2689 5071 Benedicto
2738 5011 3029 5086 insignem
3060 5014 3120 5067 et
3146 5007 3598 5082 congregatione

1942 5108 2368 5170 monachorum
2388 5104 2751 5176 frequentem
2772 5100 3134 5166 conscendit,
3165 5113 3422 5170 cumque
3449 5096 3599 5169 ipsis

1944 5197 2127 5257 servis
2146 5194 2251 5252 Dei
2272 5192 2510 5266 aliquod
2531 5190 2658 5247 dies
2680 5194 3009 5248 remoratus
3030 5189 3138 5258 1‘“,
3163 5186 3351 5247 sancti
3373 5204 3598 5263 priapo-

1942 5287 2041 5345 siti
2070 5283 2335 5358 vestigia,
2358 5297 2471 5354 que
2490 5279 2571 5336 ibi
2603 5278 2889 5336 nonnulla
2911 5283 3277 5352 supererant,
3305 5280 3597 5338 curiosius

1942 5371 2279 5448 exploravit.
2314 5368 2621 5427 Interioria
2649 5367 2828 5424 etiam
2868 5366 2970 5423 illa
2999 5367 3214 5425 marini
3244 5369 3434 5439 sinus,
3468 5385 3598 5442 quin

1535 5518 1778 5575 VARIE
1816 5514 2237 5576 LEGTIONES.

237 5622 335 5656 ’7'”
366 5619 541 5677 uulas
572 5635 712 5676 corr.
748 5618 942 5675 uuilas
970 5635 1017 5674 c.
1098 5618 1188 5653 ¹⁵⁴⁰
1208 5621 1267 5673 et
1296 5619 1680 5689 sequerentur
1712 5619 1762 5673 1.
1790 5616 1879 5674 vel
1911 5614 2370 5687 exsequerentur
2395 5614 2451 5665 2.
2531 5609 2616 5645 ¹⁵⁴¹
2651 5611 2915 5665 remotus
2948 5609 3000 5664 1.

1759 5740 2000 5800 NOTAE.

233 5845 397 5915 (364)
427 5842 726 5915 Hodieque
749 5843 1040 5915 Argonne.

235 5913 396 5985 (365)
428 5915 492 5971 c.
528 5917 614 5971 12.

2009 5839 2161 5908 (366)
2193 5835 2603 5901 Montfaucon;
2634 5832 2766 5890 vide
2797 5832 2957 5895 Flod.
2993 5831 3061 5889 II.
3098 5831 3164 5889 Β.
3198 5847 3276 5907 ιν,
3307 5829 3395 5889 39.
