3868 6476
303 617 422 680 255

1184 611 1506 674 JOANNIS
1554 608 1883 672 ABBA'I‘IS
1922 606 1996 670 'S.
2042 609 2385 672 ARNULFI
2432 609 2843 671 METENSIS.

3602 608 3713 669 256

304 748 522 808 civitati
554 745 792 820 Neapoli
832 745 1120 818 adjacent,
1154 761 1454 800 servorum
1486 743 1585 799 Dei
1620 741 1957 798 habitacula
1978 743 2028 809 Α
2062 746 2197 801 hinc
2220 744 2857 819 propulsis,virtutibus
2874 740 3712 808 hincintromissis,ediﬂeinm

302 840 417 895 sub
440 837 675 895 nomine
699 834 883 892 sancti
905 834 1242 898 Salvatoris,
1264 838 1519 887 montem
1546 832 1789 886 Bebium
1808 832 1954 901 (367)

304 929 464 983 haud
496 926 701 999 procul
761 927 1038 996 perpetuo
1070 938 1279 993 vapore
1325 924 1648 976 fumantem
1681 920 1952 986 miratus,

304 1015 648 1089 penetravit,
672 1026 993 1083 eorumque
1023 1010 1388 1066 orationibus
1415 1026 1475 1063 se
1508 1009 1952 1076 commendans,

302 1103 569 1161 nonnihil
593 1101 1016 1159 benedictionis
1034 1117 1102 1155 ex
1122 1099 1213 1154 his
1228 1117 1340 1173 que
1364 1115 1561 1155 secum
1586 1098 1717 1153 tulit
1734 1099 1955 1153 eisdem

302 1194 485 1249 servis
516 1192 617 1249 Dei
647 1190 894 1261 largitus
927 1195 1035 1244 est.

372 1283 461 1337 26.
495 1281 757 1337 Tandem
789 1280 1018 1334 Christo
1050 1279 1220 1342 duce,
1254 1278 1402 1333 felici
1438 1295 1613 1332 cursu
1643 1281 1699 1331 et
1728 1277 1956 1331 cunctis

303 1387 580 1444 prospere
629 1369 743 1424 sibi
789 1366 1132 1424 cedentibus
1181 1367 1421 1421 domum
1475 1382 1798 1437 regressus,
1851 1381 1957 1419 nec

303 1476 486 1527 mora,
522 1458 807 1513 monitore
856 1473 961 1512 suo
1010 1456 1330 1511 Humberto
1376 1459 1678 1521 convento,
1713 1452 1957 1509 consilio

304 1549 511 1622 ipsius,
537 1547 677 1620 quia
709 1548 871 1602 locus
894 1544 1198 1601 desideriis
1222 1561 1422 1600 eorum
1457 1549 1630 1616 aptus
1662 1557 1957 1614 nusquam

302 1638 879 1703 oecurrebat,secum
906 1632 1139 1688 interim
1160 1632 1315 1688 domi
1341 1633 1753 1700 subsistere,et
1768 1632 1817 1686 si
1843 1646 1959 1702 qua

302 1726 410 1798 pia:
442 1723 687 1781 actionis
732 1727 959 1795 poterat
1009 1720 1227 1776 ibidem
1276 1736 1559 1788 exercere,
1593 1734 1958 1793 quamquam

301 1814 619 1870 admodum
645 1828 795 1883 {egre
825 1811 935 1866 sati
947 1827 1013 1865 ns
1042 1812 1126 1845 ¹⁵³²
1148 1808 1332 1866 duxit.
1356 1811 1609 1882 Eratque
1629 1812 1830 1883 utpote
1852 1818 1960 1882 qui

300 1903 549 1975 figuram
582 1901 764 1971 hujus
804 1900 1009 1955 mundi
1058 1900 1353 1972 praeterire
1384 1900 1726 1971 quantotius
1756 1901 1959 1956 adtenn

299 1991 496 2059 debat,
531 1990 755 2045 habens
786 1993 1089 2060 tamquam
1135 2004 1249 2044 non
1301 1988 1544 2056 habens,
1579 2005 1781 2046 exuens
1808 1996 1959 2045 tam.

2065 853 2295 890 morum
2329 835 2545 906 Optime
2575 833 3036 905 compositorum
3069 838 3338 889 stuctura
3366 833 3713 905 perpulchra

2062 924 2327 992 erexerit,
2355 939 2706 995 magnorum
2740 921 3108 994 ingeniorum
3134 922 3377 977 twvires
3423 922 3515 976 vix
3547 939 3713 994 posse

2064 1014 2331 1085 expedire
2362 1013 2661 1077 existimo;
2695 1027 2829 1066 cum
2863 1016 3016 1066 certe
3039 1009 3143 1065 huc
3174 1010 3245 1065 ad
3276 1026 3362 1077 ea,
3388 1026 3501 1082 que
3523 1011 3713 1065 divino

2065 1118 2308 1158 munere
2340 1106 2471 1173 post
2502 1102 2557 1155 in
2582 1100 3019 1157 conversatione
3052 1098 3450 1154 monasteriali
3474 1100 3709 1171 peregit,

2065 1192 2241 1247 inicia
2290 1193 2541 1263 quedam
2588 1190 2747 1244 velut
2791 1193 2851 1244 et
2898 1190 3125 1259 abjeeta
3155 1188 3385 1244 valeant
3433 1190 3711 1261 reputari.

2066 1282 2179 1337 Hoc
2230 1288 2423 1335 autem
2476 1280 2675 1334 omnia
2720 1278 2873 1332 intra
2913 1277 3113 1332 abdita.
3160 1278 3390 1346 domus,
3425 1278 3541 1333 Deo
3595 1278 3713 1333 solo

2064 1371 2328 1435 teste,vix
2361 1370 2656 1440 aliquibus
2679 1384 2743 1422 ex
2767 1365 2989 1422 familia
3010 1382 3042 1420 a
3064 1367 3710 1439 consciis,operabatur,

2066 1477 2273 1515 cavens
2297 1459 2534 1514 omnino
2558 1458 2704 1513 scire
2727 1456 3025 1511 sinistram
3051 1456 3188 1527 quid
3218 1455 3430 1511 faceret
3455 1457 3710 1521 dextera,

2065 1554 2123 1604 et
2144 1553 2208 1603 ut
2228 1553 2435 1603 tenerae
2458 1545 2836 1618 plantationis
2857 1545 3197 1617 virgultum,
3223 1545 3567 1616 priusquam
3595 1561 3663 1600 su
3675 1544 3713 1598 f-

2067 1636 2282 1693 ficienti
2319 1635 2654 1709 irrigationc
2686 1633 2939 1690 radicem
2970 1634 3268 1703 dctigeret,
3295 1646 3508 1688 manus
3541 1637 3716 1705 atque

2064 1731 2369 1782 ventorum
2393 1728 2726 1779 contactum
2760 1738 2873 1777 non
2908 1724 3053 1777 bene
3074 1722 3374 1777 credulum
3399 1720 3713 1777 devitabat.

2067 1815 2169 1873 His
2200 1832 2356 1886 ergo,
2384 1813 2661 1885 quoniam
2695 1812 2766 1867 ad
2809 1811 2963 1866 dicta
3007 1812 3181 1865 rebus
3216 1811 3575 1881 exmquanda
3606 1811 3715 1866 ari-

2068 1905 2221 1961 ditas
2262 1902 2480 1977 ingenii
2533 1902 2775 1958 minime
2822 1901 3061 1967 sufficit,
3098 1899 3525 1971 praetermissis,
3570 1900 3718 1956 ordi-

2068 2010 2204 2050 nem
2236 2009 2429 2049 rerum
2466 1992 2658 2065 potius
2690 2007 3099 2063 exsequamur.

299 2097 478 2153 quam
496 2096 611 2136 non
628 2077 1261 2151 possidens,utcnshoc
1280 2079 1819 2151 mundotamquam
1836 2095 1953 2135 non
1985 2110 2035 2180 Β
2136 2084 2228 2138 29.
2264 2084 2513 2138 Sanctus
2547 2082 2713 2136 Pater
2757 2086 2809 2134 et
2859 2080 3094 2134 unicam
3146 2078 3205 2133 in
3251 2078 3344 2133 his
3377 2078 3714 2150 regionibus

302 2175 490 2226 utens.
515 2169 585 2223 Et
603 2168 731 2239 jam
765 2171 922 2223 totus
944 2164 1281 2223 coelestibus
1308 2167 1582 2239 ﬂagrans,
1609 2169 1801 2239 specie
1831 2168 1955 2224 sola

300 2274 395 2314 res
423 2255 791 2313 transitorias
842 2255 1150 2328 disponere
1179 2255 1503 2311 videbatur.
1538 2256 1806 2312 Ceterum
1836 2256 1954 2312 vita

304 2350 434 2421 ejus
466 2346 525 2402 in
566 2361 682 2417 quo
710 2361 742 2401 a
772 2344 1043 2401 monachi
1067 2343 1336 2400 instituto
1368 2344 1643 2412 differret,
1669 2345 1827 2401 haud
1862 2346 1952 2400 fa-

300 2436 410 2494 cile
453 2435 769 2508 quisquam
801 2434 1175 2490 discerneret.
1212 2434 1296 2490 Ita
1344 2448 1563 2505 pernox
1609 2433 1669 2488 in
1712 2433 1949 2506 vigiliis,

299 2525 665 2582 orationibus
696 2527 894 2579 noctes
923 2522 1167 2595 diesque
1193 2524 1576 2594 conjungens,
1604 2522 1954 2578 lectionibus

300 2613 486 2671 sacris
516 2611 713 2670 studio
732 2610 827 2668 vix
851 2611 1168 2684 aliquando
1201 2611 1474 2667 interciso
1497 2610 1807 2679 inhaerens,
1834 2628 1954 2667 om-

302 2703 479 2775 nique
513 2700 896 2775 castigatione
944 2700 1205 2773 corporis
1255 2715 1383 2757 sese
1434 2717 1726 2769 coercens,
1761 2701 1953 2757 crucis

303 2796 623 2859 auctorem,
651 2790 795 2847 satis
824 2790 885 2846 in
920 2790 1173 2847 sublime
1202 2807 1371 2846 cruce
1401 2789 1605 2857 levata,
1633 2789 1766 2847 nisu
1798 2791 1956 2847 inde-

302 2883 459 2937 fesso
491 2878 703 2936 cotidie
732 2880 1106 2952 sequebatur.

371 2972 462 3026 27.
494 2970 575 3027 De
605 2972 806 3026 tenore
840 2968 1205 3040 jejuniorum
1244 2968 1432 3041 ipsius
1472 2986 1546 3025 an
1587 2969 1727 3042 quid
1761 2985 1955 3026 sermo

302 3059 476 3131 digne
531 3057 721 3115 valeat
774 3056 1085 3129 explicem,
1121 3074 1361 3129 prorsus
1412 3074 1528 3113 non
1576 3057 1783 3112 sentio.
1818 3060 1955 3124 Quae

301 3152 466 3204 tanta
497 3145 811 3221 pertinatia
833 3144 905 3202 ab
928 3142 1073 3218 ipsis
1092 3145 1275 3201 initiis
1297 3144 1411 3201 sibi
1438 3146 1667 3214 indixit,
1693 3147 1830 3201 utsi
1854 3147 1954 3218 qui

301 3238 448 3293 forte
470 3240 731 3294 erantex
748 3233 860 3292 sibi
888 3233 1328 3291 adhaerentibus
1349 3233 1448 3305 qui
1479 3234 1586 3289 hec
1606 3250 1956 3305 cognoscere

302 3331 595 3398 poterant,
620 3320 907 3381 miraculo
934 3325 1243 3395 stuperent
1273 3321 1516 3392 ingenti,
1553 3323 1846 3395 quomodo
1867 3323 1955 3379 vel

300 3419 560 3473 extreme
587 3410 803 3486 spiritu
847 3408 1137 3483 respirare
1171 3411 1259 3446 “‘3
1291 3410 1349 3464 in
1400 3414 1565 3466 tanta
1612 3412 1956 3467 austeritate

2064 2173 2437 2245 postmodum
2462 2170 2660 2225 lumen
2682 2167 3389 2233 monachorum,domnus
3408 2167 3711 2233 Einaldus,

2062 2262 2189 2334 ipso
2223 2267 2481 2332 tempore
2520 2257 2689 2313 'l‘ullo
2736 2258 2793 2311 in
2844 2272 3078 2311 summo
3110 2255 3374 2311 omnium
3423 2256 3711 2311 bonorum

2070 2348 2336 2420 exemplo
2357 2350 2533 2403 vitam
2558 2347 2827 2401 ducebat.
2854 2347 2907 2401 ls
2930 2348 3019 2381 ³⁵⁵⁵
3053 2363 3088 2399 n
3121 2346 3372 2400 scientia
3404 2344 3712 2400 literarum

2061 2444 2183 2494 tam
2215 2434 2564 2494 secularium
2590 2452 2767 2507 quam
2796 2434 3125 2489 dixinarum
3158 2452 3227 2489 ea
3248 2434 3333 2469 ‘5”
3367 2440 3714 2505 tempestate

2062 2528 2214 2583 inter
2242 2544 2381 2583 suos
2404 2525 2545 2580 nulli
2579 2526 2896 2589 secundus,
2922 2540 3052 2579 cum
3087 2528 3245 2579 esset
3273 2522 3430 2578 sedis
3448 2524 3713 2594 ejusdem

2062 2616 2251 2690 primo
2292 2614 2529 2687 quidem
2581 2612 3258 2685 primiscrinius,postea
3300 2618 3496 2668 autem
3535 2612 3713 2667 etiam

2063 2706 2293 2779 primus
2314 2703 3254 2773 archidiaconus,cunctarumque
3276 2716 3454 2773 opum
3480 2701 3718 2756 affluen-

2061 2793 2144 2850 tia
2166 2793 2466 2856 dilatatus,
2485 2807 2681 2846 amore
2701 2791 2951 2845 cmlestis
2969 2790 3241 2845 desiderii
3256 2794 3472 2857 tactus,
3489 2790 3716 2845 cunctis

2063 2901 2192 2956 quae
2225 2882 2510 2939 habuerat
2538 2896 2727 2952 usque
2758 2880 2830 2935 ad
2871 2878 3147 2950 siliquam
3181 2881 3245 2933 ut
3272 2877 3489 2934 dicitur
3517 2878 3715 2934 distri-

2064 2973 2244 3037 butis,
2257 2974 2487 3027 tantum
2512 2967 2762 3040 simplici
2780 2971 2940 3023 veste
2962 2970 3186 3022 retenta
3206 2971 3265 3022 et
3283 2965 3452 3023 libris
3471 2983 3540 3022 ac
3560 2972 3715 3023 veste

2065 3057 2430 3124 sacerdotali,
2450 3056 2511 3113 in
2531 3055 2740 3113 cellula
2760 3055 3016 3111 claustro
3032 3053 3377 3111 clericorum
3400 3055 3717 3111 adherente

2064 3164 2191 3205 sese
2222 3144 2565 3212 cohibuit,et
2590 3143 2909 3200 triennium
2940 3144 3057 3199 fere
3091 3143 3147 3199 in
3178 3159 3414 3201 summa
3443 3149 3503 3200 et
3534 3144 3716 3200 ardua

2064 3234 2425 3293 continentia
2447 3232 2623 3288 vitam
2655 3248 2856 3304 agens,
2876 3248 3008 3287 raro
3040 3244 3292 3304 usquam
3326 3238 3717 3305 praeterquam

2064 3326 2135 3381 ad
2159 3322 2463 3380 ecclesiam
2487 3321 2702 3377 missas
2724 3320 3122 3376 celebraturus
3145 3325 3247 3375 aut
3276 3326 3585 3378 nocturna:
3608 3336 3724 3378 ora-

2064 3411 2242 3469 tionis
2273 3411 2514 3467 obtentu
2549 3407 2849 3480 processit.
2886 3408 3127 3463 Servulo
3170 3413 3405 3463 tantum
3436 3427 3561 3466 uno
3594 3428 3725 3468 con-

302 3482 757 3572 sumerer-etiam
796 3482 1010 3571 pocius
1034 3497 1102 3553 in
1134 3502 1520 3570 augmentum
1553 3499 1962 3557 admirationis
1994 3482 2038 3550 C
2067 3506 2268 3558 tentus
2299 3498 2426 3565 fuit,
2463 3497 2561 3570 qui
2614 3497 2686 3552 ad
2736 3511 2968 3567 quoque
3019 3496 3344 3550 forinsecus
3393 3497 3726 3553 necessaria

301 3587 815 3665 postquatnrdiem
834 3589 940 3643 aut
967 3585 1142 3642 etiam
1176 3586 1424 3642 biduum
1455 3587 1802 3661 plerumque
1833 3590 1962 3646 sine

300 3677 584 3753 uenefciho
616 3691 686 3732 ac
717 3678 885 3748 potu,
916 3680 982 3730 ut
1014 3693 1121 3731 nec
1162 3674 1458 3732 modicum
1492 3677 1630 3750 quid
1673 3682 1958 3751 gustaret,

300 3767 687 3839 transegerat,
721 3763 1055 3820 incredibili
1101 3765 1313 3821 virium
1361 3764 1694 3839 integritate
1722 3771 1780 3822 et
1818 3768 1964 3823 facie

301 3853 510 3913 laetiori
542 3852 713 3925 agilis
732 3857 789 3908 et
808 3858 1088 3910 constans
1110 3856 1180 3909 ad
1206 3871 1354 3927 opus
1379 3856 1789 3928 quodcumque
1812 3857 1965 3912 ince-

303 3945 486 4003 deret.
517 3942 579 3999 Id
603 3959 737 3998 vero
768 3941 965 4014 ipsum
987 3960 1057 3999 ex
1087 3960 1183 3999 ore
1214 3942 1411 4016 ipsius
1436 3944 1742 4000 nobiscum
1772 3946 1966 4001 confa-

305 4031 568 4088 bulantis
600 4047 737 4102 sepe
758 4029 1116 4099 audivimus,
1135 4032 1292 4103 quod
1319 4030 1378 4086 in
1403 4031 1556 4088 diem
1579 4033 1829 4089 alterum
1853 4034 1966 4089 fre-

309 4123 559 4193 quenter
574 4118 737 4175 omni
756 4119 887 4174 cibo
900 4118 983 4175 vel
1006 4124 1145 4192 potu
1166 4136 1372 4176 carens
1384 4121 1467 4191 jej
1477 4121 1617 4176 unia
1632 4122 1964 4178 extraxerit.

312 4209 628 4267 Fatebatur
656 4207 837 4276 enim,
860 4208 1002 4263 dum
1034 4208 1275 4280 quidam
1309 4208 1557 4265 fratrum
1590 4210 1741 4266 dura
1768 4210 1971 4282 aliqua

311 4295 729 4370 refugientium
778 4312 994 4368 aquam
1026 4296 1086 4352 in
1120 4303 1259 4369 potu
1309 4298 1461 4353 male
1502 4298 1614 4354 sibi
1645 4301 1971 4356 conducere

310 4390 716 4460 quererentur,
746 4384 968 4441 nemini
999 4402 1163 4457 aeque
1192 4401 1258 4441 ac
1290 4386 1406 4443 sibi
1439 4386 1604 4460 prius
1635 4405 1751 4459 pres
1783 4389 1967 4444 conti-

309 4493 427 4532 nuo
463 4490 574 4531 usu
605 4473 746 4543 vini,
778 4490 944 4545 aquae
985 4474 1415 4547 perceptionem
1446 4490 1682 4533 exesam
1733 4476 1915 4534 fuisse
1947 4488 1964 4527 :

316 4588 343 4614 «
371 4563 536 4634 adeo,
561 4562 855 4636 inquiens,
880 4567 946 4619 ut
973 4562 1023 4619 si
1055 4579 1175 4634 qua
1195 4563 1425 4621 dierum
1453 4563 1598 4621 mihi
1627 4566 1762 4622 vino
1784 4566 1974 4623 fuerat

313 4652 752 4723 abstinendum,
788 4667 1002 4725 aquam
1044 4652 1348 4709 stomacho
1397 4652 1726 4722 nausiante,
1759 4671 1972 4727 panem

312 4743 491 4799 etiam
523 4741 723 4814 ipsum
754 4756 858 4814 per
886 4745 1070 4797 totam
1095 4741 1251 4798 diem
1282 4757 1418 4799 cum
1441 4742 1748 4800 omnlciho
1774 4744 1971 4800 fundi-

314 4836 411 4887 tus
444 4829 791 4902 respuerim.
818 4852 851 4881 π

381 4920 473 4975 28.
511 4918 795 4974 Pwterea
824 4934 1002 4990 quam
1036 4918 1189 4975 celer
1217 4923 1275 4976 et
1310 4924 1615 4993 tamquam
1649 4938 1720 4977 ne
1750 4921 1883 4993 quis
1913 4938 1978 4978 se

316 5006 476 5080 prior
503 5006 751 5062 irrueret
772 5006 1042 5075 festinus,
1065 5012 1427 5065 armaturam
1449 5009 1741 5067 ccelestem
1775 5010 1979 5067 indue-

315 5095 409 5162 rit,
432 5112 667 5167 quoque
688 5095 894 5151 robore
912 5099 1118 5151 contra
1140 5095 1388 5154 virtutes
1408 5098 1732 5155 contrarias
1754 5098 1977 5155 bellum

314 5182 550 5239 Christo
582 5185 767 5239 fretus
799 5185 1146 5257 susceperit,
1166 5201 1548 5259 carnequeac
1587 5187 1798 5260 spiritu
1831 5188 1977 5245 rela-

318 5270 781 5340 ctantibus,cum
802 5289 940 5345 pars
958 5274 1048 5308 ¹⁵⁴⁴
1071 5272 1365 5347 melioride
1381 5274 1578 5348 palma
1594 5293 1831 5351 semper
1846 5294 1978 5334 con-

320 5359 591 5427 tenderit,
624 5364 821 5417 tamen
852 5377 1085 5433 semper
1125 5361 1370 5434 periculi
1419 5368 1688 5421 metuens
1718 5365 1977 5434 redivivi,

321 5446 563 5503 brachia
592 5463 923 5520 numquam
955 5448 1267 5518 remiserit,
1294 5455 1475 5523 utque
1501 5451 1654 5508 inter
1672 5454 1980 5525 hec,viciis

1684 5576 1928 5639 VARle
1964 5579 2386 5643 LECTIONES.

1931 5678 2022 5714 ‘5“
2050 5677 2215 5736 uirex
2273 5694 2413 5735 corr.
2466 5675 2625 5732 uires
2674 5690 2720 5731 c.
2798 5675 2889 5710 ⁸⁵⁸⁸
2950 5674 3051 5730 His
3108 5690 3248 5732 corr.
3297 5673 3349 5729 is
3406 5688 3457 5728 c.

396 5669 491 5705 ³⁵⁸³
526 5669 735 5742 spatiis
766 5686 814 5726 ε.

320 5757 466 5797 εονν.
502 5757 571 5797 ea
602 5758 649 5796 6.

894 5671 986 5707 ¹⁵⁴³
1034 5668 1322 5743 respirare
1350 5690 1396 5730 ε.
1478 5675 1569 5711 ‘5“
1614 5692 1749 5748 pras
1800 5677 1851 5733 1.

2070 3589 2434 3646 mittebatur.
2459 3587 2604 3641 Nam
2629 3585 2742 3641 nisi
2764 3601 2891 3657 quae
2912 3584 3224 3657 episcopus
3243 3583 3355 3639 loci
3377 3583 3467 3639 vir
3487 3602 3726 3643 venera-

2070 3678 2207 3736 bilis
2240 3675 2578 3743 Gauzlinus,
2607 3674 2667 3730 in
2696 3673 3106 3730 misericordize
3139 3673 3417 3744 cperibus
3451 3670 3601 3731 sane
3622 3690 3728 3730 me—

2072 3765 2394 3833 morabilis,
2432 3770 2534 3819 aut
2571 3762 2975 3835 religiosorum
3009 3762 3369 3834 quicumque
3399 3760 3725 3827 misissent,

2074 3855 2253 3913 nullis
2281 3854 2414 3911 aliis
2433 3853 2895 3909 sustentabatur.
2920 3850 3247 3907 Clientulus
3277 3867 3511 3924 quoque
3533 3870 3604 3909 ex
3627 3852 3729 3907 cle-

2075 3945 2211 4001 ricis
2243 3944 2420 4010 unus,
2456 3943 2557 4014 qui
2604 3940 2817 3997 missas
2850 3938 3167 3996 celebranti
3208 3939 3531 4007 assisteret,
3568 3942 3724 3996 dere-

2074 4034 2270 4091 lictus.
2299 4032 2381 4088 De
2412 4030 2694 4103 qualitate
2722 4028 3076 4095 indumenti,
3103 4028 3238 4097 cibi,
3264 4028 3353 4083 vel
3385 4033 3583 4100 potus,
3618 4044 3727 4100 qua

2077 4121 2249 4180 cilicii
2278 4120 2644 4185 assiduitate,
2666 4118 3031 4190 jejuniorum
3062 4118 3553 4190 frequentatione,
3577 4116 3726 4190 peni-

2076 4212 2268 4268 tentia:
2323 4207 2662 4266 austeritate
2709 4223 2834 4261 sese
2867 4205 3184 4273 damnavit,
3217 4206 3555 4277 superﬂuus
3604 4219 3725 4260 esse

2076 4317 2277 4356 vereor
2305 4300 2366 4354 in
2398 4298 2662 4364 dicendo,
2685 4312 2820 4351 cum
2843 4297 3018 4351 etiam
3041 4294 3270 4367 copiam
3294 4308 3725 4367 quamcumque

2077 4390 2384 4446 verborum
2419 4385 2773 4459 operationis
2804 4384 2993 4457 ipsius
3023 4387 3261 4457 superet
3288 4383 3656 4457 magnitudo.

2150 4479 2239 4533 30.
2262 4477 2364 4532 Hic
2386 4479 2528 4532 dum
2547 4473 2641 4529 die
2659 4473 2913 4545 quadam
2938 4471 3100 4528 sol-us
3120 4471 3400 4528 resideret
3419 4470 3481 4527 in
3500 4469 3721 4535 cellula,

2079 4583 2280 4624 vocem
2313 4565 2381 4620 de
2413 4567 2672 4636 repente,
2700 4562 2855 4618 unde
2884 4566 2985 4618 aut
3015 4578 3049 4617 a
3080 4576 3197 4633 quo
3227 4560 3446 4616 editam
3475 4558 3723 4622 nescius,

2082 4656 2238 4714 claro
2268 4651 2624 4710 omnimodis
2665 4666 2808 4707 sono
2839 4650 2948 4706 hoc
2978 4648 3201 4706 audivit
3229 4649 3521 4706 dicentem
3557 4666 3571 4703 :
3603 4648 3725 4704 Su:-

2083 4745 2270 4803 tollam
2319 4751 2367 4799 te
2413 4757 2579 4813 super
2623 4738 2941 4797 altitudines
2971 4747 3151 4805 terra,
3178 4745 3231 4795 et
3258 4737 3447 4795 cibabo
3492 4745 3544 4795 te
3583 4737 3724 4794 here-

2000 4851 2049 4917 D
2086 4836 2251 4891 ditata
2278 4831 2438 4889 Iacob
2464 4832 2640 4903 patris
2673 4832 2784 4897 tui;
2816 4844 2874 4886 es
2918 4830 3069 4885 enim
3111 4828 3333 4886 Domini
3378 4826 3617 4884 locutum
3657 4831 3730 4882 est

2085 4925 2197 4981 haec
2228 4922 2355 4993 (lea.
2392 4937 2548 4990 Lvm,
2583 4919 2689 4988 14).
2725 4917 3036 4974 Paululum
3067 4917 3204 4972 inde
3244 4914 3532 4972 attonitus
3559 4918 3615 4972 et
3651 4928 3726 4969 se-

2085 5028 2220 5070 cum
2254 5013 2317 5066 ut
2345 5009 2412 5063 ﬁt
2441 5007 2630 5064 multa
2660 5008 2858 5063 animo
2885 5012 3187 5079 reputans,
3211 5009 3524 5078 postquam
3556 5002 3726 5058 misso

2084 5099 2546 5169 circumquaque
2578 5096 2868 5165 ministro,
2892 5096 2943 5152 si
2975 5096 3120 5152 forte
3151 5109 3466 5168 puerorum
3498 5091 3672 5161 aliqui
3698 5105 3727 5144 e

2087 5187 2261 5245 scolis
2281 5186 2509 5255 vicinis,
2535 5186 2679 5242 dum
2702 5185 2970 5253 recitent,
2996 5185 3104 5241 hoc
3126 5182 3531 5256 protulissent,
3557 5197 3625 5237 ac
3644 5194 3728 5234 ne-

2087 5278 2306 5334 minem
2340 5280 2459 5332 toto
2491 5275 2548 5330 id
2580 5275 2863 5347 temporis
2885 5274 3075 5347 spatio
3100 5274 3161 5328 in
3183 5270 3445 5345 quolibet
3462 5270 3589 5327 loco
3609 5282 3728 5325 con-

2089 5366 2252 5439 tigue
2285 5364 2468 5421 fuisse
2488 5361 2987 5429 renuntiante,vir
3027 5360 3334 5435 prudentis
3353 5357 3593 5434 ingenii,
3615 5372 3727 5431 gra-

2087 5455 2182 5512 tia
2215 5454 2423 5511 divinae
2453 5452 2565 5510 sibi
2598 5451 2903 5509 oraculum
2934 5451 2995 5507 in
3026 5467 3191 5524 spem
3224 5447 3557 5507 fiducialius
3585 5445 3724 5503 dein-

3534 5669 3621 5706 !“1
3671 5680 3729 5722 ex

1911 5846 2156 5904 'NOT/E.

389 5910 535 5984 (367)
563 5909 904 5981 Vesuvium,
954 5914 1043 5970 55.
