3868 6478
172 602 287 661 257

1077 598 1178 658 DE
1223 597 1402 658 Vl'l‘A
1448 596 1776 658 JOANNIS
1824 598 2158 661 ABBATIS
2205 598 2691 660 GORZIENSIS.

3473 602 3592 663 258

118 724 137 741 κ
172 751 313 806 ceps
342 734 415 789 de
445 732 618 788 donis
649 730 880 788 Domini
917 731 1304 801 prmsumendi
1338 730 1646 798 directum,
1685 732 1824 785 lide-
1856 735 1911 799 Α
1943 748 2056 788 non
2089 730 2310 804 passim
2344 731 2697 802 cuicumque
2728 747 2789 785 se
2815 731 2929 785 nisi
2961 732 3269 787 notissimo
3297 736 3501 806 aperit,
3534 742 3591 793 et

172 823 310 880 liter
340 820 641 878 intellexit.
695 820 860 885 Quod
914 820 1071 890 apud
1124 836 1186 875 se
1237 818 1478 890 quidem
1524 818 1650 892 ipse
1696 819 1829 875 forti

172 910 446 970 custodia
474 909 656 966 animi
689 926 917 965 servare
968 908 1198 964 studuit
1230 908 1617 977 reconditum,
1654 909 1832 964 rebus

170 1004 373 1058 autem
409 1004 613 1071 postea
644 999 701 1053 in
735 998 863 1070 ipso
895 995 1160 1053 omnium
1194 1013 1397 1053 eorum
1421 998 1565 1053 fides
1585 1003 1674 1053 est
1699 999 1833 1053 sub-

171 1093 397 1148 secuta.
433 1090 501 1143 Et
532 1088 637 1143 hec
667 1086 905 1159 quidem
939 1087 1010 1140 de
1042 1085 1234 1141 iniciis
1268 1086 1412 1141 tanti
1445 1086 1549 1141 Viri
1586 1086 1833 1141 breviter

173 1197 282 1252 pro
314 1179 422 1234 loci
456 1176 698 1249 negocio
753 1174 1152 1242 inseruimus;
1185 1180 1441 1230 ceterum
1494 1180 1657 1230 tanta
1704 1174 1828 1230 feli-

173 1270 335 1324 cium
366 1271 667 1339 gestorum
690 1265 819 1336 ejus
851 1268 1006 1319 extat
1036 1264 1328 1330 materies,
1347 1269 1410 1318 ut
1440 1270 1495 1318 et
1528 1264 1830 1335 proprium

173 1374 330 1430 opus
358 1354 840 1435 doctioribusque
890 1352 1098 1408 merito
1148 1352 1549 1424 arripiendum
1605 1351 1830 1408 deside.

176 1450 327 1513 rent,
361 1449 419 1501 et
449 1441 814 1516 amplissimo
840 1441 1218 1497 audientibus
1250 1448 1305 1496 et
1339 1442 1555 1498 imitari
1588 1440 1830 1497 volenti-

173 1535 293 1591 bus
323 1531 540 1589 fructui
574 1529 802 1604 possint
829 1530 1095 1587 existere.

249 1626 340 1680 31.
375 1622 524 1678 Cum
554 1619 753 1692 itaque
770 1619 864 1675 hic
883 1618 1182 1676 Johannes
1201 1624 1255 1675 et
1291 1620 1412 1691 ipse
1434 1620 1687 1675 domnus
1706 1619 1833 1690 Egi-

180 1712 402 1769 ncldus
414 1698 908 1783 tam'prcpinquis
924 1707 1184 1763 locorum
1199 1707 1519 1763 intervallis
1536 1708 1831 1775 abessent,

175 1802 327 1857 alter
358 1799 609 1857 alterum
642 1796 757 1852 nisi
788 1796 932 1852 facie
962 1795 1087 1851 sola
1115 1800 1173 1851 et
1202 1794 1491 1851 locutione
1531 1795 1833 1851 communi

174 1902 297 1947 non
312 1891 577 1954 noverat;
604 1886 748 1942 adeo
767 1890 1012 1956 uterque
1030 1884 1332 1955 popularis
1345 1884 1605 1957 fugitans
1633 1883 1831 1956 gloria:

174 1995 308 2036 sese
339 1981 571 2033 tantum
603 1972 854 2029 testibus
886 1973 1187 2028 fruebatur
1214 1989 1249 2027 a
1279 1972 1395 2029 Deo
1431 1974 1540 2026 ιω.
1560 1973 1707 2028 Cum
1742 1973 1833 2027 in-

173 2074 340 2124 terea
368 2081 509 2121 casu
541 2062 796 2135 quodam
820 2077 1001 2133 supra
1032 2066 1394 2117 memoratus
1418 2061 1777 2116 Humbertus
1798 2077 1830 2117 θ
1858 2103 1913 2170 Β

247 2157 284 2170 ι.
341 2154 350 2170 ι
1094 2149 1335 2170 nam“,
1772 2167 1821 2170 __

175 2154 412 2223 cellula,
446 2170 564 2225 qua
594 2169 655 2208 se
676 2152 804 2222 jam
837 2151 1063 2205 dudum
1094 2149 1340 2204 Virduni
1390 2150 1728 2217 recluserat,
1763 2167 1833 2206 ea

176 2263 299 2320 quo
323 2243 583 2300 nescitur
603 2242 843 2296 obtentu
864 2239 1102 2295 effracta
1124 2239 1232 2305 ‘3‘”,
1248 2240 1520 2294 eumdem
1538 2239 1832 2294 venerabi-

177 2337 298 2392 lem
331 2336 557 2405 patrem
587 2328 900 2384 Einoldum
928 2344 996 2383 ex
1017 2327 1331 2401 improviso
1354 2326 1522 2383 Tullo
1542 2326 1828 2383 convenit.

182 2426 239 2482 Is
271 2422 428 2479 enim
459 2419 612 2475 inter
642 2434 805 2472 raros
835 2416 982 2471 alios
1020 2415 1147 2471 vita:
1195 2415 1384 2489 ipsius
1427 2417 1553 2488 jam
1605 2417 1833 2488 pridem

177 2510 456 2570 conscius
468 2509 673 2564 fuerat.
692 2505 828 2561 Viro
851 2509 1055 2561 sancto
1069 2505 1141 2561 ad
1162 2509 1283 2559 tam
1305 2504 1665 2576 insperatam
1703 2505 1834 2575 ejus

184 2598 558 2675 prensantium
591 2597 938 2668 stupefacto,
962 2592 1283 2666 prtesertim
1301 2594 1457 2665 quod
1488 2593 1647 2649 fama
1676 2595 1747 2649 ad
1771 2611 1836 2650 se

182 2695 342 2747 certo
373 2685 818 2756 detulerat,1ege
848 2681 1195 2739 reclusionis
1224 2698 1359 2738 eum
1389 2681 1685 2738 intrusum
1700 2682 1839 2738 fuis-

182 2798 271 2851 se,
305 2776 618 2848 causisque
648 2771 1000 2846 egressionis
1031 2770 1307 2843 acceptis,
1337 2770 1490 2826 inter
1519 2788 1669 2843 quas
1696 2787 1838 2843 prae-

184 2864 624 2941 cipua-erat,ob
654 2862 765 2918 hoc
796 2878 859 2917 se
876 2860 1282 2928 advenisse,ut
1311 2860 1617 2916 heremum
1642 2859 1839 2932 potius

186 2955 370 3014 simul
403 2956 698 3027 expeteret
728 2953 835 3017 ηδε),
858 2950 1057 3023 ibique
1092 2951 1279 3005 multo
1310 2948 1523 3005 melius
1552 2965 1731 3022 quam
1777 2950 1837 3006 in

187 3045 428 3104 urbium
460 3041 789 3114 frequentia
820 3039 979 3095 omni
1012 3039 1319 3095 hominum
1374 3038 1643 3094 molestia
1673 3038 1840 3094 liberi

186 3133 437 3193 Domino
454 3130 842 3188 deservirent:
867 3127 1113 3183 consilio
1139 3126 1288 3182 clam
1307 3126 1462 3182 inter
1485 3144 1547 3183 se
1571 3129 1839 3196 conﬂato,

189 3224 308 3298 ipsi
342 3238 444 3295 per
472 3217 801 3285 se,cun‘ctis
823 3217 1060 3273 arbitris
1083 3215 1305 3289 procul,
1342 3216 1583 3271 flumine
1605 3217 1846 3273 Mosella

187 3312 479 3386 oppidum
522 3309 721 3380 ipsum
772 3306 1197 3379 prmterﬂuente
1247 3306 1510 3376 trajecto,
1562 3311 1617 3360 et
1667 3322 1845 3378 specu

188 3402 453 3475 quodam
486 3399 544 3452 in
575 3396 728 3453 saltu
744 3394 933 3450 vicino
952 3398 1199 3466 reperto,
1219 3394 1436 3450 ibidem
1460 3412 1519 3449 se
1542 3400 1846 3468 tamquam

1939 819 1997 876 id
2032 835 2147 875 non
2177 818 2346 874 facile
2375 819 2818 891 quidem.Apud
2853 837 2915 875 se
2941 820 3099 875 enim
3131 822 3489 879 omnimodis
3507 823 3590 879 la-

1939 912 2091 973 tens,
2122 907 2324 976 vitam,
2350 924 2465 979 qua
2484 907 2544 962 in
2569 907 2981 964 secretioribus
3004 909 3113 965 sub
3141 909 3328 967 oculis
3350 908 3591 983 superni

1941 995 2149 1053 arbitri
2185 996 2446 1052 districta
2476 996 2795 1052 admodum
2824 1012 2954 1053 esse
2984 1002 3226 1066 coartat,
3258 998 3443 1055 oculis
3485 999 3590 1055 hc-

1906 1148 1909 1151 ,
1942 1086 2205 1158 minum,
2233 1085 2334 1140 ubi
2361 1085 2423 1140 in
2456 1085 2758 1156 publicum
2789 1085 3011 1154 exierit,
3045 1087 3253 1143 offerre
3283 1104 3519 1144 summa
3538 1088 3593 1144 vi

1942 1179 2117 1246 atque
2148 1180 2272 1229 arte
2302 1174 2659 1229 dissimulat.
2692 1175 2978 1230 Adtamen
3029 1193 3065 1230 a
3108 1176 3273 1232 vobis
3320 1183 3595 1235 evocatus

1941 1263 2120 1320 citius
2148 1264 2357 1332 aderit,
2388 1267 2446 1318 et
2475 1267 2684 1318 mutua
2719 1263 2899 1318 vestri
2943 1263 3252 1321 collocutio
3302 1283 3396 1322 me
3443 1267 3591 1323 nihil

1941 1357 2103 1409 extra
2123 1369 2302 1425 quam
2324 1369 2418 1408 res
2429 1356 2518 1408 est
2538 1353 2609 1408 de
2629 1369 2695 1407 eo
2716 1352 2922 1408 afferre
2942 1353 3110 1409 facile
3131 1356 3591 1427 comprobabit.»

1942 1441 2157 1498 Nuntio
2176 1458 2311 1496 mox
2329 1458 2392 1497 se
2412 1457 2549 1498 eum
2570 1440 2716 1497 velle
2743 1440 2928 1498 videre
2946 1446 3002 1497 et
3017 1442 3239 1516 alloqui
3259 1444 3590 1515 insinuans,

1942 1530 2023 1586 ita
2052 1529 2335 1599 condixit,
2364 1535 2431 1586 ut
2461 1530 2650 1603 ipsius
2690 1534 2872 1587 staret
2919 1530 3182 1600 arbitrio,
3216 1536 3416 1591 utrum
3464 1535 3591 1608 ipse

1941 1635 2087 1676 eum
2127 1619 2310 1687 domi,
2342 1636 2416 1675 an
2466 1618 2563 1675 ille
2608 1635 2671 1675 se
2728 1619 2898 1675 Tullo
2947 1621 3299 1689 conveniret,
3333 1622 3593 1697 quidque

1943 1706 2156 1764 horum
2188 1707 2391 1763 mallet
2413 1706 3071 1780 resignaret.Johannes
3091 1711 3164 1765 ad
3187 1710 3369 1767 totius
3391 1714 3596 1785 proba.

1943 1795 2079 1852 bilis
2111 1795 2545 1869 officiisemper
2562 1795 2962 1852 executionem
2986 1815 3103 1853 non
3124 1799 3351 1871 segnis:
3370 1822 3399 1852 α
3415 1800 3596 1859 Βὶεοὶε

1942 1884 2170 1957 pulum,
2203 1883 2433 1957 inquid,
2467 1883 2665 1955 potius
2692 1884 2925 1940 obviam
2952 1886 3120 1941 decet
3156 1886 3240 1943 ire
3288 1887 3591 1961 magistro.

1942 1974 2194 2047 Ergo,ut
2226 1973 2472 2045 dignum
2504 1971 2797 2038 est,Tullo
2828 1990 2963 2029 eum
2995 1976 3293 2032 convenio.
3308 1999 3337 2027 »
3364 1977 3439 2034 Ut
3456 1994 3594 2051 ergo

1943 2064 2194 2131 advenit,
2230 2062 2549 2119 Humberto
2581 2063 2775 2118 adhuc
2805 2063 3022 2119 ibidem
3053 2081 3190 2121 eum
3231 2067 3591 2139 opperiente,

1941 2169 2118 2224 quam
2155 2151 2522 2207 familiariter
2537 2151 2649 2207 sibi
2683 2150 3031 2207 alterutrum
3068 2159 3247 2227 atque
3295 2156 3600 2213 officiosis-

1942 2240 2089 2296 sime
2119 2241 2544 2312 adgaudentcs,
2563 2240 2842 2296 omnibus
2860 2257 2891 2297 e
2912 2247 3228 2314 conspectu
3250 2245 3509 2313 remotis,
3526 2247 3597 2301 de

1942 2346 2142 2396 causa,
2182 2334 2420 2401 propter
2448 2345 2628 2400 quam
2676 2330 3024 2385 accersitum
3076 2330 3244 2386 illum
3294 2333 3598 2402 miserant,

1943 2420 2203 2472 conferre
2221 2422 2543 2489 cmperunt.
2562 2417 2947 2490 Tandemque
2962 2419 3082 2487 ubi,
3106 2426 3239 2492 post
3256 2438 3371 2477 non
3407 2422 3600 2489 modi-

1945 2523 2073 2562 cam
2100 2523 2297 2561 rerum
2322 2505 2628 2561 celestium
2651 2506 3484 2578 confabulationem,desiderii
3505 2512 3600 2569 sui

1946 2596 2103 2652 alter
2120 2593 2285 2651 alteri
2319 2596 2449 2665 jam
2499 2596 2617 2651 fida
2671 2599 2894 2651 secreta
2941 2597 3251 2670 refuderat,
3284 2600 3597 2657 consilium

1943 2685 2152 2740 exinde
2173 2684 2285 2739 sibi
2310 2684 2438 2738 vitae
2465 2685 2764 2752 ducenda),
2780 2684 2867 2739 uti
2901 2686 3117 2757 quibus
3137 2686 3335 2744 seculo
3361 2692 3599 2761 penitus

1945 2780 2071 2829 erat
2083 2772 2317 2828 animus
2334 2773 3235 2840 renunciandi,curasollicitiore
3247 2776 3607 2851 disquirunt.

2016 2862 2111 2917 33.
2147 2860 2268 2915 Sub
2299 2860 2410 2915 hoc
2436 2859 2736 2915 Jobannes
2756 2875 2995 2917 causam
3028 2863 3140 2918 sibi
3185 2869 3348 2923 ratus
3369 2873 3607 2940 oportu-

1949 2967 2085 3005 nam
2118 2948 2420 3015 cecidisse,
2455 2949 2637 3003 totius
2661 2965 2786 3009 sum
2827 2952 3237 3009 conventionis
3276 2971 3412 3011 cum
3460 2958 3603 3016 viris

1951 3037 2243 3109 religiosis
2275 3038 2324 3092 ei
2358 3037 2569 3091 seriem
2602 3038 2959 3109 pandens,et
2990 3041 3244 3099 maxime
3274 3047 3428 3116 apud
3456 3063 3611 3119 quos

1954 3128 2127 3183 Metis
2143 3126 2255 3181 sibi
2282 3126 2553 3198 frequens
2575 3132 2717 3182 tunc
2738 3126 2931 3182 solum
2954 3134 3079 3184 erat
3100 3147 3451 3189 recursus—
3465 3152 3603 3192 nam

1954 3233 1988 3272 a
2006 3216 2217 3271 ceteris
2238 3215 2487 3271 aliorum
2510 3214 2769 3271 locorum
2791 3218 2916 3289 jam
2939 3218 3164 3275 dudum
3187 3222 3607 3280 abstinebat—-

1957 3309 2179 3376 quanta
2211 3305 2315 3360 viri
2349 3305 2458 3376 ipsi
2491 3304 2552 3359 in
2600 3306 2868 3360 eamdem
2901 3309 3257 3365 sententiam
3297 3314 3609 3369 concordia

1957 3394 2416 3466 conspirassent,
2452 3394 2700 3464 aperuit.
2738 3393 2839 3449 Illo
2872 3411 3049 3467 quam
3085 3396 3252 3453 facile
3283 3402 3500 3458 animis
3530 3402 3605 3456 ad

189 3473 459 3565 perpetui
491 3483 783 3541 heremitaa
807 3481 991 3538 futuri
1012 3481 1843 3555 recipiunt.Mox§quihusdam
1875 3473 1923 3539 C
1956 3483 2066 3539 hoc
2097 3481 2419 3547 inclinatis,
2454 3486 2522 3537 ut
2550 3498 2751 3538 secum
2785 3482 2908 3554 ipse
2940 3485 3177 3541 eosdem
3207 3488 3361 3544 viros
3398 3506 3606 3546 conve-

188 3576 486 3651 rcligiosis
519 3591 586 3631 ex
616 3572 831 3645 cppido
858 3570 1048 3625 virum
1081 3574 1351 3626 sanctum
1386 3571 1843 3642 requirentibus,

188 3674 254 3726 et
279 3664 551 3739 quamvis
567 3662 761 3718 locum
794 3659 956 3714 aditu
976 3658 1274 3714 difficilem
1305 3676 1504 3715 amore
1517 3661 1847 3732 superanti~

189 3760 330 3824 bus,
348 3754 448 3811 ubi
482 3768 583 3809 eos
611 3752 1024 3815 convenerunt,
1041 3752 1274 3819 ceptum
1304 3747 1667 3818 hujusmodi,
1689 3748 1845 3820 quod

189 3844 343 3906 nulli
374 3843 580 3915 utique
608 3840 759 3895 bono
793 3852 1078 3909 umquam
1109 3839 1263 3890 esset
1295 3835 1612 3907 probabile,
1628 3836 1849 3894 seniori

189 3932 441 3994 consilio
470 3928 854 4001 diesiparunt.
882 3927 1071 3982 Tanta
1101 3924 1394 3997 siquidem
1426 3925 1535 3981 loci
1566 3925 1846 3998 iniquitas

189 4026 490 4091 fuerat,nt
519 4034 625 4074 nec
656 4016 769 4089 ipsi
800 4015 1079 4086 cuiquam
1111 4013 1295 4069 labori
1331 4013 1411 4068 ibi
1443 4013 1846 4082 insistere,nec

190 4131 231 4172 a
251 4124 554 4185 qucquam
576 4104 747 4162 facile
776 4104 860 4161 eis
881 4104 1201 4176 quicquam
1229 4103 1697 4159 necessariorum
1720 4120 1848 4176 pos-

192 4206 288 4260 set
316 4196 588 4258 conferri.
622 4194 736 4252 Sed
776 4198 832 4250 et
861 4193 990 4266 ipse
1038 4196 1102 4249 ut
1147 4196 1274 4248 erat
1316 4191 1405 4246 vir
1453 4192 1682 4248 consilii
1729 4210 1845 4249 non

192 4285 519 4348 difficulter
548 4281 777 4340 meliori
808 4281 1099 4338 sententia
1129 4283 1335 4350 ﬂexus,
1369 4281 1620 4338 amicam
1662 4282 1845 4338 centi-

194 4392 318 4438 nuo
349 4373 559 4448 repetit
585 4370 881 4439 cellulam,
913 4371 1234 4426 Humberto
1264 4370 1595 4428 Virdunum
1636 4371 1706 4427 ad
1741 4386 1848 4428 sua

191 4484 263 4526 se
289 4462 526 4522 interim
551 4459 880 4534 recipiente.

269 4557 362 4614 32.
393 4550 502 4621 Qui
533 4552 677 4609 dum
707 4562 916 4605 rursus
945 4565 1080 4605 cum
1112 4548 1376 4605 crebrius
1407 4549 1850 4622 reviseret,qua~

192 4648 338 4703 dam
376 4642 473 4700 die
517 4639 673 4696 inter
722 4642 914 4694 cetera
954 4654 1070 4709 que
1118 4636 1488 4694 familiaritas
1516 4637 1617 4693 illa
1647 4652 1850 4710 parere

193 4731 425 4794 adsolet
451 4726 765 4801 colloquia,
800 4727 966 4797 dum,
1000 4726 1051 4783 si
1082 4726 1184 4799 qui
1228 4724 1374 4782 forte
1422 4724 1637 4782 alicubi
1684 4727 1757 4782 ad
1788 4725 1848 4782 id

1956 3572 2128 3638 niret,
2143 3571 2415 3626 hortatus
2438 3575 2548 3626 est.
2571 3571 2657 3624 lta
2682 3571 3002 3628 llumberto
3024 3577 3164 3629 tunc
3194 3578 3430 3648 propria
3446 3594 3606 3650 repe-

1954 3665 2134 3727 tente,
2170 3659 2294 3730 ipse
2345 3663 2476 3729 post
2525 3658 2650 3713 dies
2699 3657 2935 3730 aliquod
2982 3661 3155 3717 Motis
3203 3665 3508 3734 accedens,
3545 3671 3606 3722 et

1955 3765 2133 3821 super
2160 3752 2363 3803 sancto
2391 3746 2651 3801 virorum
2672 3745 2906 3802 illorum
2940 3748 3213 3806 instituto
3238 3769 3351 3807 non
3377 3755 3613 3810 modico

1956 3837 2301 3905 delectatus,
2323 3835 2668 3907 aliquandiu
2690 3836 2869 3892 etiam
2890 3838 3044 3909 apud
3059 3854 3159 3895 eos
3178 3846 3267 3897 est
3286 3857 3609 3900 commora-

1954 3931 2072 3983 tus.
2107 3925 2410 3980 Interdum
2440 3940 2573 3981 vero
2607 3925 2678 3980 ad
2709 3926 2944 3997 propria
2972 3928 3084 3984 sub
3116 3933 3378 4003 tempore
3411 3948 3609 3990 recur-

1955 4032 2110 4083 rens,
2144 4013 2433 4071 memoria
2463 4013 2547 4049 ¹⁶δ¹
2581 4013 2762 4070 semel
2811 4020 3046 4088 accepta
3077 4017 3408 4078 dulcedinis
3437 4024 3606 4093 quasi

1958 4119 2152 4160 moras
2172 4103 2413 4158 diutinae
2435 4103 2713 4159 absentia:
2735 4117 2884 4177 ρει-ω
2906 4105 3388 4175 ferentem,suam
3412 4110 3504 4151 1⁵³⁷³
3522 4113 3611 4168 eis

1956 4191 2329 4266 prementium
2361 4193 2450 4228 ¹⁵⁵³
2477 4191 2655 4248 citius
2686 4194 3009 4251 revocabat.
3028 4196 3209 4254 Erant
3236 4204 3433 4255 autem
3474 4201 3610 4257 reli-

1955 4283 2117 4357 giose
2137 4280 2260 4349 ille,
2275 4281 2344 4337 de
2367 4281 2582 4353 quibus
2598 4297 2778 4352 supra
2799 4282 3026 4339 dictum
3052 4291 3145 4342 est
3163 4287 3303 4361 (cap.
3326 4290 3437 4362 l7),
3452 4291 3613 4363 apud

1956 4373 2239 4429 Sanctum
2265 4371 2501 4426 Petrum
2523 4370 2779 4439 feminae,
2800 4371 2974 4427 Gcisa
2995 4377 3055 4429 et
3075 4376 3259 4432 amita
3289 4378 3418 4448 ejus
3449 4378 3606 4433 alim-

1957 4476 2070 4534 que
2100 4457 2418 4527 nonnullae,
2453 4464 2511 4516 et
2540 4456 2783 4515 Salechc
2832 4459 3082 4519 clericus
3129 4465 3317 4520 sancti
3369 4466 3606 4522 Martini

1957 4549 2114 4606 ultra
2132 4550 2376 4605 ﬂuvium
2401 4546 2673 4616 Mosellae,
2690 4553 2749 4603 et
2770 4547 3108 4606 Randincus
3128 4550 3419 4623 presbiter
3446 4553 3607 4610 tituli

1957 4638 2145 4695 sancti
2169 4638 2291 4693 Sim
2297 4636 2566 4709 phoriani
2589 4641 2751 4693 extra
2770 4642 3000 4709 portam
3014 4640 3179 4696 urbis
3192 4640 3605 4709 meridianam,

1957 4727 2112 4800 apud
2144 4742 2319 4798 quem
2337 4731 2396 4782 et
2426 4726 2689 4781 crebrius
2713 4743 2815 4798 pro
2837 4725 2961 4783 loco
2984 4727 3317 4786 secretioris
3340 4746 3453 4785 usu
3476 4748 3610 4787 con-

191 4820 485 4895 temporis
514 4816 617 4891 qui
647 4816 720 4874 ad
754 4820 958 4872 sancta
981 4814 1274 4871 desideria
1301 4814 1629 4887 aspirarent
1647 4816 1852 4873 existe—
1878 4844 1924 4910 Ι)
1956 4814 2289 4883 veniebant,
2322 4818 2380 4870 et
2412 4815 2697 4870 Bernacer
2736 4815 3040 4885 diaconus,
3074 4833 3269 4875 eomes
3320 4819 3607 4876 Johannis

192 4916 351 4980 rent,
376 4906 592 4967 vicaria
621 4904 1077 4977 interrogatione
1108 4903 1746 4977 percunctantur,hunc
1777 4904 1848 4961 de
1878 4902 1917 4910 '
1949 4905 2076 4977 jam
2100 4904 2328 4976 pridem
2343 4904 2590 4960 Romani
2610 4902 2866 4973 itineris;
2889 4921 3025 4961 nam
3047 4906 3187 4962 dum
3205 4908 3373 4965 illide
3392 4909 3608 4981 quibus

193 5015 318 5075 quo
338 4998 574 5072 egimus
593 4993 927 5053 Johannem
952 4992 1084 5060 sibi,
1102 4997 1168 5049 ut
1187 4992 1558 5065 praemissum
1580 4998 1687 5059 est,
1708 4993 1849 5065 opti-

192 5106 295 5148 me
326 5091 534 5147 notum
566 5082 811 5141 adduxit
842 5080 902 5138 in
935 5080 1222 5137 medium.
1256 5081 1335 5137 De
1365 5081 1537 5153 cujus
1566 5080 1849 5137 laudabili

191 5172 638 5237 conversatione
670 5187 805 5231 cum
837 5169 1096 5245 plurima
1125 5169 1457 5241 replicaret:
1480 5192 1507 5221 «
1540 5170 1846 5226 Hominem

189 5265 404 5340 inquid
438 5265 653 5320 domus
683 5259 985 5327 Einoldus,
1021 5259 1161 5316 olim
1216 5274 1523 5330 cognosco,
1558 5262 1614 5315 et
1651 5260 1721 5315 ad
1755 5274 1849 5315 me

193 5357 401 5416 crebro
413 5352 739 5410 venientem
753 5367 866 5407 usu
882 5347 1183 5404 communi
1195 5354 1466 5420 expertus
1483 5352 1847 5417 sum;utrum

195 5448 399 5503 autem
431 5442 645 5500 harum
677 5454 893 5506 rerum,
929 5424 1146 5511 quibus
1196 5454 1353 5495 nunc
1392 5437 1761 5510 praedicatur,
1797 5436 1849 5493 ei

192 5548 368 5592 mens
400 5531 620 5590 inesset
667 5531 770 5586 aut
821 5528 1109 5596 studium,
1164 5527 1417 5584 necdum
1465 5526 1555 5583 vel
1597 5525 1851 5583 tenuiter

190 5623 499 5681 advertere
526 5618 757 5693 potui.»
788 5620 863 5675 At
892 5617 1028 5674 ille:
1068 5637 1097 5668 «ι
1130 5617 1232 5685 Ita,
1264 5615 1493 5688 inquid,
1522 5616 1697 5672 homo
1737 5617 1849 5683 est,

1958 4992 2415 5049 memoravimus
2436 4996 2578 5064 (cap.
2609 4994 2699 5059 20)
2733 4994 2849 5051 vite
2883 4997 3330 5066 praestantioris,
3366 4998 3605 5054 Rotlan-

1958 5083 2069 5138 dus
2097 5086 2155 5136 et
2179 5080 2760 5151 Warimbertusjam
2782 5082 2903 5139 vita
2924 5084 3467 5142 decesserant.Cum
3490 5086 3604 5155 his,

1955 5169 2136 5227 veluti
2161 5169 2219 5224 in
2234 5168 2591 5239 quibusdam
2609 5169 2938 5227 caelestium
2961 5173 3409 5245 disciplinarum
3433 5175 3609 5233 scolis

1958 5263 2297 5315 sanctorum
2330 5258 2702 5330 ingeniorum
2734 5258 2957 5316 viribus
2989 5277 3051 5318 se
3090 5262 3249 5334 ipsos
3280 5264 3495 5321 cotidie
3548 5265 3608 5319 in

1959 5348 2173 5404 studiis
2187 5347 2837 5419 omniumprobatarum
2850 5349 3138 5406 virtutum
3152 5352 3609 5410 exercentesduo

1959 5437 2070 5508 ipsi
2090 5436 2193 5491 viri
2213 5436 2488 5507 praecipui
2509 5441 2610 5491 aut
2626 5435 2981 5493 lectionibus
2999 5444 3100 5495 aut
3117 5441 3482 5498 orationibus
3504 5457 3608 5499 seu

1959 5530 2114 5582 certe
2128 5525 2353 5581 mutuis
2365 5525 2437 5581 ad
2449 5524 2691 5582 celestia
2710 5524 3215 5586 cohortationibus
3232 5530 3606 5601 insistebant,

1960 5614 2235 5686 ipsosque
2264 5630 2401 5671 cum
2431 5614 2646 5687 quibus
2682 5616 3071 5674 versabantur
3124 5619 3196 5674 ad
3246 5619 3471 5691 majora
3513 5618 3608 5675 sui

1550 5720 1793 5778 VARI/‘E
1830 5719 2250 5777 LECTIONES.

270 5819 356 5855 ¹⁵⁴⁰
387 5818 499 5874 ado
529 5833 577 5873 ο.
611 5819 670 5872 et
690 5814 817 5890 _l_)_eo
843 5814 1000 5890 I_.._ac
1031 5812 1148 5869 Deo
1178 5810 1246 5867 M.
1324 5812 1414 5848 ¹⁵⁴⁹
1441 5812 1664 5890 efracta
1684 5825 1763 5890 οη
1927 5807 2448 5890 an‘gapeeterent?
2521 5810 2607 5847 ¹⁵δ¹
2644 5811 2703 5867 in
2728 5826 2907 5886 marg.
2938 5828 3108 5869 manu
3129 5813 3184 5868 2.
3219 5811 3319 5867 Hic
3364 5811 3424 5868 ui
3484 5812 3496 5888 ι

191 5906 378 5955 sensu
439 5890 452 5964 ι
511 5890 574 5964 (ἱ.
607 5903 656 5944 e.
689 5887 794 5943 Hic
822 5885 1055 5942 videtur
1086 5899 1295 5941 sensus
1324 5887 1496 5955 esse).
1576 5883 1664 5919 ¹⁵⁵²
1693 5880 1847 5939 addit
1872 5882 1927 5938 2.
2005 5877 2278 5935 “suada
2302 5882 2357 5935 2.
2853 5877 2872 5886 '
3060 5936 3103 5945 ,ν
3186 5896 3191 5903 ·
