3868 6488
294 602 412 663 259

1134 599 1464 662 JOANNIS
1511 598 1843 661 ABBATIS
1889 597 1955 658 S.
2001 595 2350 662 ARNULFI
2395 597 2812 663 METENSIS.

3596 604 3724 666 260

297 736 630 792 imitatione
681 732 939 806 amplius
987 738 1162 805 atque
1212 732 1468 804 amplius
1524 732 1935 803 provocabunt.
1966 731 2233 804 Arium,
2265 750 2380 791 non
2425 730 2682 790 multum
2733 734 2805 789 ab
2858 733 3001 791 urbe
3050 732 3307 807 longius,
3357 737 3443 791 eis
3491 738 3722 810 optime

365 823 586 879 34.Sed
619 822 846 877 etidem
873 820 1226 876 venerabilis
1247 819 1533 875 Einoldus
1560 820 1686 891 jam
1719 824 1778 876 et
1798 819 1948 892 ipsa,

298 912 371 968 ad
392 928 520 983 quis
555 910 855 965 interdum
887 924 1183 965 recurrere
1212 909 1539 977 videbatur,
1554 908 1792 981 propria
1810 908 1949 964 civi-

291 1000 432 1055 tatis
464 996 764 1056 Tullensis
796 996 1066 1054 funditus
1098 996 1212 1054 sibi
1244 997 1589 1069 praecidens,
1628 998 1771 1053 dum
1814 1011 1949 1053 cum

292 1084 439 1161 ipsis
462 1090 768 1160 tamquam
796 1086 1166 1144 mansionem
1189 1091 1533 1158 perpetuam
1560 1086 1790 1155 statuit,
1817 1101 1951 1142 eos-

290 1178 424 1233 dem
449 1176 671 1248 pariter
682 1190 889 1231 omnes
911 1175 982 1231 ad
998 1175 1493 1231 renuntiationem
1509 1191 1741 1249 quoque
1753 1190 1949 1231 rerum

289 1267 556 1322 omnium
596 1264 955 1336 impellebat.
978 1264 1140 1319 Unde
1153 1281 1286 1320 cum
1302 1265 1373 1319 de
1384 1264 1478 1320 his
1491 1264 1810 1320 instantius
1820 1280 1954 1320 con-

288 1358 601 1423 sultarent,
631 1354 778 1422 loca,
796 1355 853 1408 in
877 1354 1092 1425 quibus
1114 1353 1680 1409 communemvitam
1703 1353 1949 1425 professi

292 1449 513 1523 pariter
555 1442 823 1499 habitare
854 1446 1117 1514 possent,
1148 1441 1397 1498 sollicite
1444 1446 1843 1514 pertractant;
1876 1442 1950 1499 ad

297 1538 417 1595 hoc
446 1533 610 1592 nullo
639 1532 724 1588 eis
746 1531 805 1586 in
821 1530 917 1587 his
934 1531 1241 1588 dumtaxat
1255 1531 1719 1605 regionibus,qui
1738 1531 1849 1587 sibi
1876 1530 1948 1586 ad

297 1642 483 1700 eaque
513 1624 711 1679 mente
740 1624 1128 1693 conceperant
1153 1622 1482 1692 oportunus
1509 1620 1826 1688 videretur,
1860 1631 1952 1674 oc'

291 1716 565 1773 currente
594 1741 665 1752 -—
695 1709 840 1764 adeo
870 1706 1052 1765 seculi
1084 1707 1318 1764 macula
1347 1708 1605 1780 quadam
1628 1710 1843 1763 cuncta
1874 1704 1950 1763 fe'

293 1822 355 1861 re
386 1798 652 1858 cmnobia
690 1797 1075 1853 oﬂ'useaverat
1122 1825 1191 1838 —
1240 1793 1563 1868 longinqua
1609 1810 1838 1868 quoque
1889 1802 1949 1855 et

291 1888 604 1965 peregrina
626 1885 890 1958 delegere
918 1888 1276 1940 statuerunt.
1306 1884 1424 1940 Hoc
1472 1899 1609 1940 cum
1660 1883 1946 1961 omnibus

288 1993 408 2036 uno
430 1976 629 2033 animo
651 1972 974 2044 eademque
985 1971 1280 2028 sententia
1293 1970 1677 2044 placuisset,J
1681 1972 1944 2029 ohannes

283 2065 584 2141 superiore
604 2060 960 2136 profectione
981 2077 1091 2116 sua
1112 2060 1313 2116 Italica
1325 2061 1480 2117 circa
1492 2062 1932 2118 Beneventanas

281 2156 550 2231 regiones
572 2152 700 2208 loca
729 2165 791 2207 se
813 2149 1064 2222 quedam
1096 2149 1155 2205 in
1174 2150 1422 2205 desertis
1451 2149 1619 2206 valde
1641 2154 1931 2223 oportuna

279 2245 493 2301 asserit
523 2238 914 2312 conspexissc,
949 2238 1009 2293 in
1041 2238 1256 2311 quibus
1306 2237 1504 2294 labore
1536 2255 1821 2295 manuum
1854 2238 1927 2294 ad

276 2332 575 2405 exemplar
599 2329 976 2401 antiquorum
1008 2333 1347 2383 sanctorum
1370 2325 1524 2382 facili
1559 2327 1714 2383 victu
1744 2327 1925 2382 vitam

276 2426 489 2480 ducere
506 2423 767 2493 possent,
787 2434 914 2489 quis
934 2417 1137 2489 utique
1153 2422 1212 2474 et
1231 2417 1444 2472 vinctis
1461 2421 1519 2471 et
1535 2416 1654 2472 situ
1674 2421 1731 2472 et
1746 2416 1925 2472 vasti-

273 2518 396 2569 tate
428 2509 701 2567 obductis
730 2506 987 2579 copiosa,
1007 2510 1068 2562 et
1096 2510 1289 2563 cetero
1317 2522 1428 2561 usu
1453 2504 1804 2560 mortalibus
1825 2523 1928 2577 per

275 2600 477 2656 omnia
494 2602 693 2656 essent
709 2594 1107 2652 accommoda.
1122 2594 1209 2649 Ad
1227 2593 1336 2650 hoc
1358 2598 1416 2650 et
1435 2594 1655 2649 montis
1672 2592 1922 2664 Cassini,

276 2705 452 2763 quem
475 2686 736 2744 subierat
756 2687 815 2741 et
834 2682 1087 2755 propriis
1099 2682 1324 2739 visibus
1343 2680 1926 2754 exploraverat,men-

272 2780 496 2836 tionem
528 2776 847 2842 adducens,
862 2770 1041 2829 simul
1072 2776 1131 2828 et
1162 2770 1322 2827 illius
1354 2771 1539 2828 abditi
1572 2772 1728 2827 intra
1756 2772 1924 2828 sinus

274 2867 536 2923 marinos
558 2863 747 2922 sancti
770 2860 1347 2918 Salvatorisccenohii
1371 2860 1526 2933 quod
1540 2860 1727 2916 monti
1747 2860 1924 2917 Bebio

273 2956 570 3023 imminet,
600 2955 899 3026 postremo
930 2949 989 3005 in
1030 2948 1088 3004 id
1133 2965 1338 3005 omnes
1387 2949 1613 3005 assensi
1663 2953 1824 3016 sunt,
1857 2954 1925 3007 ut

273 3044 620 3117 quantotius
640 3036 1059 3113 profectionem
1081 3035 1223 3093 illuc
1244 3041 1489 3093 matura:
1520 3037 1919 3093 decernerent.

342 3132 587 3188 35.Cum
600 3124 1044 3195 ecce,divinitus
1054 3128 1121 3179 ut
1131 3128 1359 3181 certum
1372 3130 1463 3181 est
1473 3124 1918 3197 hocprocurato,

274 3222 349 3279 ad
366 3218 639 3277 notitiam
651 3211 930 3288 episcopi,
947 3211 1146 3283 magni
1168 3212 1548 3283 postmodum
1562 3228 1759 3267 rerum
1774 3212 1919 3267 divi-

274 3325 485 3367 narum
499 3300 945 3377 recuperatoris,
961 3299 1162 3355 domui
1173 3297 1579 3365 Adelberonis,
1593 3299 1699 3354 hec
1720 3301 1921 3355 omnia

271 3398 666 3473 perferuntur.
680 3392 966 3447 Bemacer
976 3387 1134 3443 enim
1149 3403 1305 3442 unus
1317 3403 1386 3442 ex
1397 3387 1563 3459 ipsis,
1578 3388 1721 3443 dum
1734 3387 1916 3443 eccle-

2058 836 2231 892 posse
2261 822 2502 878 concedi
2528 822 2849 894 respondit.
2867 822 2950 878 ibi
2986 829 3223 895 repente
3239 825 3361 880 viro
3382 826 3727 897 prudentis-

2059 909 2233 976 simo,
2250 910 2390 982 quid
2414 909 2752 983 aliquando,
2769 914 3086 983 antequam
3104 912 3331 983 apicem
3358 913 3727 986 pontificalis

2061 997 2303 1055 honoris
2335 999 2672 1072 attingeret,
2708 1016 2886 1072 super
2914 998 3043 1055 loco
3072 1000 3277 1056 eodem
3318 1001 3430 1057 sibi
3478 1002 3541 1057 in
3589 1006 3727 1060 voto

2060 1086 2256 1155 fuerit,
2274 1105 2474 1143 secum
2508 1088 2705 1143 animo
2728 1093 3055 1160 reputante,
3073 1089 3450 1146 nechumano
3471 1090 3729 1148 consilio

2062 1177 2165 1230 sed
2201 1176 2399 1232 divina
2432 1194 2573 1232 cura
2604 1194 2725 1232 rem
2756 1177 2847 1249 agi
2881 1177 3443 1247 considerans,nihil
3476 1181 3730 1237 omnino

2059 1269 2373 1321 cunctatus
2398 1266 2595 1319 ﬁrmat
2625 1266 3003 1321 sententiam.
3021 1267 3260 1322 Interim
3285 1283 3406 1322 rem
3430 1270 3732 1342 taceriju-

2061 1352 2180 1421 hct,
2212 1354 2354 1407 dum
2390 1357 2624 1424 tempus
2658 1370 2757 1408 eos
2788 1355 2961 1409 detur
2989 1355 3339 1411 acciri.Erat
3368 1355 3533 1413 locus
3557 1358 3725 1416 idem

2059 1458 2127 1496 ex
2160 1459 2275 1514 qua
2304 1441 2443 1496 olim
2464 1443 2653 1497 fuerat
2683 1443 2875 1513 specie
2892 1443 3579 1519 prmstantissimalongo
3586 1447 3725 1518 jam

2058 1530 2177 1585 situ
2210 1547 2358 1602 pene
2388 1530 2700 1603 praeferens
2733 1530 3139 1601 solitudinem,
3162 1536 3221 1588 et
3250 1538 3462 1605 praeter
3494 1551 3726 1607 paucos

2059 1618 2117 1673 in
2151 1623 2311 1675 veste
2341 1618 2612 1675 monachi
2646 1619 2792 1674 inibi
2842 1619 3200 1689 habitantes,
3235 1621 3451 1694 quibus
3503 1623 3723 1681 divinae

2057 1707 2230 1779 stipis
2258 1708 2352 1762 vix
2385 1708 2685 1763 modicum
2717 1709 2857 1781 quid
2883 1708 3261 1776 inferebatur,
3277 1715 3471 1783 cetera
3500 1716 3725 1769 ornatu

2055 1796 2216 1851 omni
2249 1796 2524 1852 submoto
2557 1797 2669 1832 “‘3'
2703 1797 2858 1853 fmda
2902 1796 3097 1853 locum
3147 1798 3326 1855 facies
3370 1800 3717 1857 obsidebat.

2056 1883 2502 1941 Possessionum
2534 1885 2816 1958 quicquid
2848 1886 3107 1943 exterius
3136 1886 3723 1956 fuerat,Adelbertus

2054 1988 2272 2041 comes,
2305 1973 2394 2029 vir
2421 1990 2632 2047 genere
2671 1974 2911 2046 quidem
2965 1973 3183 2045 clarus,
3232 1976 3467 2049 ingenio
3507 1983 3717 2035 autem

2054 2060 2212 2116 ferox
2238 2078 2304 2116 ac
2331 2060 2645 2130 violentus,
2662 2077 2767 2118 nec
2795 2062 2946 2118 bono
2972 2062 3250 2136 cuiquam
3282 2064 3399 2120 fere
3418 2081 3715 2138 umquam

2049 2165 2281 2205 morum
2313 2150 2603 2221 probitate
2648 2150 2994 2222 probabilis,
3026 2168 3095 2208 ex
3116 2152 3397 2209 beneficio
3439 2154 3709 2228 episcopi

2037 2239 2131 2293 cui
2154 2237 2675 2312 militabat,gratia
2698 2255 2839 2295 sane
2862 2240 3113 2313 ingrata,
3130 2243 3708 2318 tenebat.Cognatus

2037 2327 2163 2399 ipse
2188 2326 2316 2398 jam
2348 2326 2488 2383 dicti
2523 2328 2825 2384 Lantberti
2856 2360 2924 2369 -—
2956 2347 3093 2386 nam
3125 2331 3255 2403 eius
3287 2347 3547 2388 sororem
3592 2333 3702 2389 ha-

2035 2415 2210 2472 bebat
2239 2446 2307 2457 -—
2338 2415 2613 2488 idemque
2646 2417 2801 2473 inter
2830 2435 2893 2474 se
2926 2419 3281 2491 quibusdam
3306 2421 3708 2478 animositati-

2034 2504 2148 2561 bus
2179 2503 2568 2562 dissidebant.
2602 2505 2754 2562 Erho
2786 2506 2941 2562 idem
2976 2508 3329 2565 Lantbertus
3373 2514 3695 2582 postquam

2034 2593 2265 2651 animos
2295 2594 2554 2667 episcopi
2588 2596 2662 2651 ad
2694 2594 2801 2651 hoc
2843 2595 3156 2653 inclinatos
3209 2599 3520 2670 persensit,
3557 2600 3698 2656 Ber-

2036 2699 2212 2742 nacro
2243 2683 2492 2743 celerius
2525 2683 2722 2754 refert,
2756 2689 2821 2741 ut
2849 2685 2992 2740 viris
3023 2691 3313 2758 quantum
3343 2692 3536 2759 potest
3557 2705 3697 2760 per-

2033 2771 2303 2842 suadeat,
2333 2788 2447 2845 quo
2480 2788 2615 2828 mox
2643 2788 2840 2829 coram
2867 2774 3187 2843 venientes,
3221 2792 3396 2848 quem
3444 2776 3557 2831 sibi
3591 2776 3687 2832 lo-

2032 2875 2168 2918 cum
2201 2860 2455 2935 deligere
2487 2859 2718 2932 malint,
2751 2862 2971 2918 fuerint
2998 2864 3707 2934 percunctati,omnibus.

2032 2950 2447 3022 praetermissis
2478 2950 2747 3007 Gorziam
2780 2949 3103 3023 postulent.

2101 3039 2193 3094 37.
2225 3039 2376 3095 Dum
2427 3038 2535 3095 hec
2583 3038 2971 3097 clandestinis
3018 3040 3173 3095 inter
3220 3041 3328 3096 hos
3381 3042 3693 3115 agitantur

2029 3126 2317 3194 consiliis,
2348 3127 2616 3183 omnium
2644 3127 2853 3184 horum
2888 3128 3079 3184 adhuc
3110 3128 3229 3184 illis
3258 3130 3485 3202 ignaris
3521 3137 3581 3187 et
3609 3132 3687 3187 de

2029 3214 2497 3286 peregrinatione
2530 3217 2882 3273 maturanda
2910 3218 3325 3285 tractantibus,
3357 3218 3508 3274 alius
3535 3220 3683 3277 item

2028 3302 2313 3374 ipsorum,
2329 3303 2422 3358 cui
2455 3321 2669 3361 nomen
2693 3305 3250 3377 Handinco,absque
3272 3305 3513 3363 licentia
3534 3307 3689 3379 epis-

2026 3389 2177 3462 copi,
2211 3390 2321 3446 sub
2350 3407 2465 3462 quo
2498 3393 2650 3464 stipe
2682 3395 2963 3450 canonica
2993 3393 3259 3449 alebatur
3288 3399 3347 3449 et
3380 3394 3558 3451 titulo
3589 3414 3687 3453 su-

271 3466 372 3544 sim
397 3482 585 3541 sancti
612 3476 932 3537 Salvatoris
966 3480 1101 3548 post
1134 3476 1418 3531 domuum
1449 3475 1916 3532 Warimbertum
1952 3466 1995 3533 C
2024 3494 2129 3550 pra
2159 3483 2480 3536 memorato
2512 3481 2973 3551 deserviebat,se
3002 3481 3090 3538 vel
3115 3482 3332 3554 quibus
3355 3484 3687 3554 deputatus

271 3576 423 3650 stipe
440 3571 663 3629 domini
681 3567 947 3640 ejusdem
960 3564 1216 3622 ecclesias
1234 3564 1432 3638 magni
1446 3568 1503 3620 et
1520 3564 1921 3621 memorabilis

269 3666 375 3725 viri
393 3659 692 3721 Lantberti
706 3654 1254 3724 deserviret,eodem
1269 3654 1506 3710 domino
1519 3671 1625 3709 suo
1639 3655 1920 3712 secretius

271 3756 507 3812 evocato
539 3765 661 3808 rem
694 3762 930 3806 omnem
947 3744 1150 3800 ordine
1171 3744 1377 3816 aperit,
1395 3744 1739 3815 meritisque
1750 3761 1920 3801 sanc-

271 3842 464 3900 titatis
494 3837 695 3898 domni
726 3832 956 3893 Einoldi
987 3837 1161 3906 atque
1192 3832 1372 3905 hujus
1402 3832 1690 3891 Johannis
1707 3837 1920 3891 cetero-

273 3945 524 4002 rumque
551 3926 652 4001 qui
683 3940 818 3984 cum
849 3923 935 3981 eis
951 3927 1119 3980 erant
1149 3928 1207 3980 et
1232 3923 1453 3982 fervore
1470 3926 1807 3980 sanctorum
1825 3922 1922 3979 de-

272 4019 625 4079 sideriorum
665 4014 857 4073 eidem
906 4011 1141 4084 plenius
1185 4011 1499 4081 intimatis,
1535 4015 1594 4068 et
1643 4008 1918 4083 qualiter,

272 4108 554 4183 quoniam
571 4105 631 4161 in
650 4103 744 4159 his
775 4101 1114 4175 regionibus
1132 4116 1246 4157 non
1279 4099 1364 4157 eis
1395 4104 1568 4171 aptus
1590 4104 1920 4157 occurreret

270 4197 436 4257 locus
467 4194 541 4251 ad
571 4190 944 4249 serviendum
975 4188 1245 4255 Domino,
1274 4192 1502 4245 exteras
1554 4188 1920 4245 destinarent

269 4290 466 4360 petere
496 4281 785 4357 regiones,
810 4277 869 4332 id
901 4277 975 4335 ab
1005 4293 1072 4334 eo
1104 4276 1341 4333 interim
1372 4276 1596 4349 accepit
1628 4277 1915 4349 responsi,

270 4380 338 4434 ut
368 4387 600 4448 quoque
628 4373 798 4443 pacto
828 4383 928 4424 eos
959 4365 1210 4422 retinere
1239 4368 1576 4437 temptaret,
1610 4365 1752 4423 dum
1792 4365 1918 4438 ipse

269 4462 669 4538 oportunitate
684 4454 968 4528 temporis
982 4458 1155 4527 capta
1181 4453 1454 4526 episcopo
1471 4469 1539 4512 ea
1567 4453 1914 4513 insinuaret.

270 4552 435 4621 Quod
464 4548 714 4609 Domino
745 4543 995 4602 faciente
1024 4542 1207 4599 cicius
1239 4559 1308 4600 ex
1329 4546 1463 4599 voto
1493 4543 1758 4613 cadente,
1783 4559 1920 4615 que-

270 4657 384 4716 que
400 4640 513 4698 sibi
546 4653 724 4710 super
736 4634 879 4692 viris
904 4632 1128 4691 eisdem
1145 4636 1313 4689 erant
1341 4631 1920 4703 comperta,pleniter

268 4727 777 4803 explicat,addens
805 4723 878 4780 ad
910 4722 1019 4780 hoc
1049 4737 1284 4779 summo
1315 4721 1519 4793 utique
1538 4721 1751 4793 probro
1766 4720 1918 4777 hanc

270 4816 564 4876 maculam
595 4815 680 4873 eis
701 4811 978 4872 omnibus
1009 4814 1143 4883 post
1173 4808 1838 4880 seculisinurendam,si
1857 4809 1918 4866 hi

269 4904 475 4966 famuli
505 4902 724 4960 Christi
755 4905 922 4959 tanta
950 4898 1149 4971 spacia
1180 4899 1308 4971 ejus
1337 4897 1771 4972 episcopii,Deo
1790 4915 1920 4971 pro-

269 4992 422 5065 picio
443 4990 609 5047 sicin
632 4990 993 5046 immensum
1017 4985 1267 5055 dilatati,
1284 4986 1366 5043 ita
1395 4986 1509 5042 sibi
1532 4991 1919 5043 causarentur

269 5069 648 5152 praeclusa,ut
678 5076 818 5148 quia
846 5091 1142 5147 nusquam
1171 5075 1661 5147 exciperentur,in
1683 5075 1915 5148 longin-

270 5184 388 5240 qua
417 5166 668 5239 quodam
700 5164 811 5221 sub
841 5162 986 5220 coelo
1016 5163 1314 5235 incognito
1343 5168 1743 5235 properarent,
1763 5164 1914 5220 frus-

270 5261 477 5328 traque
507 5258 595 5310 tot
626 5252 875 5310 dicionis
904 5251 1091 5323 ipsius
1113 5267 1242 5308 esse
1271 5252 1648 5321 monasteria,
1668 5253 1716 5308 si
1742 5254 1916 5310 modo

271 5345 343 5400 ab
376 5343 467 5397 his
498 5347 620 5398 tam
650 5340 842 5397 brevis
874 5338 1104 5394 numeri
1127 5339 1396 5395 homines
1426 5339 1806 5410 pellerentur.

340 5433 426 5489 30.
445 5429 767 5501 Episcopus
797 5442 933 5483 cum
964 5425 1111 5481 nihil
1142 5426 1256 5482 sibi
1288 5443 1573 5498 umquam
1603 5429 1794 5501 magis
1824 5431 1918 5487 de—

271 5520 488 5583 siderio
513 5517 695 5575 fuisse
727 5512 1147 5585 respondisset,
1178 5530 1356 5585 quam
1388 5518 1454 5570 ut
1482 5531 1662 5586 penes
1687 5534 1748 5574 se
1775 5519 1914 5575 reti-

270 5612 651 5674 nerentur,ac
682 5601 943 5660 vicissim
977 5600 1194 5671 abipse
1227 5602 1544 5658 Lantberto
1576 5602 1647 5660 de
1667 5604 1793 5671 loco
1810 5606 1913 5664 ha-

269 5695 575 5754 bitationis
606 5706 808 5750 eorum
838 5687 1300 5759 exquireret,ille
1330 5689 1596 5747 Gorziam
1628 5699 1915 5752 monaste-

2030 3570 2187 3622 esset
2218 3566 2504 3632 deserere,
2538 3567 2627 3623 vel
2659 3585 2959 3641 quoquam
2992 3574 3271 3643 perpetuo
3310 3586 3481 3642 posse
3516 3588 3688 3628 sece-
3722 3622 3731 3629 .

2028 3670 2187 3727 pere,
2221 3670 2335 3711 non
2385 3654 2530 3710 satis
2578 3655 2876 3729 integrum
2932 3660 3045 3715 sibi
3095 3659 3301 3726 videri,
3351 3660 3684 3732 suggeseit.

2029 3742 2655 3801 DomnoEinoldocum
2682 3744 2845 3800 nullo
2877 3748 3052 3802 modo
3085 3747 3677 3820 improbante,immo

2029 3833 2370 3890 canonicam
2403 3832 2487 3888 sic
2517 3849 2578 3890 se
2601 3832 2815 3889 habere
2847 3831 3113 3907 regulam
3143 3837 3545 3903 asserente,ad
3568 3836 3687 3896 hoe

2028 3927 2086 3979 et
2114 3922 2326 3979 ceteris
2357 3926 2423 3979 ut
2452 3922 2616 3979 ocius
2645 3922 2810 3979 fleret
2855 3922 2915 3977 in
2966 3939 3283 3983 commune
3330 3924 3682 3995 ferentibus,

2029 4011 2315 4069 Bernacro
2356 4011 2653 4069 mediante
2703 4026 2806 4083 per
2853 4012 3047 4067 virum
3097 4011 3499 4072 clarissimum
3550 4031 3683 4073 οω-

2028 4100 2313 4172 niumque
2362 4100 2517 4173 apud
2574 4100 2919 4173 episcopum
2970 4100 3354 4160 consiliorum
3397 4102 3683 4161 intimum

2029 4189 2414 4246 Lantbertum
2431 4189 2846 4262 conspectibus
2861 4189 3117 4262 episcopi
3149 4190 3613 4263 praesentaturJJ
3622 4192 3682 4248 bi

2026 4293 2184 4348 cum,
2216 4277 2409 4349 gratia
2436 4275 2677 4333 habitus
2706 4276 3046 4350 postulandi
3078 4278 3219 4350 quid
3251 4278 3496 4351 reliquis
3527 4296 3682 4352 quo-

2027 4382 2141 4439 que
2167 4369 2322 4421 esset
2352 4365 2412 4420 in
2442 4371 2680 4434 voto,ex
2706 4366 2834 4437 ejus
2865 4366 3200 4423 narratione
3230 4365 3428 4440 palam
3458 4365 3683 4440 percla-

2027 4454 2263 4521 ruisset,
2296 4468 2503 4509 omnes
2533 4453 2634 4526 qui
2665 4454 2813 4510 forte
2843 4453 3233 4511 constiterant
3263 4455 3682 4511 ammiratione

2024 4543 2242 4616 gaudio
2271 4542 2635 4610 intermixta,
2671 4557 2743 4597 ne
2773 4541 2922 4598 tales
2954 4559 3021 4599 ac
3051 4542 3201 4599 tanti
3248 4542 3523 4599 desiderii
3573 4559 3679 4598 us-

2027 4648 2209 4704 quam
2235 4630 2994 4704 dimitterentur,dignaque
3019 4632 3105 4689 eis
3136 4631 3538 4705 provideretur
3566 4648 3679 4703 po-

2027 4720 2157 4777 cius
2184 4719 2494 4788 hahitatio,
2526 4719 2767 4776 vocibus
2797 4720 3047 4778 orabant
3076 4724 3136 4778 et
3164 4720 3457 4792 precibus.

1948 4834 1996 4900 D
2097 4810 2187 4864 38.
2220 4808 2351 4864 Mox
2378 4808 2656 4865 omnibus
2685 4823 2881 4865 coram
2915 4808 3119 4900 accitis
3151 4824 3331 4900 seque
3379 4808 3554 4900 digne
3597 4827 3678 4900 Aac

2026 4901 2355 4955 reverenter
2383 4897 2659 4968 exceptis,
2679 4902 2813 4968 post
2845 4897 3050 4955 audita
3064 4913 3130 4955 ac
3160 4896 3389 4954 reddita
3411 4898 3678 4956 vicissim

2026 4985 2318 5058 colloquia
2348 4985 2448 5041 ubi
2480 4986 3002 5058 episcopus,quam
3034 4986 3252 5058 promti
3284 4985 3344 5042 in
3373 5001 3473 5043 eos
3487 4986 3677 5044 animi

2025 5079 2200 5143 esset,
2217 5074 2504 5146 exposuit,
2521 5072 2715 5130 locum
2746 5074 2860 5129 sibi
2890 5075 2963 5130 ad
2986 5078 3185 5131 votum
3217 5090 3590 5148 quocumque
3614 5075 3677 5133 in

2026 5180 2133 5220 suo
2167 5162 2461 5235 episcopio
2491 5162 2721 5235 cepiam
2751 5162 2837 5219 eis
2877 5163 2980 5219 dat
3021 5162 3297 5236 eligendi.
3347 5161 3437 5219 Illi
3481 5165 3679 5236 spatio

2026 5252 2185 5309 brevi
2219 5252 2372 5308 inter
2397 5267 2458 5307 se
2489 5250 2825 5307 conferendi
2857 5250 3040 5323 petito
3071 5255 3130 5308 et
3157 5256 3417 5323 accepto,
3452 5251 3676 5309 Berna-

2026 5359 2142 5410 cer,
2178 5345 2242 5397 ut
2273 5339 2426 5396 clam
2454 5339 2661 5396 doctus
2693 5343 2839 5408 erat,
2854 5339 3124 5395 Gorziam
3157 5338 3677 5397 nominat.Ceteris

2026 5431 2247 5486 incerto
2279 5428 2648 5498 nutantibus,
2674 5444 2739 5486 eo
2769 5427 3347 5501 quod‘peregrinatio
3367 5428 3454 5483 eis
3486 5427 3678 5489 multo

2026 5518 2259 5576 dulcius
2290 5516 2707 5590 complaceret,
2735 5515 3055 5586 Johannes,
3088 5532 3205 5589 quo
3236 5516 3459 5590 majore
3502 5533 3678 5577 nemo

2026 5609 2231 5665 ardore
2262 5605 2418 5663 exilii
2450 5606 2744 5677 estuabat,
2777 5609 2910 5663 astu
2964 5606 3241 5677 quodam,
3275 5609 3586 5679 tamquam
3618 5608 3678 5665 id

2024 5696 2265 5752 omnino
2296 5698 2452 5751 esset
2482 5693 2926 5766 impossibilezu
2957 5694 3216 5767 Optime,
3246 5693 3681 5767 inquid,neque

1618 5814 1861 5878 νΑΒυΕ
1900 5819 2319 5880 LECTIONES.

342 5891 454 5927 “‘3'
486 5890 766 5949 submota
794 5903 841 5944 ε.
