3868 6486
327 584 444 645 263

1194 588 1520 649 JOANNIS
1569 584 1900 647 ABBATIS
1947 585 2012 643 S.
2059 581 2407 645 ARNULFI
2456 578 2869 647 METENSIS.

3638 592 3735 651 264

410 717 731 790 ritimisque
762 719 1061 790 suffragiis
1092 718 1151 772 in
1184 735 1361 773 sacrae
1392 718 1673 774 Metensis
1696 715 1982 771 cathedris
2008 714 2066 781 Α
2096 722 2214 771 tem
2247 717 2698 775 occidentalium
2727 720 2985 791 partium
3010 721 3352 790 Ludowico,
3376 722 3499 779 filio
3534 724 3734 789 Karoli,

358 807 698 864 ontificium
730 807 980 862 Domino
1009 811 1386 878 promovente
1419 804 1772 861 sustollitur.

378 895 468 950 41.
518 896 702 966 Cujus
734 893 1009 967 deinceps
1042 898 1210 950 actus
1244 894 1314 950 de
1345 893 1438 950 die
1470 890 1528 948 in
1562 892 1717 949 diem
1753 891 1980 948 felicius

310 983 699 1054 procedentes
732 989 798 1039 ut
828 984 1059 1041 Christo
1091 985 1237 1040 duce
1279 981 1696 1052 suocreverint,
1729 983 1787 1038 et
1818 984 1885 1037 ut
1914 981 1976 1037 in

307 1074 746 1130 menasterium
790 1074 1084 1145 praecipue
1130 1072 1495 1145 reparatione
1527 1073 1675 1143 (875)
1710 1072 1975 1127 studium

306 1179 422 1233 prae
445 1164 680 1219 cunctis
701 1162 1117 1230 transfuderit,
1136 1179 1506 1235 nequaquam
1530 1162 1683 1219 brevi
1708 1177 1977 1219 sermone

304 1253 521 1325 stringi
541 1253 857 1325 quisquam
877 1269 952 1324 qu
967 1252 1385 1324 esierit,neque
1403 1251 1547 1307 mihi
1569 1251 1704 1320 id,si
1724 1252 1972 1335 sapiam,

298 1358 575 1414 arrogare
607 1343 1191 1415 prmsumpserimEt
1210 1346 1366 1397 certe
1386 1357 1480 1396 res
1504 1340 1633 1412 ipsa
1652 1341 1735 1395 ita
1756 1358 1818 1395 se
1839 1354 1977 1395 cun-

299 1436 533 1491 etorum
568 1432 794 1507 ingerit
830 1433 1040 1502 oculis,
1074 1436 1140 1488 ut
1168 1431 1448 1504 quicquid
1498 1430 1722 1488 dictum
1774 1429 1968 1508 fuerit,

318 1522 519 1580 minus
540 1523 826 1589 videatur,
850 1524 909 1578 ct
936 1520 1257 1579 multitudo
1280 1521 1567 1577 factorum
1598 1532 1970 1593 nequaquam

310 1613 606 1686 exaequari
636 1612 826 1669 valeat
855 1611 1135 1669 facultate
1162 1611 1493 1667 verborum.
1531 1607 1850 1666 Ecclesiam
1889 1608 1968 1664 si-

321 1700 585 1772 quidem,
617 1715 794 1773 quam
818 1699 1190 1772 superiorum
1222 1700 1553 1770 temporum
1584 1696 1969 1770 perturbatio.

300 1803 376 1844 ne
408 1789 480 1845 ab
509 1790 679 1844 omni
715 1805 880 1859 paene
902 1788 1236 1844 studiorum
1269 1787 1560 1844 bonorum
1592 1785 1811 1842 fervore
1844 1790 1966 1842 tam

307 1875 367 1930 in
391 1878 606 1933 divinis
630 1892 807 1949 quam
826 1881 885 1933 et
904 1876 1181 1933 humanis
1205 1876 1481 1932 detritam
1503 1879 1861 1948 susceperat,
1882 1876 1965 1932 ita

303 1983 507 2024 secum
539 1966 791 2022 Domino
822 1971 1101 2038 operante
1122 1982 1190 2021 ex
1223 1964 1490 2033 nullo,ut
1515 1964 1597 2021 ita
1621 1964 1961 2032 dixerim,in

2092 807 2190 876 qui
2226 805 2377 862 bello
2409 808 2563 879 apud
2592 809 2945 864 Suesionum
2968 810 3266 867 civitatem
3297 818 3440 869 nota
3466 813 3631 870 fama
3646 828 3734 868 nec

2089 894 2282 951 victus
2314 910 2419 951 nec
2461 896 2665 964 victor,
2700 894 2760 952 in
2804 899 3135 955 custodiam
3168 899 3239 955 ad
3274 902 3531 957 mortem
3566 915 3734 974 usque

2090 982 2366 1040 detrusus
2382 985 2572 1041 est.Ut
2589 988 2787 1041 autem
2801 1001 2899 1042 eos
2917 987 3136 1058 pariter
3151 989 3418 1060 superior
3436 989 3736 1063 descripsit

2089 1079 2430 1139 conventus,
2467 1076 2551 1130 ita
2585 1092 2789 1129 einnes
2834 1091 3009 1131 sacrae
3045 1075 3277 1133 miliciae
3308 1081 3730 1143 successerunt,

2089 1160 2145 1213 id
2178 1167 2267 1217 est
2292 1164 2399 1233 ipsi
2428 1164 2596 1234 primi
2624 1170 2682 1217 et
2710 1164 2841 1218 novi
2866 1163 3045 1220 duces
3065 1166 3355 1221 exercitus
3386 1168 3735 1239 prmstantis-

2087 1251 2354 1323 simaque
2386 1253 2514 1323 ejus
2541 1252 2723 1307 seculi
2756 1252 3002 1319 lumina,
3026 1254 3309 1311 Einoldus
3330 1262 3509 1328 atque
3530 1255 3732 1312 Johan-

2086 1331 2211 1407 ne's,
2238 1340 2448 1396 deinde
2471 1340 2714 1397 Salecho
2745 1357 2815 1396 ex
2842 1341 3073 1401 clericis
3101 1344 3289 1400 sancti
3321 1344 3563 1401 Martini
3596 1345 3732 1400 citra

2086 1428 2410 1496 Mosellam,
2429 1430 2767 1485 Raudincus
2783 1431 3072 1502 presbiter
3086 1432 3245 1488 tituli
3264 1434 3451 1489 sancti
3470 1433 3730 1507 Simpho-

2084 1519 2253 1586 riani,
2284 1518 2567 1576 Bernacer
2597 1518 2878 1576 diaconus
2900 1519 2971 1575 de
2993 1534 3108 1592 quo
3129 1537 3309 1595 supra
3338 1527 3729 1579 memoratum

2081 1612 2190 1673 est,
2217 1624 2469 1679 cumque
2500 1607 2593 1663 his
2625 1607 3049 1665 adulescentuli
3072 1608 3210 1680 duo,
3232 1610 3603 1667 Teuthincus
3634 1613 3730 1667 mi-

2080 1696 2267 1752 nister
2287 1696 2487 1752 domui
2511 1696 2760 1765 Einoldi,
2785 1701 2843 1752 et
2864 1698 3212 1766 Teutherus,
3234 1699 3334 1772 qui
3368 1700 3564 1758 adhuc
3586 1701 3729 1758 bone

2076 1786 2537 1842 conversationis
2568 1791 2854 1857 superest,
2880 1803 3015 1843 cum
3049 1787 3350 1846 Randinco
3380 1789 3726 1862 presbitero,

2074 1874 2248 1945 cujus
2281 1879 2405 1930 erat
2426 1891 2627 1946 nepos,
2652 1875 2970 1933 admissus.
2997 1876 3060 1934 In
3086 1877 3351 1934 vestibus
3380 1877 3726 1935 clericorum

2072 1962 2417 2036 aliquandiu
2475 1964 2862 2031 incesserunt,
2897 1965 3080 2021 donec
3127 1967 3400 2039 episcopo
3450 1966 3597 2024 illuc
3634 1982 3725 2023 vc-

300 2072 609 2112 summum
654 2060 892 2126 repente
933 2059 1157 2111 statum
1188 2056 1469 2127 provexit,
1494 2060 1562 2110 ut
1591 2071 1958 2127 quacumque
1987 2083 2035 2153 Β
2074 2053 2290 2122 niente,
2325 2059 2383 2109 et
2413 2068 2573 2108 more
2618 2054 2944 2109 monastieo
2976 2053 3255 2113 electione
3288 2056 3359 2112 de
3390 2057 3504 2112 sibi
3536 2057 3723 2128 prazfi~

295 2145 514 2201 diocesi
549 2162 668 2200 sum
702 2146 989 2201 suberant
1014 2146 1391 2214 monasteria,
1428 2143 1601 2218 longo
1620 2147 1746 2217 jam
1778 2149 1835 2200 et
1864 2162 1955 2200 ve~

296 2235 404 2289 teri
438 2234 642 2290 morbo
674 2234 747 2289 ab
783 2251 955 2306 opere
997 2234 1370 2289 rectitudinis
1408 2232 1687 2305 languida
1716 2239 1773 2287 et
1806 2249 1952 2304 pene

294 2322 623 2394 desperata,
660 2322 1034 2396 regularibus
1063 2321 1392 2394 disciplinis
1424 2322 1765 2389 reddiderit,
1794 2321 1950 2376 vims

291 2412 415 2466 vita
444 2416 502 2467 et
536 2412 805 2467 doctrina
842 2412 1116 2483 probatos
1149 2410 1399 2483 singulis
1432 2410 1765 2483 quibusque
1806 2410 1949 2465 locis

292 2501 639 2572 praeﬁciens,
683 2501 783 2573 qui
831 2501 1052 2556 mundo
1097 2500 1347 2572 perfecte
1398 2500 1688 2568 abdicato,
1739 2500 1947 2556 ceteris

292 2591 647 2646 documento
668 2595 727 2645 et
751 2590 1066 2661 disciplina
1095 2593 1461 2662 proficerent.
1479 2588 1833 2645 Clericorum
1861 2590 1947 2661 ipa

290 2697 492 2736 serum
525 2678 937 2747 conciliabula,
959 2696 1025 2735 eo
1067 2680 1223 2751 quod
1264 2680 1512 2735 divisam
1557 2698 1693 2736 cum
1735 2677 1947 2736 smeulo

288 2768 792 2824 conversationem
817 2784 933 2823 non
954 2768 1099 2823 satis
1116 2767 1421 2839 probabat,
1437 2767 1498 2823 in
1522 2768 1945 2825 monachorum

288 2857 566 2913 instituta
578 2856 1409 2913 mutavit.Sanctimonialium
1423 2856 1556 2913 habi
1566 2856 1863 2929 tacula,qu
1871 2856 1943 2912 od

287 2962 380 3014 ea,
412 2947 523 3002 etsi
555 2964 671 3002 non
713 2963 793 3014 re,
823 2947 981 3001 fama
1021 2951 1218 3003 tamen
1249 2946 1550 3002 obscurari
1583 2963 1762 3019 quam
1793 2961 1945 3017 aegre

287 3034 532 3102 ferebat,
557 3036 717 3091 omni
745 3035 998 3091 sinistra:
1022 3035 1373 3108 suspitionis
1402 3052 1602 3091 morsu
1624 3034 1859 3107 eripuit,
1884 3040 1943 3091 et

285 3124 361 3178 ad
395 3124 551 3178 idem
583 3141 698 3196 quo
730 3123 1049 3180 monachos
1078 3124 1446 3191 institutum,
1468 3129 1527 3179 et
1556 3122 1802 3179 innullo
1829 3123 1942 3177 dis-

284 3229 457 3283 pares
478 3212 931 3282 obscrvationes,
956 3229 1061 3284 pro
1088 3229 1264 3270 sexus
1287 3211 1506 3268 virtute
1522 3211 1799 3267 coercuit.
1824 3210 1938 3265 Nec

274 3303 408 3372 jam
444 3302 874 3373 antiquioribus
896 3306 955 3357 ct
981 3300 1471 3358 eminentioribus
1501 3304 1812 3355 contentus
1853 3297 1936 3352 lo-

284 3390 393 3457 cis,
421 3389 579 3463 ipsas
601 3408 832 3464 quoque
865 3388 1106 3447 cellulas
1136 3389 1370 3462 longius
1402 3388 1519 3443 ritu
1541 3405 1684 3460 vago
1707 3387 1937 3458 disper-

2067 2142 2273 2196 ciendo
2296 2147 2457 2213 patre
2482 2143 2664 2214 petita
2685 2147 2743 2198 et
2765 2149 3018 2215 accepta,
3034 2161 3168 2201 cum
3192 2145 3571 2201 institutione
3596 2145 3724 2201 vitm

2065 2230 2374 2301 regularis,
2400 2231 2665 2287 habitum
2699 2248 2929 2303 quoque
2955 2233 3223 2291 monachi
3248 2239 3719 2290 commutarunt.

2131 2321 2220 2374 44.
2253 2320 2376 2375 Uno
2419 2320 2575 2375 enim
2607 2326 2739 2376 voto
2773 2327 2831 2376 et
2862 2322 2984 2392 pari
3030 2323 3325 2378 sententia
3373 2323 3600 2379 domno
3631 2323 3720 2379 Ei-

2061 2407 2233 2463 noldo
2265 2409 2336 2466 ab
2365 2410 2641 2465 omnibus
2673 2409 3014 2479 exclamato,
3038 2411 3160 2482 ipse
3188 2411 3418 2482 primus
3439 2413 3719 2467 omnium

2058 2498 2330 2569 episcopo
2349 2498 2673 2571 regularem
2693 2500 3189 2555 conversationem
3202 2516 3270 2555 ex
3289 2499 3573 2556 instituto
3596 2502 3722 2556 bea-

2058 2587 2100 2642 ti
2130 2587 2428 2644 Benedicti
2453 2587 2670 2659 scripto
2696 2589 3079 2660 professus,et
3100 2588 3254 2645 cruci
3278 2588 3594 2648 dominica:
3624 2590 3718 2644 de-

2057 2675 2613 2746 dicandus,cuculio
2635 2677 3261 2748 induitur.Sequcntes
3290 2677 3489 2732 abbati
3523 2695 3596 2734 ex
3630 2696 3716 2733 or-

2056 2766 2193 2823 dine
2216 2767 2578 2840 profitentes,
2597 2767 2655 2821 in
2680 2765 2912 2822 milicim
2935 2766 3168 2821 celestis
3186 2771 3243 2820 et
3259 2766 3613 2822 obedientiae
3633 2784 3718 2822 sa-

2054 2861 2355 2913 cramenta
2384 2856 2494 2912 sub
2545 2856 2672 2927 ipso
2724 2871 2929 2911 omnes
2963 2853 3239 2910 similiter
3270 2854 3393 2926 pari
3417 2856 3509 2889 ¹⁵⁵⁸
3538 2856 3715 2910 modo

2053 2946 2182 3017 conj
2192 2950 2384 3001 urant.
2408 2945 2492 3000 Ad
2518 2961 2608 2999 res
2630 2948 2791 2999 extra
2813 2944 3105 2999 curandas
3128 2943 3381 2999 domnus
3411 2942 3714 3000 Iohannes

2053 3034 2260 3089 doctus
2278 3039 2335 3090 et
2351 3050 2571 3106 gnarus
2587 3049 2789 3089 earum
2805 3031 3065 3103 cligitur.
3083 3032 3254 3087 Pauci
3276 3033 3375 3104 qui
3395 3049 3463 3088 ex
3477 3038 3714 3089 vetusta

2053 3123 2489 3178 conversatione
2513 3120 2591 3175 ibi
2614 3124 2960 3189 supererant
2980 3121 3355 3189 monachi,ad
3373 3121 3709 3194 exemplum

2050 3226 2331 3266 novorum
2362 3209 2545 3265 coacti
2594 3209 2650 3264 in
2703 3207 3180 3263 communionem
3215 3209 3331 3266 vite
3362 3212 3542 3266 etiam
3596 3208 3711 3283 ipsi

2051 3299 2274 3354 assensi
2303 3298 2691 3353 sunt.Census
2713 3296 2799 3352 eis
2818 3296 2907 3351 vel
2933 3297 3269 3354 substantia
3290 3300 3482 3370 primo
3503 3301 3709 3355 admo-

2052 3390 2192 3444 dum
2226 3389 2419 3443 tenuis
2452 3387 2581 3455 fuit,
2605 3404 2784 3458 quam
2825 3391 3023 3441 tamen
3066 3386 3363 3444 interioris
3395 3390 3584 3445 animi
3621 3397 3710 3447 te—

284 3497 406 3546 sas,
426 3480 482 3534 in
507 3481 722 3551 quibus
741 3481 833 3538 vix
853 3483 983 3537 octo
1003 3480 1281 3535 anticerte
1304 3477 1553 3533 minoris
1577 3477 1805 3531 numeri
1829 3476 1939 3533 cle-
1976 3447 2020 3515 C
2049 3495 2258 3533 saurus
2291 3476 2459 3533 facile
2488 3475 2853 3533 tolerabilem
2899 3475 3168 3545 faciebat,
3201 3477 3467 3550 fidesque
3495 3480 3557 3533 in
3592 3480 3708 3536 Deo

228 3582 241 3587 '
285 3569 390 3623 rici
410 3570 633 3626 rurales
652 3570 811 3627 nuda
826 3569 1135 3626 verborum
1153 3565 1474 3624 reddebant
1492 3567 1577 3600 ηδτ
1592 3567 1802 3633 officia,
1819 3584 1937 3623 mo-

288 3659 612 3719 nachorum
660 3659 879 3716 habitu.
923 3661 997 3715 et
1038 3655 1547 3723 observationibus
1606 3655 1932 3728 insignivit.

284 3749 474 3821 thue
506 3754 772 3821 tempore.
809 3761 1018 3817 resque
1049 3743 1333 3812 tulerunt,
1368 3748 1554 3799 terras
1594 3746 1936 3817 sumptibus

282 3856 487 3895 eorum
521 3837 883 3895 necessarias
911 3838 970 3889 et
1000 3849 1126 3907 quae
1156 3831 1419 3888 locorum
1452 3838 1620 3890 erant
1650 3834 1932 3905 restituit,

283 3932 342 3985 et
372 3924 882 4001 propriis-ensibus
922 3920 1259 3979 subtractus
1302 3922 1535 3995 egregia
1581 3920 1933 3980 liberalitate

284 4015 502 4089 additis
532 4006 915 4070 mentis
931 4010 1309 4068 contradidit.

356 4086 444 4159 42.
463 4086 956 4179 Ξβύξςιιάὴζιᾳυαω
977 4097 1242 4155 omnium
1260 4099 1410 4157 miro
1428 4099 1623 4158 studio
1641 4116 1775 4157 cum
1793 4117 1933 4157 cura

283 4178 560 4260 tenuerit,
587 4186 794 4247 Gorzia
824 4192 1043 4258 tamen,
1077 4191 1143 4245 ut
1189 4188 1327 4258 dixi,
1352 4189 1524 4246 unico
1556 4189 1668 4245 sibi
1702 4206 1934 4262 semper

284 4280 397 4338 fuit
426 4277 633 4347 amori,
657 4293 760 4349 pro
782 4293 848 4333 eo
871 4275 1026 4349 quod
1058 4280 1114 4332 et
1142 4276 1497 4349 principium
1520 4294 1761 4350 operum
1802 4281 1933 4351 ejus

283 4367 572 4437 extiterat,
596 4370 654 4423 et
684 4365 969 4422 sanctitas
988 4365 1400 4436 prmdictbrum
1420 4366 1678 4422 virorum
1703 4367 1931 4423 Einoldi

284 4462 461 4528 atque
490 4455 778 4515 Johannis
826 4470 962 4511 eum
1011 4455 1297 4527 praecipue
1329 4454 1679 4524 oblectabat,
1716 4456 1931 4528 quibus

283 4545 484 4616 etiam,
509 4562 624 4618 pra;
645 4543 989 4601 excellentia
1007 4544 1264 4613 virtutis,
1289 4544 1425 4599 fidei
1448 4549 1505 4601 et
1526 4546 1847 4617 sapientiai,
1872 4547 1931 4601 in

283 4634 560 4692 omnibus
583 4635 700 4691 fere
722 4632 994 4705 deinceps
1017 4632 1229 4689 divinis
1251 4647 1355 4688 seu
1378 4632 1655 4690 humanis
1677 4639 1767 4690 est
1787 4651 1931 4690 usus

284 4722 566 4783 consiliis.
618 4723 733 4781 Nec
793 4723 974 4781 ferme
1023 4720 1359 4795 aliquando,
1393 4722 1673 4795 quicquid
1728 4739 1931 4779 eorum

2046 3566 2239 3640 plena,
2270 3583 2396 3639 qua:
2431 3566 2619 3620 nescit
2649 3565 2965 3629 defectum,
3002 3564 3306 3638 religiosos
3339 3584 3613 3640 quosque
3644 3586 3710 3624 ex

2044 3655 2187 3711 locis
2212 3655 2456 3711 diversis
2488 3655 2546 3709 in
2571 3672 2700 3710 eam
2724 3659 2863 3711 tunc
2898 3655 3157 3726 primum
3182 3657 3479 3712 nascentis
3501 3659 3707 3730 gratiae

2042 3750 2413 3801 venustatem
2447 3744 2687 3813 excitos,
2722 3743 3197 3816 quibuscumque
3240 3746 3598 3802 necessariis
3623 3749 3709 3782 “5’

2045 3834 2454 3908 impendendis
2488 3834 2692 3888 ardore
2714 3833 2983 3888 certatim
3013 3831 3195 3889 altero
3218 3832 3383 3889 alteri
3417 3834 3710 3893 inruenti-

2043 3925 2155 3979 bus
2187 3922 2545 3996 impellebat.

2114 4015 2202 4069 45.
2223 4012 2305 4069 Ad
2332 4012 2437 4067 hoc
2465 4012 2588 4085 ipse
2618 4011 2916 4067 Johanncs
2939 4026 3323 4084 quaecumque
3354 4012 3415 4066 in
3447 4012 3702 4071 faculta-

2044 4103 2202 4160 tibus
2233 4102 2460 4174 pridem
2505 4105 2868 4172 supererant,
2900 4104 3205 4173 tamquam
3257 4100 3429 4157 fldele
3458 4100 3702 4160 Christo

2042 4191 2424 4264 mancipium,
2452 4190 2633 4247 immo
2664 4189 2919 4261 probans
2940 4189 3001 4244 in
3024 4189 3274 4259 modico,
3300 4207 3478 4263 quam
3501 4191 3701 4248 ﬁdelis

2042 4283 2102 4338 in
2134 4279 2342 4354 majori
2374 4284 2529 4336 esset
2560 4279 2813 4346 futurus,
2849 4277 2987 4334 illuc
3028 4283 3240 4335 cuneta
3269 4280 3583 4352 contraxit,
3619 4283 3704 4338 ita

2042 4376 2107 4429 ut
2139 4388 2210 4426 ne
2242 4369 2585 4442 prepinquis
2625 4366 2941 4439 aliquibus,
2974 4366 3065 4423 vel
3097 4368 3242 4440 ipsis
3290 4368 3470 4426 etiam
3522 4387 3705 4427 carne

2042 4460 2359 4533 germanis,
2385 4460 2699 4531 quicquam
2723 4474 2791 4513 ex
2815 4456 3288 4530 quibuscumque
3308 4460 3701 4530 possessioni-

2045 4551 2153 4605 bus
2180 4547 2550 4619 relinqueret,
2568 4546 2709 4618 quin
2730 4545 2927 4618 potius
2951 4545 3022 4602 ad
3044 4546 3350 4602 cumulum
3372 4545 3704 4620 gloriarum

2043 4637 2349 4694 celestium
2382 4636 2561 4708 ipsos,
2597 4634 2694 4708 qui
2741 4638 2975 4691 tantum
3008 4633 3123 4691 duo
3154 4634 3389 4692 fuerant
3419 4636 3533 4691 sibi
3569 4654 3704 4710 ger-

2043 4726 2224 4796 mani,
2260 4725 2333 4781 ad
2371 4723 2634 4780 divinum
2675 4727 2808 4795 post
2850 4722 3149 4780 modicum
3179 4723 3463 4795 temporis
3492 4741 3706 4787 secum

284 4810 677 4884 promulgavit
724 4810 1034 4882 Sententia,
1060 4810 1278 4868 frustra
1328 4815 1682 4883 temptatum
1723 4816 1833 4881 est,
1870 4817 1934 4869 ut
1964 4817 2012 4882 D
2042 4815 2278 4887 subegit
2310 4813 2635 4869 servitium.
2675 4812 2903 4883 Resque
2933 4827 3139 4870 omnes
3165 4814 3289 4868 tam
3326 4811 3387 4875 in
3419 4811 3707 4870 domibus

285 4904 507 4969 contra,
541 4900 590 4957 si
623 4916 737 4973 quo
768 4904 929 4956 extra
959 4914 1283 4973 egressum,
1316 4916 1449 4957 sero
1477 4902 1748 4973 penituit.

356 4990 444 5045 43.
470 4988 722 5062 Ingressi
745 4992 886 5045 sunt
915 4994 1112 5046 autem
1145 4989 1300 5044 idem
1334 4991 1757 5048 monasterium
1781 5008 1933 5047 anno

286 5076 705 5135 incarnationis
728 5076 1031 5134 dominicae
1051 5077 1485 5146 933,0btinente
1503 5084 1731 5151 partem
1756 5081 1933 5137 Fran-

285 5167 386 5222 ciae
420 5166 583 5239 regni
605 5166 900 5236 quondam
934 5166 1190 5221 Lotharii
1219 5166 1485 5223 Heinrico
1507 5168 1932 5226 Germanorum

286 5272 441 5329 rege,
475 5271 588 5326 quo
619 5253 1084 5327 gloriosissimus
1108 5255 1240 5311 Otto
1271 5256 1465 5321 Cesar,
1490 5259 1756 5314 omnium
1779 5264 1931 5316 retro
1955 5324 1959 5333 λ

286 5345 576 5416 praeconia
608 5359 892 5413 superans
915 5348 971 5399 et
992 5343 1263 5399 universo
1294 5345 1418 5401 orbi
1448 5363 1561 5401 non
1597 5348 1794 5404 minus
1816 5348 1935 5421 glo-

286 5433 383 5487 riae
417 5449 593 5505 quam
624 5431 837 5486 fructui
874 5436 1067 5498 natus,
1093 5436 1326 5487 exortus
1357 5439 1475 5501 est;
1512 5436 1814 5493 Franciam
1837 5456 1934 5495 au-

2042 4921 2220 4977 quam
2240 4904 2299 4959 in
2317 4902 2473 4977 agris
2491 4917 2626 4957 cum
2637 4900 2939 4957 vinearum
2963 4899 3359 4972 pulcherrima
3373 4901 3707 4959 admodum

2043 4993 2228 5064 copia,
2249 5005 2632 5065 quaecumque
2664 4988 2932 5061 partibus
2955 4992 3121 5045 erant
3140 4992 3401 5058 venture,
3426 4990 3485 5044 in
3506 5007 3708 5048 unum

2044 5084 2329 5150 redactas,
2345 5081 2553 5138 usibus
2575 5077 2989 5136 communibus
3012 5078 3354 5136 monasterii
3377 5077 3705 5153 delegavit;

2044 5169 2382 5225 condicione
2413 5172 2610 5223 tamen
2642 5181 2708 5223 ea
2739 5165 3056 5239 proposita,
3091 5170 3158 5224 ut
3198 5166 3340 5224 dum
3372 5166 3497 5239 ipse
3530 5168 3701 5225 advi-

2041 5264 2199 5315 veret
2232 5259 2289 5312 in
2311 5259 2415 5330 jus
2448 5255 2785 5313 monasterii
2817 5259 3063 5325 retenta,
3099 5270 3164 5313 eo
3213 5256 3530 5314 decedente
3581 5274 3705 5313 non

2042 5348 2211 5405 aliter
2242 5348 2314 5403 ab
2357 5346 2693 5417 heredibus,
2727 5344 2775 5399 si
2809 5345 2908 5418 qui
2941 5344 3090 5403 forte
3136 5344 3523 5421 proximiores
3555 5350 3707 5403 tunc

2041 5442 2259 5507 essent,
2295 5439 2717 5508 repeterentur,
2744 5435 2858 5490 nisi
2891 5433 3055 5505 prius
3088 5434 3146 5488 in
3174 5433 3344 5489 libris
3376 5436 3607 5507 argenti
3632 5436 3709 5492 30

1637 5560 1878 5620 VARIzE
1916 5565 2334 5625 LEGTIONES.

358 5657 446 5691 ¹⁶⁵⁷
480 5655 758 5712 reddebat
789 5669 838 5708 c.
919 5653 1005 5688 1559
1037 5653 1186 5723 patri
1218 5670 1359 5709 corr.
1392 5656 1519 5726 pari
1549 5672 1596 5710 c.

1677 5660 1766 5697 ¹⁵⁶⁹
1796 5665 2161 5724 necessarius
2191 5680 2237 5718 c.

1872 5778 2105 5837 ΝΟΤιΕ.

1872 5780 2105 5837 NOTAE.
2647 5798 2651 5805 ‘

361 5870 509 5948 (375)
539 5869 624 5926 Cf.
657 5868 891 5925 chartas
919 5884 952 5925 a
978 5866 1224 5924 calmeto
1257 5869 1314 5927 in
1345 5870 1582 5932 Preuves
1609 5870 1675 5934 de
1706 5874 1981 5940 l’Hz‘stoire
2008 5878 2073 5941 de
2100 5877 2365 5937 Lorraine
2392 5875 2685 5948 collectas,
2721 5890 2777 5951 p.
2809 5874 2914 5935 338
2934 5889 3064 5950 sqq.

3804 149 3830 385 i
