3868 6470
202 509 331 566 265

1097 511 1199 570 DE
1244 509 1426 571 VI'I‘A
1472 508 1802 570 JOANNIS
1849 507 2186 571 ABBATIS
2234 511 2725 574 GORZIENSIS.

3512 517 3630 576 266

201 641 569 696 monasterio
601 641 753 695 datis
796 643 1170 697 redimerent.
1207 643 1452 698 Matrem
1499 659 1728 716 quoque
1773 659 1860 696 se-
1890 644 1941 707 Α
1973 643 2208 696 animus
2231 643 2541 711 attolleret,
2571 651 2633 699 ut
2656 647 2941 718 penejam
2968 647 3076 701 sibi
3103 649 3380 718 possibile
3403 666 3529 704 esse
3554 651 3624 704 ad

195 731 400 785 cundo
434 730 556 785 viro
586 730 846 797 viduam,
880 735 1014 802 post
1058 733 1408 788 nonnullum
1457 741 1690 806 tempus
1723 751 1855 790 cum

193 817 506 891 aliquibus
535 832 605 873 ex
634 817 860 874 familia
888 821 961 874 ad
995 837 1058 876 se
1098 827 1516 888 recurrentem,
1549 823 1705 894 quod
1729 823 1857 892 jam

191 907 584 978 provectioris
631 911 788 962 esset
834 909 1045 976 aetatis,
1081 909 1140 964 in
1190 910 1343 982 stipe
1383 911 1724 966 monasterii
1769 911 1860 946 ¹⁵⁶⁰

189 1001 366 1052 extra
391 995 672 1068 suscepit.
696 995 805 1054 Ubi
837 997 1014 1052 etiam
1049 995 1248 1069 plures
1279 1014 1465 1054 annos
1495 998 1624 1070 ipsa
1654 1003 1861 1054 sancta

189 1101 352 1141 anus
382 1089 586 1157 postea
617 1084 676 1139 in
710 1085 864 1141 bona
911 1086 1372 1154 conversatione,
1408 1085 1688 1142 fratribus
1719 1102 1857 1141 con-
1895 1131 1898 1135 .

189 1174 558 1248 gregationis
592 1173 778 1246 ipsius
809 1175 1066 1230 serviens
1089 1175 1312 1248 deguit,
1335 1181 1394 1231 et
1419 1191 1666 1248 quaeque
1691 1175 1748 1230 in
1771 1191 1860 1230 ve-

191 1262 397 1319 stibus
427 1268 595 1318 erant
644 1265 994 1331 necessaria,
1030 1263 1159 1336 ipsa
1189 1281 1323 1319 cum
1356 1265 1482 1319 suis
1531 1265 1854 1336 aliquibus,

191 1368 330 1423 quae
363 1370 564 1408 secum
597 1353 656 1410 iu
705 1355 908 1408 eadem
941 1354 1092 1426 stipe
1142 1355 1480 1409 monasterii
1517 1355 1854 1421 manebant,

190 1447 441 1498 strenue
473 1444 619 1499 satis
661 1460 726 1499 ac
765 1443 1018 1498 ﬁdeliter
1047 1444 1372 1499 exercebat.
1407 1443 1608 1516 Ibique
1638 1443 1693 1497 in
1729 1443 1856 1513 ipso

191 1533 532 1589 devotionis
562 1531 844 1604 obsequio
871 1533 1028 1587 diem
1058 1533 1273 1588 clausit
1302 1537 1652 1590 extremum.

273 1623 364 1678 46.
387 1623 532 1678 Cum
565 1621 640 1678 ad
671 1621 829 1677 hunc
852 1621 937 1657 ¹⁵⁶¹
970 1637 1158 1694 usque
1177 1621 1374 1677 locum
1396 1619 1510 1676 nisi
1533 1621 1855 1678 admodum

189 1711 484 1768 debiliore
517 1715 774 1780 evectus,
797 1710 857 1765 in
889 1711 1311 1766 documentum
1341 1723 1583 1781 prorsus
1614 1708 1852 1766 hebeta~

187 1802 425 1858 tionem
442 1802 500 1856 in
507 1799 871 1874 genii,veluti
887 1799 1112 1855 viribus
1127 1798 1360 1855 cunctis
1378 1797 1600 1865 eﬂ'usis,
1614 1814 1650 1853 a
1663 1803 1854 1870 coepto

185 1891 442 1946 tandem
463 1889 663 1964 segnis
687 1892 745 1945 et
766 1891 1070 1960 tamquam
1094 1886 1281 1944 multo
1300 1903 1474 1959 opere
1495 1886 1850 1954 delassatus,

1971 733 2125 802 quod
2159 738 2316 788 tanto
2348 733 2557 804 plausu
2593 735 2988 807 instigabatur
3017 738 3404 808 promitteret,
3431 739 3488 792 iu
3534 757 3622 794 se-

1970 823 2089 874 met
2105 819 2412 891 paululum
2437 828 2569 893 post
2590 827 2787 878 tamen
2807 823 3092 895 relapsus,
3109 829 3167 880 et
3183 825 3396 880 virium
3421 825 3623 882 itidem

1970 911 2033 962 ut
2055 913 2220 964 erant
2240 910 2707 968 consideratione
2730 928 3057 980 remensus,
3083 929 3196 968 non
3224 911 3422 967 minus
3444 929 3622 985 quam

1969 1013 2003 1052 a
2033 997 2320 1070 principio
2351 999 2597 1070 proprias
2649 999 2863 1055 inercie
2893 1005 3220 1069 veternum,
3245 999 3366 1056 solo
3407 1001 3623 1058 haerere

1969 1085 2353 1157 compulerat.
2370 1087 2482 1142 Sed
2507 1091 2571 1142 ut
2598 1089 2713 1143 cito
2736 1106 2930 1144 moras
2955 1089 3350 1144 cunctationis
3374 1090 3627 1146 dirrum-

1967 1190 2126 1246 pam,
2161 1191 2296 1230 cum
2345 1175 2429 1230 ha:
2477 1181 2795 1249 utcumque
2835 1177 3216 1234 animationis
3251 1179 3337 1214 ⁸⁵6³
3377 1179 3622 1235 excitas-

1968 1267 2119 1330 sent,
2147 1269 2272 1318 tum
2297 1265 2396 1335 qui
2427 1266 2882 1322 inminutionem
2914 1284 3080 1323 amor
3101 1267 3206 1322 viri
3231 1286 3404 1339 quem
3429 1285 3623 1323 susce-

1967 1353 2166 1422 pimus
2214 1354 2401 1407 nescit
2452 1354 2796 1421 admittere,
2850 1373 2964 1426 pra}
3017 1356 3294 1410 omnibus
3341 1356 3624 1429 quicquid

1965 1440 2180 1495 virium
2242 1442 2384 1496 mihi
2448 1447 2648 1513 posset
2715 1459 3057 1514 superesse,
3110 1461 3402 1516 superque
3462 1445 3620 1516 ipsas

1963 1529 2117 1585 vires
2147 1531 2499 1586 contendere
2529 1531 2642 1587 sibi
2685 1531 2877 1604 coegit
2918 1533 3262 1603 expendere.
3299 1533 3500 1604 Itaque
3532 1549 3620 1587 re-

1965 1617 2128 1692 liqua
2185 1619 2258 1674 ab
2317 1618 2444 1691 ipso
2495 1618 2796 1692 religionis
2843 1619 3048 1676 habitu
3099 1625 3355 1693 accepto,
3403 1639 3516 1694 que
3567 1622 3617 1678 ei

1965 1706 2325 1763 conversatio
2359 1707 2553 1775 fuerit,
2586 1712 2875 1780 quantum
2907 1709 3134 1765 scilicet
3154 1714 3258 1766 aut
3277 1726 3346 1766 ex
3365 1711 3618 1768 testibus

1963 1795 2194 1851 cunctis
2222 1795 2336 1866 piis
2367 1796 2497 1867 ejus
2522 1795 2752 1852 actibus
2776 1796 3218 1863 adherentibus,
3240 1797 3384 1854 viris
3411 1799 3617 1871 utique

1965 1882 2275 1956 religiosis,
2309 1888 2412 1958 aut
2457 1900 2526 1938 ex
2573 1883 2700 1955 ipso
2732 1889 3026 1953 narrante,
3062 1890 3129 1940 ut
3167 1903 3341 1941 casus
3389 1885 3617 1942 tulit—

182 1979 442 2036 brachia
471 1979 708 2051 penitus
740 1978 1106 2050 dejecissem,
1136 1993 1242 2032 nec
1274 1976 1522 2033 ulterius
1550 1976 1704 2031 viam
1737 1992 1854 2048 qua
1887 2007 1936 2073 Β
1965 1972 2121 2044 quod
2152 1976 2370 2039 tamen,
2404 1971 2544 2026 dum
2595 1971 2846 2044 gloriam
2894 1974 3138 2046 respuit,
3163 1991 3362 2030 rarum
3417 1975 3530 2030 fuit
3550 2007 3618 2016 ——-

183 2067 576 2140 procederem
598 2072 702 2123 aut
733 2065 958 2123 nullam
983 2070 1086 2121 aut
1107 2064 1425 2121 difﬁculter
1445 2065 1856 2122 inveniendam

183 2157 347 2213 mihi
373 2171 703 2230 superesse,
721 2172 1042 2228 sperarem,
1061 2155 1363 2226 inopinato
1384 2153 1718 2209 studiorum
1742 2169 1861 2208 om-

189 2247 368 2302 nium
400 2245 499 2301 lux
545 2245 653 2300 hac
703 2248 903 2301 nostra
951 2243 1350 2299 nominandus
1401 2247 1592 2310 aetate,
1620 2245 1678 2298 et
1723 2258 1858 2297 cum

191 2333 336 2390 usui
371 2336 498 2388 tum
521 2331 752 2388 ornatui
777 2346 972 2386 rerum
997 2329 1265 2385 omnium
1288 2333 1447 2385 totus
1471 2333 1666 2398 natus,
1683 2329 1863 2384 maxi-

197 2439 342 2478 mus
374 2425 432 2476 et
453 2419 693 2476 inclitus
715 2417 926 2491 praesul
951 2419 1205 2474 domnus
1237 2417 1574 2490 supervenit
1594 2417 1862 2473 Deoderi-

195 2527 332 2568 cus.
360 2512 484 2577 Quo
505 2507 778 2564 videlicet
809 2507 1105 2563 hortatore
1128 2511 1304 2578 atque
1335 2507 1677 2578 impulsore,
1702 2512 1769 2562 ut
1789 2503 1858 2562 'in

202 2599 520 2672 principiis
543 2597 792 2664 reddidi,
817 2597 988 2651 unice
1019 2600 1228 2668 praeter
1247 2601 1439 2651 cetera
1469 2613 1634 2663 usus,
1659 2595 1731 2650 ad
1754 2596 1861 2650 hoc

199 2705 359 2760 opus
393 2686 644 2744 nimium
677 2685 868 2740 audax
897 2683 1157 2755 prorupi.
1192 2683 1246 2738 Is
1277 2684 1374 2738 ubi
1408 2699 1500 2738 me
1531 2699 1671 2739 casu
1703 2682 1858 2738 domi

201 2775 502 2843 convenit,
519 2773 568 2830 si
589 2773 732 2846 quid
751 2773 906 2844 jussi
929 2772 1122 2844 operis
1143 2788 1246 2828 seu
1279 2777 1566 2844 quantum
1599 2774 1861 2828 confece-

201 2865 323 2920 rim
345 2862 782 2936 requisivit.Cui
803 2877 940 2918 cum
959 2860 1352 2929 verebundus,
1378 2861 1463 2917 uti
1500 2861 1668 2933 egeni
1691 2877 1860 2916 cons-

200 2955 338 3011 cius
367 2952 610 3026 ingenii,
644 2967 750 3007 nec
787 2967 1021 3024 negare,
1055 2967 1161 3006 nec
1207 2950 1407 3022 libere,
1433 2951 1588 3023 quod
1627 2966 1862 3024 quoquo

201 3043 387 3100 modo
419 3041 683 3113 ineptum
715 3044 774 3096 et
816 3038 1057 3112 plenum
1107 3054 1400 3113 nugarum
1431 3041 1751 3107 edideram,
1776 3042 1860 3096 of-

200 3133 361 3188 ferre
382 3144 820 3202 praesumerem,
845 3132 1020 3200 atque
1039 3127 1194 3184 inter
1214 3127 1564 3184 utrumlibet
1584 3129 1862 3188 haesitans

199 3216 588 3289 trepidarem,
610 3213 730 3282 ille,
754 3213 1012 3270 scedulis
1041 3215 1152 3272 sibi
1182 3215 1405 3272 deferre
1425 3217 1636 3288 jussis,
1659 3218 1863 3276 ordine

197 3307 426 3362 cuncta
453 3303 734 3372 cucurrit,
768 3303 920 3360 Tum
950 3319 1085 3359 vero
1113 3303 1273 3360 velut
1304 3320 1425 3373 eos,
1459 3305 1559 3377 qui
1591 3307 1703 3362 sub
1733 3305 1864 3364 luce

201 3393 474 3467 maligna
503 3392 800 3448 diversum
833 3391 908 3447 ab
937 3407 1004 3447 eo
1036 3393 1192 3464 quod
1221 3409 1285 3449 se
1306 3373 1496 3450 habet
1513 3411 1604 3450 res
1635 3395 1864 3453 intuen—
1898 3373 1942 3440 (ἶ

201 3488 324 3552 tur,
352 3482 528 3538 modo
549 3498 728 3554 quam
749 3485 918 3538 erant
940 3480 1216 3538 dissimili
1239 3498 1378 3540 eum
1397 3487 1610 3539 cuncta
1635 3485 1858 3552 efferre,

198 3577 262 3628 et
295 3571 634 3644 quibusque
663 3569 851 3626 obviis
895 3569 1091 3642 palam
1113 3571 1363 3642 jactare,
1385 3571 1530 3628 satis
1567 3573 1722 3644 quod
1751 3575 1860 3628 mi-

201 3678 372 3718 rarer
399 3675 574 3716 nosse
605 3675 722 3715 non
753 3659 938 3731 potui.

273 3753 372 3808 47.
393 3749 938 3821 (DCCCCLXXVIII.
961 3751 1082 3806 Dec.
1105 3752 1223 3818 25.)
1245 3751 1410 3807 Forte
1441 3752 1522 3808 ibi
1557 3757 1698 3809 tunc
1719 3754 1859 3809 Tra-

190 3839 489 3912 jectensis
519 3855 624 3897 seu
655 3839 1075 3897 Dabentrensis
1096 3839 1354 3896 ecclesiis
1385 3841 1646 3911 pontifex
1665 3840 1862 3898 claris-

196 3931 400 3986 simus
429 3934 607 4002 atque
635 3929 695 3984 in
727 3944 900 4002 grege
921 3927 1226 3983 doctorum
1258 3929 1579 3985 admodum
1599 3929 1860 3986 celebra-

198 4023 299 4075 tus
327 4018 590 4075 domnus
610 4018 764 4090 Popo
780 4019 930 4088 (376)
953 4017 1241 4083 adfuerat,
1255 4017 1423 4073 festis
1443 4017 1657 4074 natalis
1679 4017 1864 4074 domi-

197 4108 319 4164 nici
385 4107 447 4164 in
495 4106 1090 4164 communicationem
1142 4105 1492 4180 gaudiorum
1537 4107 1610 4162 ab
1657 4109 1864 4166 eodem

201 4203 409 4254 nostro
431 4197 716 4265 antistite,
741 4212 878 4252 cum
909 4212 1038 4265 suo,
1057 4195 1122 4250 id
1143 4199 1234 4252 est
1253 4195 1443 4268 ipsius
1475 4197 1748 4270 Poponis,
1769 4215 1866 4272 ge-

203 4287 420 4355 nitore,
450 4286 575 4343 viro
604 4285 665 4341 in
697 4301 894 4342 rerum
935 4283 1308 4357 publicarum
1341 4302 1484 4342 cura
1519 4288 1863 4344 strenuissi-

204 4393 302 4432 mo
333 4379 514 4448 atque
546 4375 759 4432 comite
789 4373 1072 4446 palatino,
1097 4373 1191 4429 cui
1213 4389 1428 4431 nomen
1461 4376 1666 4444 Berno,
1690 4377 1868 4433 assci-

204 4469 324 4520 tus.
350 4465 418 4521 Ei
451 4480 587 4520 cum
621 4462 826 4518 eadem
867 4461 1088 4535 pariter
1114 4462 1308 4518 verbis
1339 4480 1455 4520 non
1485 4463 1667 4520 semel
1697 4467 1864 4522 sufﬁ-

203 4553 504 4609 cientibus
553 4551 928 4624 ingeminans
961 4549 1288 4618 extulisset,
1323 4553 1394 4608 ad
1427 4569 1522 4608 me
1569 4570 1704 4609 cum
1738 4555 1864 4628 ipso

205 4657 308 4698 ora
337 4657 680 4710 conversus,
704 4645 772 4696 ut
791 4643 982 4712 empta
1011 4639 1172 4696 nullo
1197 4641 1650 4697 cunctabundus
1679 4643 1868 4716 exple-

1973 2061 2329 2128 audivimus,
2352 2060 2440 2114 vel
2474 2077 2600 2132 qum
2632 2061 2766 2132 ipsi,
2791 2062 3008 2133 quibus
3039 2060 3202 2118 nulla
3231 2063 3423 2134 potior
3451 2063 3617 2131 fides,

1970 2150 2395 2221 persensimus,
2449 2149 2585 2204 hinc
2633 2155 2698 2205 ut
2755 2151 2986 2205 Domini
3047 2151 3158 2206 erit
3208 2151 3620 2206 misericordia:

1969 2255 2415 2310 prosequemur.

2041 2329 2130 2384 49.
2155 2328 2426 2384 Ceterum
2462 2344 2531 2383 ne
2561 2328 2653 2383 cui
2687 2343 2790 2382 seu
2825 2327 3153 2400 interrupta
3184 2335 3286 2384 aut
3309 2329 3624 2385 extraordi-

1971 2416 2136 2472 naria
2157 2417 2337 2472 series
2353 2416 2640 2483 videatur,
2655 2417 2703 2471 si
2729 2434 2845 2488 qua
2865 2417 2936 2471 de
2958 2419 3244 2488 personis,
3260 2435 3511 2490 quarum
3536 2419 3622 2454 1553

1972 2506 2272 2578 quippiam
2307 2521 2509 2562 eorum
2551 2522 2662 2577 que
2695 2506 2964 2561 dicentur
2995 2507 3279 2563 interesse
3307 2507 3621 2574 videbitur,

1971 2595 2328 2661 inserentur,
2343 2611 2592 2666 quarum
2615 2598 2672 2649 et
2688 2593 3003 2650 nonnullas
3021 2597 3286 2666 superior
3302 2596 3622 2668 propositio

1969 2682 2196 2754 intulit,
2217 2687 2274 2737 et
2302 2683 2618 2738 decurrens
2651 2683 2796 2738 alias
2838 2700 2940 2755 pro
2972 2701 3284 2739 causarum
3319 2685 3620 2756 oportuni-

1970 2776 2089 2826 tate
2119 2777 2176 2827 et
2205 2777 2538 2844 temporum
2569 2789 2762 2828 sermo
2795 2772 2990 2843 plures
3020 2773 3277 2842 inducet,
3303 2773 3374 2828 de
3405 2773 3622 2846 quibus

1971 2860 2176 2932 utique
2225 2861 2520 2932 prioribus
2568 2861 2986 2932 consequentia
3032 2879 3148 2917 non
3189 2861 3448 2930 reddere,
3471 2862 3620 2918 ratio

1971 2949 2120 3020 ipsa,
2133 2949 2310 3005 etiam
2332 2949 2382 3004 si
2403 2965 2771 3018 conaremur,
2789 2950 3106 3005 resisteret.
3121 2949 3310 3006 Simul
3326 2951 3414 3006 vir
3429 2949 3618 3006 isdem

1933 3067 1946 3073 ο
1969 3037 2142 3112 longe
2167 3039 2647 3110 incomparabilis
2676 3055 2814 3094 cum
2845 3039 2928 3094 ita
2953 3039 3135 3095 vitam
3166 3039 3370 3112 egerit,
3395 3045 3462 3095 ut
3481 3039 3620 3095 soli-

1969 3127 2158 3183 tarius
2190 3128 2342 3183 inter
2371 3127 2787 3183 multitudines
2815 3127 3021 3183 vixerit
3042 3159 3106 3170 -—
3132 3145 3269 3184 nam
3302 3129 3520 3186 frustra
3540 3129 3625 3184 ni-

1969 3233 2074 3272 sus
2105 3217 2418 3284 recederet,
2442 3217 2492 3272 si
2523 3215 2658 3288 quis
2688 3217 2816 3288 ejus
2839 3217 3045 3272 robore
3064 3217 3347 3274 virtutum
3369 3234 3432 3275 se
3453 3233 3626 3290 posse

1971 3305 2230 3378 aspirare
2261 3305 2579 3361 conﬁderet
2597 3304 2668 3346 —'-
2689 3323 2805 3362 non
2826 3305 2938 3361 sibi
2973 3310 3168 3362 tamen
3201 3306 3308 3363 soli
3341 3324 3455 3380 que
3485 3308 3628 3364 fece-

1972 3398 2062 3450 rat
2079 3395 2616 3468 arrogabat,verum
2631 3399 2870 3452 caeteros
2887 3411 3086 3451 secum
3100 3396 3326 3467 operari
3345 3396 3626 3470 quicquid

1973 3483 2118 3538 illud
2140 3483 2226 3538 vel
2252 3484 2458 3540 secreti
2477 3483 2663 3540 solius
2690 3487 2848 3540 esset
2867 3485 3196 3556 judicabat.
3215 3484 3489 3558 Nihilque
3509 3502 3628 3558 pra:

1971 3588 2036 3628 se
2055 3571 2328 3644 superius
2345 3589 2521 3644 quam
2541 3573 3014 3628 communisvitae
3033 3573 3323 3630 actionem
3341 3590 3624 3646 umquam

1972 3659 2186 3718 alicubi
2222 3661 2743 3727 fecerat.Quocirca
2763 3661 2863 3732 qui
2895 3661 2946 3716 ei
2977 3661 3196 3732 pariter
3218 3663 3622 3730 versabantur,

1971 3764 2175 3806 eorum
2209 3765 2326 3805 non
2360 3749 2633 3805 inmerito
2671 3749 2854 3823 gestis
2903 3747 3090 3821 ipsius
3115 3754 3245 3806 acta
3276 3749 3622 3816 intererunt,

1971 3839 2071 3912 qui
2103 3855 2219 3895 non
2251 3837 2425 3893 modo
2456 3836 2681 3893 nullam
2703 3843 3009 3911 tamquam
3039 3839 3370 3910 superiores
3399 3839 3450 3894 ei
3483 3839 3626 3894 invi-

1971 3929 2131 3985 diam
2163 3927 2398 3994 facient,
2423 3927 2525 3982 sed
2558 3926 2675 3983 illis
2704 3927 2900 3998 potius
2920 3943 2990 3982 ex
3011 3926 3160 3982 tanti
3181 3927 3287 3981 viri
3309 3927 3622 3984 contuber-

1971 4017 2069 4074 nio
2113 4015 2304 4090 fulgor
2325 4017 2414 4050 "’6‘
2445 4015 2879 4088 quodammodo
2923 4015 3174 4089 amplior
3223 4015 3625 4072 cumulabitur

1971 4111 2029 4161 et
2069 4104 2308 4162 claritas
2336 4109 2558 4162 crescet
2585 4109 2643 4160 et
2669 4103 2878 4176 gloria.

2041 4196 2133 4250 50.
2165 4196 2490 4266 Antequam
2518 4209 2656 4266 ergo
2679 4193 2834 4250 ultra
2854 4211 3248 4266 promoveam,
3275 4196 3463 4268 primo
3486 4197 3628 4268 quia

1973 4299 2090 4343 non
2113 4283 2258 4340 alias
2277 4283 2522 4339 forsitan
2545 4283 2735 4356 magis
2756 4287 3040 4354 oportune
3063 4301 3124 4340 se
3145 4283 3310 4340 locus
3327 4287 3532 4343 offerre
3551 4287 3629 4342 vi-

1975 4373 2243 4441 detur,de
2257 4372 2400 4428 viris
2419 4387 2650 4444 quoque
2672 4371 2790 4426 illis
2805 4373 3412 4447 venerabilibus,quos
3437 4381 3630 4432 textus

1975 4463 2247 4534 superior
2288 4461 2634 4518 memoravit
2664 4465 2806 4533 (cap.
2831 4462 2947 4530 23),
2969 4461 3202 4517 Andrea
3240 4468 3414 4535 atque
3445 4464 3628 4520 Ilum-

1975 4553 2160 4620 berto,
2191 4551 2438 4625 dignum
2470 4550 2720 4606 arbitror
2748 4549 2939 4606 dicere
2975 4567 3225 4622 quorum
3258 4556 3501 4624 uterque
3531 4551 3624 4609 his

1975 4643 2114 4698 item
2150 4641 2416 4712 utrisque
2447 4637 2690 4695 Einoldo
2729 4643 2904 4710 atque
2947 4638 3200 4694 Johanni
3233 4657 3348 4696 non
3379 4640 3625 4712 imparis

205 4745 353 4800 rem,
387 4729 625 4785 hortatu
687 4729 876 4802 magis
937 4744 1003 4784 ac
1061 4728 1254 4802 magis
1303 4728 1587 4802 ampliore
1637 4732 1866 4789 animos
1897 4739 1944 4805 D
1976 4731 2330 4798 sanctitatis,
2356 4729 2740 4798 incitamenta
2769 4733 2827 4784 et
2857 4728 3096 4800 quidam
3119 4729 3286 4800 quasi
3310 4730 3536 4786 stimuli
3559 4748 3626 4788 ac

207 4817 424 4875 addere
463 4823 522 4875 et
572 4817 765 4874 favore
817 4834 994 4890 quam
1027 4817 1283 4890 plurimo
1314 4818 1460 4874 mihi
1505 4825 1701 4876 tamen
1735 4837 1865 4878 eru-

207 4905 500 4963 bescendo
531 4924 648 4964 non
677 4906 1000 4962 desistebat
1028 4907 1364 4964 accendere.

277 4997 369 5052 48.
395 4997 620 5063 Quibus
642 5011 778 5051 cum
811 4995 872 5050 in
899 4994 1158 5068 aliquam
1190 4996 1334 5052 forte
1367 4997 1706 5056 facilitatem
1737 5018 1864 5058 sese

1975 4821 2224 4878 virtutes
2255 4819 2432 4875 fuere.
2459 4817 2548 4873 Hii
2573 4817 2731 4872 enim
2761 4822 2828 4872 ut
2864 4817 3020 4872 fama
3044 4816 3320 4890 vulgante
3342 4817 3466 4876 loco
3489 4837 3628 4893 pra;-

1975 4911 2129 4966 dicto
2151 4925 2213 4964 se
2234 4908 2386 4964 viros
2408 4907 2643 4962 eosdem
2667 4905 2954 4978 recepisse
2975 4911 3032 4962 et
3050 4905 3248 4978 plures
3270 4908 3530 4980 undique
3551 4909 3624 4965 ad

1975 5017 2074 5056 eos
2107 4997 2312 5053 divinae
2345 4995 2646 5052 servitutis
2675 5011 2872 5051 amore
2894 5003 3298 5070 compererant
3326 4999 3624 5064 festinare,

1567 5113 1810 5172 VARIE
1850 5113 2265 5174 LECTIONES.

282 5219 373 5255 ¹⁵⁶⁰
405 5218 745 5276 monasterii
777 5235 822 5274 c.
901 5217 988 5252 ¹¹⁵⁶¹
1025 5206 1219 5274 adhuc
1247 5235 1294 5274 ο.

1378 5221 1466 5255 ¹³⁶²
1496 5221 1886 5280 animationes
1913 5222 2050 5278 Mab.

2129 5219 2218 5256 ¹⁵⁶³
2248 5235 2497 5293 quorum
2527 5235 2574 5274 ε.
2651 5219 2742 5254 ¹⁵⁶⁴
2773 5219 2973 5293 furgor
2999 5235 3046 5274 ι’.

900 5385 904 5389 λ
1797 5346 2030 5405 NOT/E.

282 5452 436 5521 (3'76)
467 5452 662 5526 Poppo
695 5450 1192 5528 sive‘lj‘olcmarus
1227 5451 1379 5528 sedit
1415 5452 1590 5528 annis
1617 5452 1871 5528 977—999.
1985 5451 2745 5528 appellatur_Wole_marus._
2769 5449 2942 5528 Aliud
2991 5451 3326 5528 exemplum
3366 5455 3632 5528 nominis

213 5516 787 5596 Utrumque'nomen
821 5523 983 5596 idem
997 5539 1140 5596 esse
1173 5524 1230 5578 in
1262 5523 1383 5578 vita
1413 5523 1704 5580 Brunonis
1733 5524 1876 5580 vidi-

213 5605 366 5670 mus.
390 5592 530 5670 {bm
561 5595 744 5670 igitur
773 5592 1282 5670 cum_Tb_ietmaro
1315 5611 1390 5670 ιγ,
1417 5596 1560 5670 I,__2_,
1591 5600 1648 5651 et
1675 5597 1870 5670 anna-

213 5656 349 5744 Ιξβιει
403 5656 630 5744 Saxone
679 5665 1302 5744 Pappo_’l‘rajecte_nsis
1352 5656 1788 5744 intelligendus
1813 5672 1872 5722 et

216 5730 500 5793 dicendus
520 5736 634 5792 erit
649 5753 664 5804 ;
687 5741 747 5792 et
762 5730 925 5792 'récte
942 5730 1125 5792 abbas
1148 5735 1458 5793 Fuldensis
1474 5741 1532 5792 et
1541 5730 1876 5794 Lauresha-

216 5807 456 5877 mensis,
491 5807 594 5881 qui
645 5807 718 5862 ab
770 5806 904 5864 aliis
946 5807 1164 5876 Bobbo,
1199 5824 1233 5863 a
1263 5807 1602 5866 Thietmaro
1631 5807 1780 5865 VIII.
1811 5810 1868 5880 5,

523 5907 794 5970 Parnm.
839 5905 1187 5970 CXXXVII.

1985 5523 2328 5610 bujusmodi
2362 5523 2598 5610 duplici,
2614 5523 3109 5610 moidenusita‘ti'in
3139 5523 3632 5610 MiraculisnAd‘al-

1981 5593 2174 5655 beidis
2193 5593 2466 5661 occurrit,
2491 5602 2549 5652 et
2577 5593 2912 5650 Liudolfum
2935 5602 2994 5652 et
3015 5595 3410 5661 Liudgardam
3441 5597 3630 5654 Dudo-

1981 5685 2115 5724 nem
2155 5671 2212 5722 et
2255 5666 2582 5723 Dudicham
2630 5665 2822 5723 vocari
2866 5665 3143 5722 vidimus.
3169 5665 3404 5723 Eodem
3453 5669 3626 5724 modo

1981 5739 2136 5812 apud
2161 5738 2380 5812 Anglos
2411 5736 3028 5812 hodieque_Bobertus
3057 5742 3114 5792 et
3140 5737 3491 5794 Wilhelmus
3519 5755 3621 5793 no-

1981 5807 2144 5866 mina
2169 5807 2320 5882 Βοῇρ
2349 5825 2581 5882 quoque
2601 5807 2668 5865 “et
2693 5807 2826 5864 Dick
2853 5809 3191 5866 efferuntur.

3255 5907 3294 5969 9
