3868 6430
275 512 391 572 267

1157 507 1484 570 JOANNIS
1528 505 1854 569 ABBATIS
1899 505 1965 565 S.
1996 503 2341 567 ARNULFI
2387 504 2802 567 METENSIS.

3588 506 3719 564 268

273 642 384 715 ipsi
417 657 648 715 quoque
675 640 834 696 nullo
866 640 1160 707 remorati,
1198 640 1310 695 etsi
1344 656 1459 694 non
1498 644 1760 711 tempore
1802 637 1922 693 ani-
1951 637 2009 704 Α
2038 636 2315 693 Buxerias
2348 636 2872 706 dicitur(378).Ubi
2908 638 3336 692 monasterium
3371 639 3446 693 ab
3481 639 3718 711 episco-

272 746 369 785 mo
401 736 600 785 tamen
630 733 803 800 atque
824 727 1147 784 intentione
1178 727 1484 799 pari,illuc
1515 727 1925 797 convolarunt,

269 822 326 873 et
348 818 736 873 monasticam
774 816 1209 871 institutionem
1246 816 1520 887 professi,
1543 817 1762 887 quibus
1800 817 1922 871 fue-

268 910 399 961 rant
420 906 584 976 prius
616 905 809 976 prtevii
832 904 1197 976 etmagistri,
1239 921 1444 960 eorum
1490 905 1830 976 magisterio
1859 909 1918 959 et

268 994 506 1049 ducatui
549 993 759 1063 subjici
793 1010 896 1048 nec
928 994 1265 1048 abnuerunt
1296 1010 1401 1048 nec
1434 979 1818 1048 erubuerunt.
1856 994 1924 1047 Et

267 1099 403 1138 cum
426 1083 653 1137 Andrea
677 1082 914 1153 quidem
938 1099 1256 1154 germanus
1278 1082 1463 1153 ipsius
1498 1082 1918 1154 Magiul’redus,

270 1177 471 1242 postea
492 1170 588 1226 alii
614 1170 1087 1242 quidamrgeutis
1122 1171 1387 1241 ejusdem
1417 1174 1558 1225 sunt
1595 1170 1919 1226 subsecuti.

268 1258 414 1313 Cum
451 1259 771 1313 Ilumberto
802 1263 1001 1313 autem
1034 1259 1316 1330 puerulus
1349 1258 1589 1330 quidam
1626 1260 1677 1314 ei
1714 1260 1921 1313 minis-

271 1352 459 1416 trans,
492 1346 629 1403 Milo
661 1347 918 1416 nomine,
954 1353 1267 1418 susceptus
1316 1353 1425 1414 est,
1460 1348 1609 1403 bone
1660 1349 1783 1420 ipse
1834 1348 1921 1402 in-

273 1434 425 1492 dolis
454 1439 513 1491 et
543 1452 659 1491 non
691 1434 938 1490 minimo
970 1436 1347 1506 postmodum
1380 1436 1514 1491 usui
1556 1437 1918 1507 profuturus.

340 1524 434 1579 51.
450 1523 732 1580 Praeterea
754 1524 907 1595 quod
931 1524 1001 1579 de
1024 1525 1229 1579 eodem
1253 1524 1373 1579 viro
1396 1524 1709 1580 venerabili
1735 1525 1918 1579 Hum-

272 1613 436 1669 berto
458 1611 647 1684 primo
669 1629 803 1667 cum
826 1612 1147 1667 narrationi
1173 1612 1453 1668 incideret
1467 1617 1555 1668 est
1577 1614 1924 1684 prwtermis-

274 1717 406 1756 sum
430 1704 569 1772 (cap.
592 1700 815 1768 2t),hic
839 1699 1091 1756 breviter
1111 1700 1475 1757 reddendum
1497 1702 1751 1769 videtur,
1777 1719 1920 1774 qua-

271 1788 405 1845 liter
433 1789 558 1860 ipse
589 1805 820 1860 quoque
851 1789 1047 1844 divino
1078 1789 1341 1860 impulsu
1375 1791 1435 1844 in
1468 1790 1739 1846 habitum
1788 1790 1921 1846 reli-

269 1878 462 1951 gionis
492 1877 810 1933 transierit.
845 1877 927 1932 Ex
953 1879 1299 1949 parentibus
1331 1878 1425 1933 hic
1466 1880 1574 1934 etsi
1625 1880 1920 1936 ruralibus

268 1984 384 2023 non
406 1968 549 2022 adeo
572 1971 769 2021 tamen
792 1981 852 2022 re
882 1966 1154 2022 familiari
1189 1966 1485 2037 subtritis,
1509 1968 1650 2023 dum
1684 1969 1914 2026 adules-
1946 2006 1995 2071 Β

267 2074 405 2112 cens
427 2073 561 2112 cum
595 2054 816 2111 eisdem
846 2060 1198 2124 versaretur,
1221 2056 1477 2128 quadam
1509 2057 1657 2114 forte
1681 2058 1798 2126 die,
1830 2059 1915 2113 uti

268 2162 331 2200 se
362 2144 480 2200 vita
509 2143 609 2199 illa
642 2144 887 2198 invicem
916 2144 1128 2199 retinet
1159 2145 1543 2215 privatorum,
1578 2147 1698 2202 noti
1737 2146 1920 2217 aliqui

268 2232 354 2288 vel
379 2234 583 2288 affines
617 2233 674 2286 in
709 2233 880 2287 domo
913 2248 1113 2288 eorum
1142 2239 1422 2289 venerant
1456 2235 1733 2290 convivm.
1772 2235 1921 2302 Illis,

270 2326 337 2378 ut
367 2322 511 2377 forte
541 2321 682 2376 hora
714 2318 870 2387 tulit,
902 2320 982 2374 ibi
1031 2327 1198 2377 nocte
1232 2322 1479 2377 retentis
1530 2324 1921 2395 cubitumque

272 2408 936 2481 petentibus,lanccolas
959 2425 1106 2480 quas
1140 2410 1209 2465 de
1234 2427 1390 2465 more
1415 2411 1745 2481 bajulantes
1776 2419 1923 2468 attu-

273 2499 480 2567 lerant,
499 2497 613 2553 feni
644 2515 869 2567 acervo,
901 2499 1054 2569 quod
1087 2505 1324 2571 propter
1353 2500 1563 2568 fuerat,
1588 2518 1752 2557 verso
1786 2519 1920 2557 sur-

272 2605 406 2643 sum
438 2588 588 2643 ferro
619 2591 941 2659 apponunt.
977 2588 1126 2643 Casu
1170 2588 1324 2644 idem
1358 2589 1705 2645 adulescens
1747 2592 1921 2662 paulo

272 2682 407 2733 ante
438 2693 638 2733 acervo
670 2693 988 2733 conscenso
1022 2678 1112 2711 ¹⁵⁶⁵
1145 2678 1365 2733 ibidem
1393 2679 1811 2735 obdormierat.
1834 2682 1919 2737 Ad

271 2766 521 2823 multam
544 2766 659 2822 fere
672 2772 903 2822 noctem
919 2782 1125 2821 somno
1139 2767 1525 2835 exeitus,cum
1548 2773 1709 2824 extra
1725 2769 1921 2825 nescio

272 2872 386 2929 quo
416 2862 551 2912 ante
578 2856 917 2911 condixerat
949 2855 1145 2928 egredi
1178 2855 1374 2926 vellet,
1408 2872 1511 2930 per
1560 2874 1829 2914 acervum
1860 2876 1921 2917 se

270 2946 493 3000 sensim
523 2944 854 3014 dimittens,
885 2944 1038 2999 inter
1065 2948 1289 3001 erectos
1317 2945 1591 3017 cuspides
1620 2947 1809 3002 vicino
1832 2948 1921 3003 ni.-

269 3035 458 3091 mium
489 3038 579 3089 est
607 3032 800 3088 illisus
832 3032 1111 3104 periculo,
1146 3034 1229 3089 ita
1261 3038 1325 3090 ut
1357 3040 1515 3090 veste
1557 3037 1784 3108 corpori
1819 3038 1920 3093 ad-

268 3122 525 3179 haerente
556 3120 979 3192 comprehensa
1008 3122 1276 3193 ferroque
1309 3122 1622 3194 terebrata,
1655 3140 1757 3195 per
1786 3124 1921 3181 has-

270 3210 372 3267 tile
404 3227 591 3282 usque
622 3210 695 3266 ad
726 3213 942 3264 terram
966 3210 1318 3268 decurreret.
1355 3211 1565 3268 Hastili
1599 3212 1843 3269 subacto
1866 3218 1923 3270 et

270 3316 330 3356 re
364 3298 600 3371 palpata
632 3298 918 3355 solicitius
951 3297 1269 3369 explorata,
1300 3305 1466 3356 stans
1506 3306 1562 3356 et
1608 3307 1729 3358 tam
1775 3319 1918 3375 prce-

270 3394 497 3445 sentem
530 3388 683 3443 circa
715 3403 776 3442 se
816 3386 916 3442 Dei
968 3388 1297 3444 custodiam
1345 3390 1522 3444 etiam
1574 3406 1751 3462 prava
1796 3408 1919 3446 mo-
1951 3368 1995 3437 (ἶ

270 3478 511 3533 lientem
543 3477 944 3546 considerans,
978 3477 1228 3548 gradum
1260 3478 1331 3534 ab
1366 3479 1595 3550 incepto
1639 3480 1765 3550 jam
1800 3497 1919 3535 me-

268 3567 415 3622 liora
454 3565 786 3622 deliberans
836 3565 1071 3638 retinet,
1121 3570 1296 3638 atque
1348 3567 1407 3622 in
1461 3568 1756 3639 reliquum
1805 3569 1921 3626 Deo

275 3656 488 3714 servire
517 3659 712 3710 mente
744 3658 865 3711 tota
895 3657 1234 3725 pertractat.
1266 3666 1272 3672 '

345 3747 436 3800 52.
468 3748 584 3800 Nec
616 3743 803 3799 multo
834 3747 987 3815 post,
1022 3741 1158 3799 licet
1189 3747 1351 3814 patre
1383 3743 1708 3816 plurimum
1742 3746 1923 3802 obsis-

271 3835 642 3904 tente,rebus
659 3834 888 3889 cunctis
910 3832 1288 3905 posthabitis,
1319 3833 1565 3890 Romam
1597 3835 1921 3905 proficisci-

271 3928 454 3991 tur,et
472 3923 530 3978 in
544 3923 599 3977 id
615 3920 1088 3993 perlustrationis
1103 3926 1364 3994 tempore
1378 3939 1491 3977 non
1506 3938 1679 3994 parvo
1698 3930 1920 3996 exacto,

271 4025 538 4066 reversus
569 4007 841 4063 cellulam
866 4008 1245 4064 reclusoriam
1279 4009 1529 4066 Virduni
1561 4011 1674 4066 sibi
1707 4012 1919 4069 consti-

270 4099 405 4153 tuit.
455 4097 562 4154 Ubi
615 4096 895 4153 diuturna
943 4098 1213 4154 absentia
1255 4099 1583 4171 ceterisque
1628 4101 1917 4157 bonorum

271 4201 514 4258 operum
528 4186 763 4253 studiis,
780 4184 1051 4258 pluribus
1064 4187 1226 4243 visus
1238 4189 1919 4261 estprofuisse.Lectioni

270 4291 502 4348 quoque
532 4275 768 4330 assidue
799 4290 1034 4346 operam
1068 4275 1234 4345 dans,
1269 4276 1427 4331 brevi
1470 4294 1584 4332 non
1619 4279 1919 4335 modicum

268 4364 528 4421 scientia:
561 4369 864 4422 tesaurum
904 4365 1014 4421 sibi
1049 4371 1505 4437 comparaverat.
1533 4366 1596 4421 In
1630 4382 1745 4438 quo
1770 4367 1917 4424 illud

269 4453 554 4510 miraculo
587 4454 763 4511 fuerit
795 4455 906 4523 15°“,
940 4456 1096 4526 quod
1129 4460 1265 4510 ante
1297 4454 1506 4510 horum
1539 4454 1657 4511 fere
1689 4472 1918 4529 expers,

267 4544 481 4616 spiritu
510 4549 741 4601 tantum
774 4543 1056 4616 magistro
1102 4544 1470 4616 sapientibus
1513 4550 1751 4617 repente
1800 4563 1914 4601 non

266 4632 485 4705 dispar,
520 4637 674 4688 certe
705 4631 973 4703 superior
1013 4631 1072 4687 in
1106 4632 1311 4688 multis
1363 4634 1656 4704 apparuit.
1696 4634 1780 4689 lbi
1813 4652 1917 4706 per

2036 742 2108 797 po
2124 727 2285 780 bonae
2301 726 2596 782 memoriae
2610 725 2848 783 Gozlino
2861 726 3084 796 (379)ex
3097 742 3243 781 novo
3256 732 3617 783 constructo
3628 743 3689 780 m
3701 770 3715 794 ,

2036 819 2349 886 postquam
2367 814 2440 869 he
2462 815 2588 869 dua:
2621 815 2880 886 primum
2914 820 3055 869 sunt
3089 815 3471 884 intromissze,
3494 813 3711 869 multi-

2035 902 2166 974 plex
2186 903 2397 958 deinde
2420 920 2487 958 ex
2508 903 2756 959 diversis
2773 904 2977 959 mundi
3002 903 3165 958 lateri
3178 904 3287 958 bus
3304 904 3499 958 sancti
3521 904 3715 958 fervo-

2035 992 2118 1047 ris
2138 1010 2200 1047 se
2228 993 2443 1048 ibidem
2470 1009 2712 1047 examen
2740 993 2982 1059 inludit,
3008 996 3074 1046 ut
3112 1008 3299 1064 usque
3336 992 3514 1047 hodie
3552 1010 3713 1048 nova

2035 1083 2287 1152 quadam
2312 1082 2502 1153 gratia
2525 1083 2679 1136 inter
2700 1087 2893 1137 cetera
2916 1081 3289 1153 resplendere
3310 1083 3612 1137 videatur.
3648 1085 3712 1136 ln

2033 1186 2100 1224 ea
2120 1170 2316 1241 itaque
2335 1170 2546 1225 cellula
2568 1169 2888 1225 reclusiora
2910 1169 3131 1224 multos
3154 1187 3335 1241 agens
3366 1170 3454 1205 ⁸⁵⁸⁸
3482 1189 3557 1225 an
3570 1188 3708 1240 nos,

2034 1264 2348 1330 postquam
2362 1303 2374 1325 ,
2389 1263 2455 1314 ut
2486 1276 2667 1332 supra
2696 1259 3179 1325 memoravimus,
3193 1259 3384 1331 gratia
3401 1260 3707 1314 domuum

2034 1347 2348 1402 Einoldum
2368 1347 2591 1402 visendi
2611 1347 2783 1403 Tullo
2798 1348 3040 1403 veniens
3053 1348 3337 1402 domuum
3354 1347 3705 1404 Jobannem

2010 1435 2084 1490 'ei
2117 1435 2396 1502 innotuit,
2416 1435 2666 1508 indeque
2697 1437 2933 1508 propria
2954 1436 3211 1508 repetiit,
3246 1453 3382 1491 mox
3411 1442 3590 1491 certa:
3616 1454 3710 1493 sc-

2033 1523 2124 1579 dis
2146 1524 2411 1596 ipsorum
2444 1525 2663 1579 famam
2696 1525 2972 1597 percepit,
2989 1541 3124 1580 cum
3143 1525 3227 1580 eis
3244 1525 3444 1597 etipse
3466 1525 3707 1581 habita.

2033 1617 2205 1668 turus
2226 1614 2496 1669 accurrit.
2516 1614 2582 1668 In
2605 1630 2721 1685 qua
2742 1614 3018 1670 societate
3035 1614 3105 1669 de
3128 1613 3354 1685 reliquo
3366 1614 3464 1685 pio
3488 1615 3706 1670 admo-

2033 1701 2175 1756 dum
2206 1700 2407 1759 labore
2437 1706 2529 1758 est
2558 1703 3161 1769 conversatus,donec
3182 1719 3363 1758 causa
3382 1702 3703 1775 religionis

2032 1790 2239 1845 exinde
2258 1792 2614 1847 monasterio
2643 1791 2799 1847 beati
2828 1792 2968 1863 Apri
2999 1790 3169 1847 Tullo
3198 1790 3525 1849 translatus
3558 1797 3661 1848 est
3687 1810 3700 1857 ;

2033 1878 2132 1933 ubi
2165 1884 2222 1935 et
2254 1880 2310 1933 in
2344 1896 2485 1935 cura
2515 1880 2711 1953 gregis
2742 1881 3021 1937 dominici
3054 1880 3224 1936 beato
3257 1881 3373 1937 fine
3403 1882 3660 1953 quievit.

2103 1967 2193 2021 53.
2224 1969 2486 2023 Andreas
2518 1985 2749 2040 quoque
2779 1974 2837 2024 et
2870 1970 2994 2040 ipse
3024 1976 3337 2041 postquam
3366 1969 3427 2025 in
3478 1971 3699 2026 eadem

2036 2072 2199 2111 sacra
2230 2054 2450 2113 milicia
2480 2055 2796 2128 plurimam
2829 2062 3060 2113 {etatem
3091 2057 3437 2126 confecerat,
3448 2059 3583 2130 jam
3610 2076 3704 2115 se-

2034 2159 2143 2198 nex
2167 2150 2225 2199 et
2256 2150 2515 2200 mentem
2545 2146 2796 2201 candore
2813 2146 3025 2218 capitis
3050 2147 3597 2214 referens,ltomam
3619 2149 3699 2203 ad

2032 2233 2488 2304 postulationem
2503 2251 2649 2306 pape
2660 2234 2891 2306 Agapiti
2909 2235 3295 2307 mittitur,qui
3315 2234 3528 2291 litteris
3546 2252 3698 2291 cum

2032 2322 2246 2377 nuncio
2278 2323 2535 2393 quodam
2568 2324 2776 2378 idoneo
2810 2324 2931 2378 viro
2963 2322 3219 2379 multum
3268 2342 3302 2379 a
3350 2324 3569 2379 domno
3604 2324 3699 2379 Ei-

2033 2410 2206 2465 noldo
2239 2411 2678 2482 efflagitaverat,
2713 2411 2943 2484 aliquos
2964 2412 3075 2468 sibi
3107 2412 3595 2484 religiosos,quos
3630 2414 3696 2469 in

2033 2500 2387 2555 monasterio
2421 2500 2571 2556 beati
2605 2500 2790 2567 Pauli,
2825 2502 2981 2573 quod
3014 2507 3153 2557 tunc
3181 2502 3253 2558 ad
3286 2504 3693 2558 monasticam

2031 2588 2296 2643 ordinem
2330 2590 2644 2645 transferre
2696 2588 3070 2661 moliebatur,
3102 2607 3237 2646 cum
3270 2591 3487 2647 auxilio
3526 2593 3693 2664 regis

2029 2676 2245 2732 Albrici
2280 2677 2609 2745 collocaret,
2643 2678 2965 2734 transmitti
3001 2678 3294 2746 (DCCCCL
3337 2721 3350 2733 .
3392 2682 3513 2745 Quo
3545 2698 3691 2735 cum

2031 2765 2211 2821 altero
2242 2766 2499 2836 quodam
2532 2766 2731 2836 fratre,
2771 2765 2872 2838 qui
2905 2782 2974 2822 ex
3021 2768 3379 2823 monasterio
3429 2769 3689 2825 Luxovio

2031 2853 2299 2910 Gorziam
2330 2859 2467 2910 ante
2497 2854 2734 2927 aliquod
2769 2872 2954 2912 annos
2985 2857 3691 2929 advenerat,perductus,

2030 2941 2285 3015 regulari
2333 2942 2709 2999 institutione
2756 2943 2881 2999 loco
2934 2945 3274 3014 informato,
3322 2962 3440 3002 non
3492 2946 3688 3003 multo

2031 3036 2165 3104 post
2191 3036 2461 3104 receptus
2492 3032 2563 3087 ad
2597 3033 3173 3103 Dominum,ibidem
3204 3040 3295 3090 est
3325 3034 3685 3092 tumulatus.

2099 3121 2190 3175 54.
2224 3119 2294 3174 Et
2322 3120 2462 3192 quia
2493 3121 2789 3176 mentione
2820 3122 3075 3178 duorum
3119 3128 3508 3195 augmentum
3540 3141 3684 3180 con-

2028 3208 2388 3281 gregationis
2416 3210 2682 3280 ejusdem
2714 3216 2954 3283 tangere
2977 3211 3285 3284 cmpimus,
3299 3213 3370 3267 de
3390 3212 3526 3268 aliis
3543 3230 3689 3285 quo-

2030 3314 2143 3370 que
2175 3315 2302 3369 qua:
2333 3298 2422 3331 ¹⁵⁶⁹
2454 3304 2781 3355 memoratu
2812 3299 3002 3372 dignm
3034 3306 3450 3356 successerunt
3480 3319 3684 3373 perso-

2034 3404 2140 3453 nae,
2160 3378 2339 3457 quam
2369 3386 2668 3443 succincte
2698 3405 2791 3442 res
2822 3389 3301 3460 pacientur,mox
3332 3390 3545 3446 inferre
3566 3409 3684 3446 non

2032 3476 2461 3546 inconsequens
2492 3476 2974 3532 arbitramur.lta
3004 3477 3370 3550 enim,plano
3391 3480 3686 3552 quodam-

2032 3564 2204 3620 modo
2222 3563 2432 3636 spatio,
2450 3562 2519 3618 de
2530 3564 2653 3619 viro
2675 3580 2791 3636 quo
2818 3566 3235 3639 proposuimus
3265 3567 3535 3623 decurret
3554 3586 3688 3624 nar-

2032 3653 2181 3709 ratio
2212 3651 2395 3707 libera
2426 3656 2602 3724 atque
2633 3654 2909 3709 omnibus
2940 3654 3209 3726 expedita
3255 3655 3366 3711 sibi
3415 3656 3682 3728 primum

2031 3740 2342 3809 absolutis,
2375 3741 2482 3797 soli
2516 3745 2747 3797 tantum
2779 3743 3078 3814 proposito
3108 3743 3496 3801 oontinuuset
3516 3744 3684 3801 nullo

2031 3830 2345 3886 intercisus
2394 3828 2560 3885 labor
2591 3831 2895 3886 incumbat
2946 3832 3197 3904 negotio.
3231 3831 3305 3889 Ut
3332 3848 3469 3906 ergo
3500 3850 3684 3890 suave

2032 3920 2269 3992 fragans
2303 3920 2390 3953 ¹⁵τ⁰
2421 3920 2582 3989 odor,
2616 3920 2675 3974 in
2708 3937 2825 3992 qua
2854 3920 3123 3977 Christus
3169 3922 3537 3992 recubuerat,
3571 3923 3684 3978 do-

2031 4024 2167 4064 mus
2199 4008 2396 4079 ibique
2420 4008 2593 4078 juxta
2625 4009 2711 4064 vel
2740 4009 2943 4081 procul
2992 4026 3301 4081 respersus
3330 4016 3440 4074 est,
3476 4011 3685 4068 ﬁdeles

2030 4097 2249 4169 quique
2281 4113 2347 4153 eo
2388 4098 2826 4167 adtracti,mira
2864 4097 3161 4154 celeritate
3186 4100 3446 4171 undique
3476 4115 3688 4171 cepere

2029 4185 2527 4242 concurrere.Nec
2548 4184 2739 4242 solum
2772 4186 2871 4258 qui
2893 4192 3100 4243 sancto
3132 4186 3557 4258 desideriojam
3577 4189 3690 4243 du-

2031 4275 2172 4329 dum
2222 4274 2478 4343 accensi,
2523 4272 2609 4329 vel
2659 4274 2875 4346 spiritu
2924 4274 3214 4331 occultius
3263 4274 3557 4345 inspirati,
3591 4276 3687 4331 vel

2028 4362 2274 4420 lectione
2304 4362 2501 4418 divina
2530 4364 2788 4431 excitati,
2821 4364 2922 4435 qui
2956 4364 3040 4421 eis
3066 4364 3217 4419 viam
3252 4369 3417 4419 rectae
3441 4380 3687 4420 conver-

2029 4452 2274 4508 sationis
2305 4452 2640 4509 ostenderct
2669 4453 3107 4523 exspectabant,
3142 4469 3275 4507 mox
3324 4456 3446 4506 tota
3493 4452 3685 4507 avidi-

2027 4546 2145 4598 tate
2176 4542 2330 4613 quod
2371 4540 2634 4596 oblatum
2667 4541 2985 4597 cernebant
3016 4541 3265 4614 amplexi
3297 4546 3457 4606 sunt,
3474 4557 3683 4598 verum

2028 4629 2124 4685 alii
2158 4645 2410 4701 quoque,
2446 4628 2544 4700 qui
2577 4633 2821 4685 eatenus
2853 4629 3048 4701 frigidi
3082 4629 3376 4701 torpuisse
3405 4629 3685 4685 videban-

264 4720 421 4775 idem
452 4725 687 4792 tempus
721 4720 848 4776 dua:
879 4719 1075 4791 oppidi
1112 4721 1299 4793 ipsius
1347 4720 1632 4793 religiosae
1685 4722 1913 4777 feminae
1944 4737 1992 4803 D
2026 4723 2142 4784 tur,
2178 4717 2388 4772 horum
2420 4717 2703 4788 exemplis
2737 4718 3033 4785 concitati,
3068 4722 3374 4789 tamquam
3407 4717 3682 4772 carboni-

264 4806 476 4864 cellula
508 4808 753 4865 seorsim
782 4812 1015 4863 remotae
1049 4809 1121 4863 ab
1144 4826 1208 4864 eo
1241 4810 1727 4881 instituebantur,
1759 4816 1815 4866 et
1847 4829 1914 4867 ex

261 4897 521 4952 fenestra
539 4899 772 4952 tantum
790 4895 1012 4951 cellulae
1038 4898 1280 4952 verbum
1305 4898 1569 4954 doctrinc
1587 4916 1689 4955 seu
1709 4904 1910 4955 cetera:

262 4984 659 5040 institutionis
672 4983 1316 5040 sumebant.Alizeitem
1332 4985 1458 5040 duo:
1483 4988 1636 5058 apud
1662 4989 1909 5045 eamdon

261 5072 467 5129 urbem
498 5072 627 5144 ejus
660 5077 799 5128 sunt
830 5072 1230 5128 exhortatione
1265 5091 1542 5140 accensa},
1561 5093 1813 5147 quarum
1836 5078 1913 5133 al-

260 5164 387 5216 tera
417 5165 606 5216 mater
625 5160 1017 5232 plurimarum
1048 5161 1398 5217 ancillarum
1446 5162 1660 5220 Christi
1708 5169 1911 5237 postea

260 5247 413 5306 facta
443 5253 534 5307 est
564 5249 713 5320 (377)
745 5249 805 5305 in
838 5247 1130 5305 territorio
1163 5248 1445 5305 Tunlensi
1490 5251 1600 5323 “‘67,
1632 5252 1757 5310 loco
1808 5254 1908 5326 qui

2024 4808 2134 4863 bus
2163 4806 2308 4861 vivis
2344 4806 2454 4860 sibi
2489 4806 2745 4862 admotis
2774 4806 3060 4874 calofacti,
3095 4807 3165 4862 ad
3200 4822 3404 4862 eorum
3439 4822 3687 4862 consor-

2022 4896 2169 4950 tium
2203 4894 2617 4950 ardentissime
2652 4895 3030 4951 festinabant.

2091 4986 2181 5039 55.
2206 4983 2404 5054 Neque
2437 4982 2497 5037 hi
2530 4983 2648 5038 fere
2679 4984 3038 5056 quicumque
3070 4984 3139 5039 de
3172 4984 3364 5049 trivio,
3380 4984 3482 5041 sed
3501 4984 3682 5040 urba-

2021 5089 2231 5129 narum
2251 5070 2595 5126 deliciarum
2608 5070 2922 5143 gloriaeque
2941 5077 3354 5145 ctsumptuum
3378 5075 3537 5129 fuere
3558 5090 3684 5130 non

2021 5157 2393 5234 ignobilium,
2410 5175 2661 5229 quorum
2681 5159 2857 5215 etiam
2875 5159 3086 5231 Opibus
3108 5178 3223 5217 non
3240 5161 3471 5217 modica
3482 5159 3685 5232 supel-

2020 5248 2212 5306 lectile
2238 5247 2402 5304 locus
2433 5252 2521 5303 est
2551 5253 2781 5305 auctus.
2800 5248 2865 5304 In
2887 5248 2982 5305 his
3004 5250 3390 5321 patruusjam
3412 5249 3556 5306 dicti
3580 5266 3679 5305 ve-

1610 5375 1852 5435 VARI/E
1889 5372 2311 5438 LECTIONES.

327 5490 416 5526 1565
447 5504 731 5548 οοηερηεο
763 5503 808 5543 ε,
888 5486 975 5520 ιδθδ
1006 5485 1194 5540 fuerat
1223 5501 1364 5541 corr.
1393 5486 1568 5543 fuerit
1595 5505 1640 5545 c.

1720 5493 1806 5528 ¹⁵⁶⁷
1838 5496 1914 5551 ita
1941 5510 1988 5551 c.
2065 5491 2154 5529 1⁵⁸⁸
2184 5487 2238 5545 ei
2266 5502 2410 5561 gens
2435 5504 2481 5543 ο.

2562 5488 2650 5524 ¹⁵⁶⁰
2678 5488 2824 5561 deest
2851 5491 2910 5544 in
2942 5507 2984 5549 ε.
3067 5490 3155 5527 ¹⁵⁷⁰
3183 5488 3448 5566 fraglans
3478 5507 3524 5549 ε.

1859 5617 2093 5677 NOTAE.

330 5724 482 5798 (377)
506 5719 835 5798 511119962-
1003 5785 1042 5798 ,κ
1277 5785 1291 5798 .
1375 5786 1410 5798 ..
1515 5788 1552 5798 ..

320 5785 473 5868 (378$
505 5785 1232 5858 Bouxieres-aux-Dames,
1277 5785 1449 5844 hodie
1498 5788 1666 5849 dieeo.
1719 5790 1893 5849 Nam-

2013 5719 2287 5781 ceiensis.

2081 5792 2224 5871 (379)
2256 5788 2415 5847 Obiit
2447 5806 2498 5848 a.
2535 5790 2660 5850 963.
