3868 6470
208 637 325 697 269

1114 638 1215 699 DE
1259 638 1442 701 VITA
1481 638 1804 700 JOANNIS
1849 637 2182 700 ABBATIS
2231 640 2710 702 GORZIENSIS.

3499 644 3619 702 270

210 769 484 825 nerabilis
515 770 717 824 domni
748 769 1128 826 Adelberonis
1146 773 1254 826 fuit
1275 771 1737 843 Fredericus,qni
1767 773 1854 826 in-
1886 775 1939 840 Α
2040 775 2129 827 57.
2162 774 2247 827 Ad
2279 772 2431 827 idem
2460 774 2640 829 ferme
2674 738 2925 845 tempus,
2962 775 3256 846 specimen
3289 780 3353 829 ut
3403 776 3486 829 ita
3530 776 3617 830 di-

208 858 469 914 fantulus
483 858 721 931 quidem
738 860 1091 914 monasterio
1105 861 1289 914 sancti
1309 861 1683 915 llumbertim
1696 861 1859 931 1(380)

206 948 393 1003 fuerat
414 947 807 1019 mancipatus,
823 949 923 1003 sed
958 948 1139 1002 simili
1155 949 1381 1003 caeteris
1406 950 1492 983 ¹⁵⁷²
1515 948 1639 1004 loco
1657 964 1859 1005 eorum

207 1035 408 1090 morbo
424 1034 698 1107 pallente,
717 1035 841 1107 ipse
854 1037 1357 1108 quemadmodum
1377 1039 1668 1108 majorum
1690 1039 1861 1093 duce-

207 1124 402 1192 batur,
446 1123 749 1195 exemplis,
799 1124 1200 1181 indifferenter
1248 1124 1447 1181 seculo
1495 1128 1875 1182 convivebat;

205 1213 459 1284 Eratque
483 1214 555 1268 ad
590 1213 645 1267 id
680 1214 983 1285 temporis,
1011 1214 1304 1286 quiajam
1335 1216 1661 1270 admodum
1692 1219 1859 1271 aetate

205 1304 586 1373 processerat,
619 1307 676 1356 et
709 1320 1059 1375 magnorum
1110 1308 1405 1376 quantum
1454 1306 1527 1359 ad
1573 1305 1860 1360 secularia

193 1407 485 1446 sensuum
520 1391 723 1462 virque
754 1392 1086 1447 industrius
1106 1392 1436 1457 videbatur,
1460 1393 1734 1467 episc0po
1755 1395 1858 1448 ad-

204 1479 318 1534 huc
340 1480 750 1551 tuncjunioris
766 1480 1277 1548 zetatisadherens,
1302 1483 1474 1553 cujus
1495 1487 1554 1537 et
1583 1483 1858 1539 consultu

205 1567 480 1640 pleraque
516 1574 656 1624 tunc
681 1569 737 1623 in
771 1569 1068 1641 episcopio
1090 1571 1438 1642 agebantur.
1461 1570 1691 1627 Animis
1713 1590 1856 1644 prae-

204 1661 456 1726 terea,ut
474 1674 603 1714 vere
625 1662 893 1730 patruus,
908 1659 1318 1726 severioribus,
1335 1676 1369 1713 a
1391 1659 1660 1730 pluribus
1677 1676 1857 1731 quam

207 1763 343 1817 sepe
375 1763 491 1802 non
526 1746 1178 1818 necessariisjuvenilia
1193 1746 1501 1804 molimina
1526 1749 1854 1804 revocabat.

202 1835 309 1889 Hic
336 1836 575 1891 tandem
608 1835 924 1907 aliquando
955 1851 1156 1891 secum
1188 1839 1689 1903 retractans,cum
1722 1841 1858 1893 tan-

201 1929 327 1979 tam
357 1925 678 1980 eorundem
699 1924 957 1979 virorum
982 1924 1081 1980 Dei
1112 1924 1332 1980 videret
1357 1925 1859 1994 instantiam,cor-

205 2013 280 2068 de
324 2016 734 2085 compunctus,
787 2013 1015 2068 cunctis
1063 2030 1190 2084 qua
1241 2030 1303 2069 se
1351 2013 1503 2069 male
1554 2014 1858 2070 illexerant

201 2101 562 2209 posthabitis
593 2101 1120 2171 commodis,ocius
1140 2103 1224 2158 eis
1251 2104 1517 2159 accessit.
1533 2105 1647 2159 Nec
1669 2104 1855 2159 multo
1886 2144 1936 2209 Β

214 2194 351 2262 post
378 2189 490 2246 loci
522 2190 709 2262 ipsius
740 2192 1090 2263 prepositus
1129 2196 1263 2262 post
1309 2193 1583 2247 abbatem
1623 2193 1711 2227 "‘73
1740 2197 1856 2248 sta-

213 2281 422 2347 tuitur,
440 2296 506 2335 ac
535 2281 790 2336 domnus
821 2280 1119 2335 Johannes
1150 2280 1203 2335 ei
1251 2280 1458 2336 solatio
1507 2281 1860 2353 subponitur

207 2369 549 2424 157‘.Postea
577 2374 774 2424 autem
808 2374 1013 2441 rogatu
1030 2368 1286 2441 episcopi
1321 2370 1466 2441 (381)
1490 2370 1859 2425 Leodicensis

206 2457 466 2513 Ricbarii
500 2457 857 2514 monasterio
890 2458 1124 2530 proprio
1153 2458 1664 2515 sanctiHumberti
1697 2459 1862 2514 resti-

205 2551 371 2601 tutus
401 2551 459 2601 et
487 2545 739 2617 regulari
768 2547 971 2601 ordine
1002 2546 1186 2602 abbas
1218 2547 1547 2618 prasfectus,
1582 2564 1767 2617 usque
1799 2546 1857 2601 in

200 2636 382 2689 ﬁnem
414 2634 692 2690 laudabili
724 2633 1183 2689 conversationis
1215 2634 1404 2707 rigore
1435 2651 1556 2695 rem
1598 2635 1854 2690 divinam

206 2724 432 2795 optime
462 2723 787 2778 monastico
820 2727 1018 2779 tenore
1046 2723 1353 2777 continuit.
1374 2722 1533 2778 Situs
1551 2729 1641 2779 est
1656 2725 1859 2779 Treve-

200 2812 282 2867 ris
316 2812 376 2866 in
410 2813 763 2868 monasterio
795 2813 983 2868 sancti
1031 2811 1354 2878 Maximini,
1389 2828 1505 2884 quo
1547 2813 1691 2866 dum
1740 2812 1853 2868 sol-

206 2900 530 2973 lempnitas
578 2900 967 2956 dedicationis
1007 2900 1155 2972 (382)
1205 2917 1341 2956 eum
1390 2902 1616 2969 invitat,
1651 2902 1854 2963 morbo

199 2996 439 3063 repente
470 3007 748 3063 pervasus
787 2989 944 3045 diem
994 2994 1322 3044 extremum
1375 2991 1676 3063 ingressus
1725 2995 1852 3059 est;

199 3096 468 3153 novaque
496 3096 640 3135 nove
672 3079 893 3133 fabrica
924 3077 1180 3134 ecclesia:
1219 3096 1365 3134 novo
1413 3079 1588 3151 ospiti
1638 3096 1853 3134 novum

199 3170 397 3242 primo
428 3168 625 3225 sinum
657 3167 906 3239 aperuit.
1008 3181 1011 3184 ‘

265 3260 361 3314 56.
381 3256 729 3330 Simili(383)
742 3256 916 3311 modo
928 3255 1317 3312 Virdunensis
1338 3256 1610 3312 (ecclesiae
1626 3257 1854 3329 primus

190 3347 263 3404 ab
277 3347 558 3418 episcopo
571 3363 774 3402 curam
787 3344 1198 3412 herensOdilo,
1212 3345 1302 3400 vir
1322 3345 1619 3401 natalibus
1631 3345 1847 3414 clarus,

190 3435 475 3493 facultate
494 3434 817 3503 sufﬁciens,
834 3433 891 3487 in
908 3434 1081 3489 rebus
1096 3434 1339 3506 agendis
1360 3435 1678 3490 admodum
1703 3438 1849 3490 stre-

1971 878 2101 916 caln
2130 866 2185 916 et
2218 864 2324 916 llos
2353 863 2481 932 ejus
2513 863 2667 933 quod
2691 867 2827 917 tunc
2860 863 3111 918 caelestis
3133 864 3619 933 eompingebatur

1971 949 2638 1020 sertijucundisssimus
2651 954 2825 1023 atque
2838 951 3499 1024 spectatudignissimus
3510 953 3620 1006 An-

1971 1038 2322 1111 gilramnus,
2348 1040 2536 1110 primo
2567 1039 2885 1108 Tullensis,
2910 1040 3119 1096 deinde
3151 1044 3366 1095 sanctas
3389 1056 3623 1112 quoque

1972 1127 2253 1185 Metensis
2283 1128 2554 1184 ascclesia:
2582 1128 2973 1201 primicerius,
3003 1128 3307 1184 nobilitate
3326 1132 3383 1184 et
3412 1128 3622 1200 opibus

1971 1232 2040 1271 ea
2068 1222 2256 1285 aetate,
2291 1218 2565 1289 quodque
2595 1222 3021 1290 consequenter
3053 1218 3203 1273 satis
3234 1222 3391 1273 esset
3425 1216 3622 1289 gloria:

1970 1310 2276 1377 praestans,
2307 1305 2493 1361 moles
2515 1323 2714 1361 secum
2754 1308 2883 1362 auri
2912 1311 3089 1378 atque
3119 1304 3347 1378 argenti
3376 1309 3621 1361 caetera:-

1970 1410 2084 1465 que
2114 1393 2385 1452 cumulos
2419 1394 2800 1467 supellectilis
2829 1395 3090 1462 trahens,
3122 1396 3311 1450 instar
3341 1395 3622 1465 primitivi

1968 1482 2128 1538 illius
2158 1483 2463 1556 apostolici
2486 1482 2686 1557 populi
2705 1485 2763 1538 in
2785 1501 2929 1540 usus
2940 1500 3265 1555 pauperum
3280 1483 3617 1555 redigenda,
3702 1506 3715 1523 -

1969 1577 2236 1628 sanctam
2267 1572 2429 1629 illam
2462 1574 2818 1629 socizetatem
2858 1572 3117 1645 expetiit.
3152 1571 3341 1629 Predii
3388 1588 3621 1645 quoque

1969 1679 2085 1717 non
2119 1661 2437 1734 ignobilem
2468 1663 2862 1735 quantitatem
2894 1661 3252 1719 monasterio
3303 1662 3413 1718 sub
3444 1666 3621 1718 testa-

1968 1755 2167 1806 mento
2189 1754 2469 1823 perpetuo
2491 1751 2873 1807 obtinendam
2895 1750 3269 1808 contradidit.
3285 1752 3469 1824 Cujus
3493 1768 3621 1823 qua;

1967 1839 2347 1911 postmodum
2381 1838 2600 1893 fuerint
2616 1838 3076 1895 conversationis
3097 1839 3624 1913 insignia,quanta—

1967 1943 2079 1998 que
2102 1926 2447 1981 fortitudine
2474 1927 2655 1981 robur
2675 1930 2969 1983 structure
2990 1928 3120 1999 ejus
3152 1928 3212 1983 in
3243 1927 3536 2000 reliquum
3558 1944 3621 1984 se

1966 2016 2241 2083 tenuerit,
2277 2014 2505 2088 gratius
2558 2015 2804 2071 forsitan
2850 2017 3143 2083 audietur,
3186 2016 3237 2072 si
3284 2016 3468 2088 prius,
3502 2033 3620 2089 quo

1969 2104 2277 2176 paululum
2303 2104 2471 2158 initia
2490 2105 2620 2174 ejus
2638 2103 2896 2175 impulsa
2914 2105 3617 2171 visasuntvacillassem’,

1966 2192 2219 2248 breviter
2250 2192 2708 2264 perstringetur;
2743 2209 2878 2248 cum
2912 2195 3235 2264 praesertim
3268 2211 3614 2262 concussus,

1970 2297 2086 2336 non
2119 2282 2370 2336 statione
2401 2281 2636 2352 penitus
2664 2281 2743 2336 sit
2773 2282 3138 2349 exturbatus,
3173 2298 3357 2354 eoque
3390 2283 3619 2339 ﬁrmius

1968 2374 2172 2442 postea
2222 2370 2429 2441 pedem
2480 2369 2690 2437 ﬁxerit,
2722 2385 2837 2441 quo
2885 2371 2957 2425 ad
2989 2374 3224 2442 tempus
3254 2387 3382 2426 sese
3422 2372 3616 2445 negle-

1968 2459 2202 2530 gentius
2235 2458 2429 2513 locum
2462 2475 2636 2529 quem
2679 2464 2911 2530 ceperat
2941 2460 3282 2515 observasse
3329 2459 3613 2516 doluerat.

2038 2549 2128 2601 58.
2166 2548 2218 2602 Is
2251 2547 2451 2618 itaque
2484 2546 2581 2601 ubi
2616 2563 2750 2601 cum
2787 2564 2852 2602 eo
2904 2564 3019 2619 quo
3069 2548 3327 2603 diximus
3377 2554 3616 2622 sumptu

1968 2639 2280 2707 susceptus
2303 2641 2412 2702 est,
2428 2652 2493 2689 eo
2512 2636 2665 2706 quod
2693 2635 2890 2707 ampla
2918 2642 3043 2691 erat
3074 2652 3323 2707 persona
3343 2642 3399 2692 et
3421 2655 3488 2692 ex
3520 2639 3616 2694 de-

1966 2723 2138 2789 liciis,
2174 2724 2518 2795 cunctisque
2549 2724 2810 2793 ipsorum
2837 2729 2974 2780 ante
3006 2725 3618 2795 notissimus,mollius

1966 2812 2174 2866 ceteris
2205 2812 2571 2867 tractabatur
2598 2816 2775 2882 atque
2820 2812 3235 2868 honorabatur.
3267 2813 3413 2870 Nam
3463 2819 3520 2869 et
3550 2831 3620 2869 ex

1965 2900 2095 2971 ejus
2126 2899 2439 2954 clientibus
2457 2898 2639 2970 aliqui
2672 2900 2741 2954 ad
2762 2900 2916 2955 idem
2949 2917 3011 2956 se
3031 2902 3399 2974 propositum
3416 2907 3618 2958 contu-

1965 2986 2174 3042 lerant.
2210 2987 2339 3058 lpse
2370 2985 2611 3054 interea,
2644 2986 2728 3041 uti
2761 2986 2861 3058 qui
2905 2987 3154 3042 necdum
3203 3005 3380 3060 quam
3433 2987 3615 3044 semel

1965 3074 2117 3130 male
2149 3074 2469 3131 admiserat
2498 3073 2745 3146 gloriam
2776 3076 3025 3146 perfecte
3064 3077 3236 3132 corde
3265 3077 3612 3149 dispulerat,

1964 3179 2338 3235 nequaquam
2388 3179 2555 3234 siqua
2598 3161 2729 3217 aliis
2779 3164 2920 3234 pati,
2954 3167 3012 3219 et
3059 3181 3164 3236 pro
3206 3164 3298 3219 his
3330 3182 3457 3237 qua:
3488 3165 3615 3222 loco

1963 3251 2291 3308 contulerat
2301 3250 2475 3323 paulo
2488 3250 2947 3308 incontinentins
2958 3251 3227 3309 elevari.J
3233 3270 3445 3325 amque
3456 3255 3613 3327 quod

1962 3358 2348 3413 consequens,
2366 3339 2868 3411 increpationibus
2892 3342 3231 3414 obstrepere
3263 3342 3371 3411 ⁸⁵⁷⁸,
3386 3359 3614 3415 correp-

1961 3430 2222 3486 tionibus
2240 3447 2355 3484 non
2369 3428 2766 3501 adquiescere,
2781 3435 2839 3485 et
2853 3431 2936 3484 uti
2949 3430 3049 3502 qui
3076 3447 3138 3487 se
3160 3431 3419 3488 minores
3432 3449 3611 3488 cunc-

195 3542 374 3593 nuus,
409 3529 470 3579 et
499 3524 549 3580 si
579 3522 857 3579 clericum
890 3523 1034 3578 forte
1065 3540 1181 3577 non
1204 3522 1535 3595 impediret,
1571 3522 1730 3577 nullo
1763 3523 1852 3558 ¹⁵⁷⁶
1881 3506 1925 3572 C
1967 3523 2056 3574 tos
2083 3519 2428 3585 attenderet,
2462 3518 2631 3590 quasi
2666 3518 2736 3573 de
2767 3519 3054 3589 superiori
3086 3518 3210 3575 loco
3259 3521 3612 3576 sententiam

194 3631 307 3687 que
340 3613 550 3669 mundi
582 3612 693 3667 fert
722 3611 982 3667 ambitus
1013 3610 1123 3665 loci
1168 3611 1258 3665 sui
1310 3611 1587 3682 cuiquam
1633 3611 1843 3682 impar,

195 3702 431 3759 cunctis
472 3701 591 3756 illis
640 3700 1014 3755 mordacibus
1064 3700 1152 3734 "7°
1201 3698 1358 3756 curis
1404 3700 1655 3770 rejectis,
1711 3700 1848 3755 huic

191 3795 398 3847 sancte
428 3788 760 3862 paupertati
791 3805 1012 3860 pauper
1044 3788 1255 3859 spiritu
1274 3790 1464 3843 factus
1495 3805 1556 3842 se
1577 3787 1844 3855 contulit,

192 3880 591 3954 exiguumque
620 3894 687 3932 ac
716 3876 829 3933 vile
858 3875 1216 3948 stipendium
1239 3874 1467 3930 cunctis
1498 3875 1710 3931 seculis
1733 3875 1850 3948 opi-

192 3969 305 4024 bus
335 3968 656 4042 gloriosius
686 3970 743 4021 et
773 3964 1166 4022 sufﬁcientius
1196 3963 1513 4019 estimavit.
1543 3964 1595 4018 ls
1617 3980 1849 4035 quoque

192 4063 328 4130 post
358 4058 511 4113 bene
554 4054 827 4111 adultum
878 4058 1093 4109 sancta:
1144 4052 1601 4108 conversationis
1650 4053 1847 4120 robur,

191 4146 417 4219 petitus
449 4142 851 4200 reformationi
884 4141 1248 4208 monasterii,
1286 4142 1442 4212 quod
1475 4141 1693 4196 dicitur
1721 4141 1849 4197 Sta-

192 4232 567 4300 bulaculum,
599 4231 938 4302 ibidemque
970 4233 1274 4301 promotus
1307 4229 1476 4301 (384),
1511 4230 1580 4284 ad
1615 4230 1851 4285 rectitu-

195 4324 355 4379 dinis
388 4322 599 4388 lineas,
634 4336 763 4392 qua:
794 4335 973 4390 prava
1003 4319 1150 4373 forte
1179 4317 1498 4384 invenerat,
1514 4317 1745 4373 Christo
1758 4335 1855 4373 au-

198 4411 444 4467 xiliante
465 4409 716 4465 correxit
732 4425 745 4476 ;
763 4407 860 4463 ubi
874 4406 1051 4462 etiam
1065 4422 1304 4461 cursum
1321 4410 1541 4461 natura:
1560 4406 1851 4477 persolvit.

1962 3609 2130 3674 ferre,
2165 3607 2268 3662 sed
2300 3611 2357 3660 et
2389 3606 2438 3662 si
2473 3606 2571 3678 qui
2604 3607 2751 3661 forte
2782 3606 3122 3663 inﬁrmioris
3152 3608 3335 3662 animi
3372 3608 3486 3663 sibi
3508 3626 3612 3681 pro

1959 3696 2223 3750 moribus
2254 3692 2660 3760 accessissent,
2695 3711 2794 3749 eos
2825 3700 3028 3749 contra
3059 3696 3353 3764 majorum
3388 3694 3617 3767 prolata

1959 3801 2062 3856 pro
2094 3783 2269 3838 libitu
2295 3782 2579 3837 contueri.
2610 3782 2696 3836 Ad
2729 3782 2834 3837 hec
2868 3788 3033 3854 pater
3081 3782 3361 3838 Einoldus
3394 3784 3612 3840 caeteri-

1961 3890 2073 3944 que
2095 3873 2222 3943 jam
2255 3871 2522 3942 perfecta:
2556 3870 2614 3924 in
2646 3870 2876 3924 Christo
2909 3870 3118 3938 aztatis,
3150 3870 3341 3927 multa
3388 3889 3491 3944 pro
3525 3889 3612 3928 re-

1962 3962 2075 4016 bus
2106 3965 2164 4015 et
2194 3958 2560 4030 temporibus
2612 3958 2950 4025 reclamare,
2992 3959 3232 4026 hortari,
3285 3961 3611 4029 obsecrare,

1962 4055 2018 4105 et
2049 4053 2222 4122 prout
2255 4052 2394 4102 satas
2444 4050 2743 4118 pateretur
2772 4046 2946 4119 paulo
2988 4049 3246 4104 severius
3279 4049 3617 4123 objurgare.

1964 4138 2190 4204 Quibus
2221 4141 2416 4191 tamen
2451 4152 2876 4206 nonnunquam
2908 4137 3023 4192 fere
3052 4137 3351 4193 acerbiora
3380 4139 3439 4193 in
3470 4140 3614 4194 facie

1963 4227 2242 4290 referens,
2274 4224 2368 4278 vix
2398 4222 2746 4278 contumelis
2776 4223 3160 4295 temperabat.

2032 4314 2124 4370 59.
2160 4312 2310 4379 Quid
2343 4312 2559 4384 plura?
2592 4310 2737 4366 Cum
2772 4316 3034 4383 tempore
3078 4312 3198 4368 Ι]ωο
3251 4318 3436 4370 tracta
3483 4314 3616 4386 plus

1965 4419 2138 4477 opere
2169 4400 2451 4473 longiore,
2489 4401 2716 4472 ingrata
2746 4400 2996 4454 nimium
3029 4401 3187 4457 tedia
3225 4403 3612 4473 peperissent,

1562 4530 1805 4588 VARI/1°]
1835 4526 2256 4587 LECTIONES.

267 4652 351 4686 ¹⁵⁷¹
388 4651 603 4721 corrige
634 4647 991 4721 Hucbertir“
1011 4646 1099 4681 ¹⁵⁷²
1130 4647 1414 4721 ceteris}.
1448 4717 1459 4721 _
1495 4644 1583 4682 ¹³τ³
1611 4646 1886 4703 habatem
1916 4663 1964 4703 ε.
2043 4644 2132 4678 ¹⁵¹¹⁴
2163 4641 2541 4713 subpunitur.
2624 4640 2709 4674 ⁸⁵⁷⁵
2738 4641 2782 4695 i.
2805 4656 2853 4696 e.
2877 4637 3039 4695 nullo
3069 4656 3272 4696 eorum
3303 4657 3450 4712 quas.
3530 4642 3620 4677 ποτε

195 4716 566 4778 mordatibus
595 4738 640 4778 ε.
721 4720 809 4754 ¹⁸⁷⁷
842 4716 1131 4775 facillasse
1162 4734 1210 4772 ε.
1291 4718 1379 4751 ¹⁵⁷³
1410 4717 1713 4790 obtrepere
1744 4736 1789 4774 ε.

1795 4815 2028 4873 NOT/E.

265 4936 423 5006 (380)
455 4935 623 4991 Saint
648 4933 951 5006 Humbert.

266 5004 421 5075 (381)
443 5006 629 5060 Annis
658 5004 927 5060 922-945.

264 5079 419 5146 (382)
449 5079 615 5132 Anno
645 5076 770 5131 942.
1153 5145 1161 5146 ί
1443 5144 1451 5146 _
1612 5088 1631 5107 '

267 5144 418 5220 (383)
454 5147 729 5220 Kadroles
783 5161 1017 5220 quoque
1076 5145 1188 5220 sub
1224 5144 1536 5220 _Agenoldo
1587 5146 1855 5220 Gorziam

208 5216 499 5291 de'git,'utr
520 5235 590 5273 ex
620 5219 764 5273 Vitae
795 5216 1077 5291 ejusicap.
1105 5217 1175 5270 24
1189 5216 1491 5291 discimus
1525 5234 1538 5271 :
1578 5242 1599 5291 ξι
1639 5218 1861 5291 Rumor

200 5286 382 5362 igitur
403 5290 624 5362 ubique
652 5286 862 5345 nomen
893 5286 1355 5362 ejus—detulerat,
1371 5292 1427 5342 et
1449 5288 1520 5342 de
1542 5287 1858 5362 virtutibus

200 5357 304 5432 viri
337 5357 548 5417 omnes
575 5366 779 5432 gentes
813 5357 1469 5432 narrabantLAdalbero
1500 5358 1712 5432 prmsul
1755 5375 1856 5432 no-

203 5430 339 5488 bilis
352 5428 611 5488 nobilem
636 5431 984 5487 Metensium
1002 5428 1274 5484 nobiliter
1293 5428 1860 5500 guberriabatcathe-

207 5503 398 5558 dram.
433 5503 700 5575 Cumque
730 5519 761 5575 e
790 5501 1037 5575 diversis
1069 5500 1337 5575 partibus
1369 5500 1555 5555 multa
1606 5501 1678 5575 ad
1724 5516 1857 5575 eum

203 5575 491 5646 perferret
521 5571 698 5641 fama,
730 5571 1193 5646 hujushquo’que
1221 5571 1326 5626 viri
1359 5571 1818 5646 nomen__detu_lit
1844 5588 1857 5639 ;

203 5642 261 5701 Et
292 5651 361 5701 ut
407 5650 539 5701 erat
579 5642 826 5702 amator
853 5642 1284 5715 religiosorum,
1315 5642 1684 5715 venerabiles
1706 5642 1860 5715 viros

206 5715 577 5789 Agenaldum
609 5720 667 5772 et
694 5712 991 5789 Austeunf
1011 5714 1085 5789 ad
1117 5729 1180 5768 se
1197 5713 1615 5789 advocato_s,de
1638 5713 1757 5789 viro
1777 5712 1863 5789 in-

201 5784 542 5866 trii-rogavit,
576 5792 635 5866 et
665 5786 959 5866 quomodo
990 5785 1064 5866 ad
1087 5800 1229 5866 eum
1251 5784 1570 5866 perveniat,
1594 5784 1857 5866 inquirit.

200 5854 582 5931 Venerabiles
603 5854 730 5931 jam
762 5857 947 5930 igitur
984 5854 1126 5931 dicti
1156 5854 1287 5931 vir_i,
1318 5854 1611 5931 desiderio
1659 5854 1861 5931 domni

205 5929 505 6009 pontiﬁcis
536 5925 955 6003 rescitofsaepe
984 5927 1177 5987 virum
1230 5925 1330 5986 Dei
1382 5943 1561 6003 super
1603 5942 1669 5985 eo
1718 5925 1859 5985 allo-

1893 4935 1939 5000 D
2013 4932 2254 4984 nuntur.
2289 4923 2578 4981 Solemnis
2627 4927 2751 4978 erat
2797 4923 2942 4990 dies,
2977 4941 3092 4996 qua
3139 4924 3293 4980 beati
3345 4926 3622 4999 martyris

1970 4947 2247 5057 gorgonii
2281 4997 2564 5057 agebatur
2595 4995 2799 5049 festiva
2840 4995 3126 5051 memoria
3155 4998 3210 5057 (v
3252 4997 3379 5053 Idus
3425 4999 3617 5057 δεῖνι).

2021 4998 2247 5072 orgonii
2281 4997 2564 5072 agebatur
2595 4995 2799 5072 festiva
2840 4995 3126 5072 memoria
3155 4998 3210 5068 (v
3252 4997 3379 5053 Idus
3425 4995 3617 5072 Sept),

1969 5076 2024 5126 et
2057 5066 2773 5141 nﬁdique’conﬁnentibugx
2785 5066 3042 5141 populis,
3060 5067 3073 5120 i
3084 5066 3183 5141 pse
3199 5084 3431 5141 quoque
3444 5066 3620 5125 homo

1968 5142 2070 5198 Dei
2103 5137 2365 5212 Kaddroe
2398 5138 2727 5191 advenerat.
2755 5137 2918 5192 Nacti
2942 5137 3139 5210 itaque
3159 5137 3374 5207 locum,
3400 5141 3450 5194 ei
3476 5158 3620 5212 prae-

1969 5213 2117 5269 sulis
2146 5210 2503 5266 voluntatem
2534 5213 2853 5281 exponunt,
2870 5214 2926 5263 et
2955 5226 3095 5265 suas
3117 5228 3316 5281 preces
3330 5210 3620 5275 antehxm

1968 5285 2422 5356 prosternentes,
2451 5285 2514 5334 ut
2546 5295 2744 5333 secum
2778 5279 3132 5356 dignaretur
3154 5298 3411 5356 manere,
3444 5300 3621 5356 expo-

1969 5349 2287 5409 scunt.Sed
2321 5350 2455 5422 quis
2487 5366 2687 5422 eorum
2722 5349 3136 5422 non'diligeret
3166 5352 3226 5407 in
3260 5349 3625 5410 terrissocie-

1970 5431 2173 5491 tatem,
2207 5421 2436 5495 quiin
2468 5421 3067 5495 cmlestibusucastris
3106 5425 3234 5494 jam
3284 5428 3624 5480 meruerant

1969 5492 2247 5551 aeternam
2278 5492 2655 5568 dignitatem._
2683 5492 2960 5548 Precibus
2989 5492 3127 5568 ergo
3158 5496 3621 5568 supplicantium

1969 5568 2194 5622 evictus
2224 5562 2533 5639 consentit,
2557 5569 2613 5619 et
2642 5562 2835 5639 locum
2868 5581 2981 5619 non
3014 5562 3185 5639 lo'nge
3215 5562 3294 5622 a'b'
3319 5568 3461 5622 urbe
3485 5567 3625 5639 Met-

1969 5640 2131 5719 tensi.
2144 5637 2523 5719 positumhet
2552 5634 2875 5719 multorum
2906 5634 3244 5719 sanctorum
3276 5636 3622 5719 corporibus

1970 5715 2027 5765 et
2055 5705 2321 5781 reliquiis
2351 5705 2643 5781 inclitum,
2677 5707 2780 5762 sed
2811 5709 2951 5781 tunc
2976 5709 3103 5778 jam
3149 5710 3219 5763 ad
3253 5705 3503 5763 nihilum
3538 5720 3624 5761 re-

1971 5778 2233 5846 dactum,
2268 5778 2529 5848 suscepit
2560 5778 3062 5848 commendatum.
3247 5793 3250 5799 '

2041 5853 2191 5923 (384)
2221 5852 2386 5907 Anno
2416 5847 2519 5907 947
2554 5848 2775 5925 synodo
2805 5847 3157 5907 Virdunensi
3190 5847 3472 5906 interfuit.
