3868 6468
283 643 395 703 271

1150 642 1479 702 JOANNIS
1527 639 1863 702 ABBATIS
1910 640 1975 700 S.
2021 640 2370 701 ABNULFI
2417 639 2829 701 METENSIS.

3580 642 3684 699 272

283 776 536 846 quadam
572 774 717 828 forte
745 771 995 839 dierum,
1012 772 1155 827 dum
1173 788 1276 845 pro
1299 772 1479 828 simili
1512 772 1708 827 nescio
1723 773 1933 845 quain-
1960 771 2018 840 Α
2047 770 2263 826 bantur
2284 773 2594 827 cotidianis
2618 772 2934 827 momentis
2954 770 3240 844 paulatim
3261 771 3544 843 quiddam
3565 773 3687 828 sub.

280 861 529 917 solentia
544 861 737 917 acrius
758 865 1123 933 argueretur,
1150 860 1439 931 majorem
1470 860 1530 915 in
1553 860 1795 915 modum
1817 860 1938 917 ani-

279 964 375 1005 mo
405 948 761 1016 concitato,e
793 954 1109 1022 conSpectu
1142 949 1373 1005 abbatis
1404 954 1463 1006 et
1495 954 1822 1006 ceterorum
1839 967 1938 1022 pa-

278 1037 818 1094 riterassidentium
832 1056 958 1096 sese
982 1039 1291 1112 proripuit,
1317 1043 1374 1095 et
1396 1037 1547 1095 male
1560 1040 1689 1111 jam
1714 1039 1930 1107 seculo,

278 1126 392 1182 nisi
425 1127 693 1183 Christus
725 1127 929 1183 obvius
962 1126 1301 1201 repulisset,
1337 1127 1737 1191 revolvendus,
1773 1127 1931 1185 clau-

278 1220 468 1271 strum
497 1231 769 1289 egressus
808 1222 918 1273 est.
954 1217 1189 1274 Fratres
1224 1216 1429 1273 tristes
1453 1234 1517 1272 ac
1550 1217 1740 1289 pavidi
1776 1217 1932 1272 inse-

276 1306 417 1374 cuti,
453 1323 587 1361 cum
619 1323 751 1361 eum
786 1307 845 1360 in
878 1306 1103 1377 porticu
1145 1305 1436 1373 exteriori,
1470 1305 1529 1361 in
1580 1324 1694 1377 qua
1734 1307 1931 1359 exiens

274 1394 985 1463 resederat,invenisscnt,
1006 1395 1138 1465 ejus
1171 1395 1423 1465 genibus
1453 1394 1932 1461 advoluti,modis

165 1484 184 1508 '
275 1483 551 1539 omnibus
583 1485 798 1556 quibus
831 1489 1103 1557 poterant
1138 1484 1580 1555 aggrediuntur,
1597 1489 1653 1539 et
1678 1501 1828 1538 nunc
1851 1484 1932 1539 di-

272 1571 391 1627 vini
410 1572 667 1627 nominis
690 1573 1105 1641 obtestatione,
1132 1590 1205 1628 ne
1236 1572 1472 1641 faceret,
1499 1573 1824 1640 obsecrare,
1858 1590 1932 1629 ne

277 1661 432 1733 quod
465 1662 611 1717 bene
642 1666 896 1734 coeperat
925 1663 1145 1718 bonum
1197 1660 1351 1717 male
1401 1661 1728 1731 amitteret;
1774 1679 1929 1719 nunc

274 1753 640 1823 perpetuam,
675 1766 803 1822 quas
834 1766 897 1806 se
927 1750 1082 1823 apud
1115 1749 1397 1807 saaculum
1448 1757 1927 1824 consequeretur,

276 1838 664 1911 ignominiam
697 1839 991 1911 objectare
1020 1856 1034 1896 :
1070 1840 1553 1897 reminisceretur
1583 1840 1772 1915 magis
1795 1846 1929 1899 ante

275 1928 458 1983 exacti
482 1927 722 1997 laboris,
759 1944 936 2001 quem
968 1933 1090 1984 tam
1125 1929 1378 2002 turpiter
1408 1929 1466 1985 in
1499 1930 1722 1986 medios
1755 1948 1927 1988 cona-

274 2019 373 2072 tus
404 2017 725 2085 desereret;
760 2016 1238 2074 reminisceretur
1267 2020 1340 2075 ad
1373 2017 1928 2090 ultimum'ﬁistricti

273 2106 580 2175 examinis,
615 2106 709 2161 cui
742 2106 985 2163 forsitan
1013 2122 1191 2163 senex
1213 2107 1340 2179 jam
1357 2109 1602 2180 jamque
1633 2124 1697 2164 se
1727 2124 1924 2165 cerne-

274 2197 361 2248 ret
391 2195 823 2267 propinquare;
858 2196 1109 2252 astutias
1146 2197 1235 2232 ¹⁵⁷⁹
1262 2196 1506 2269 insuper
1533 2196 1748 2254 diaboli
1780 2214 1925 2270 prae-

275 2289 520 2350 caveret,
547 2283 647 2355 qui
681 2285 940 2340 fructum
976 2284 1157 2339 totius
1188 2283 1405 2341 laboris
1433 2285 1484 2342 ei
1515 2286 1757 2358 gestiret
1788 2304 1927 2359 pra;-

274 2370 485 2442 ripere.
520 2370 707 2427 Multa
737 2372 797 2427 in
830 2372 985 2428 hunc
1016 2375 1257 2429 modum
1287 2372 1804 2445 replicantes,cum
1828 2376 1925 2434 ille

275 2458 465 2515 adhuc
500 2460 858 2529 inﬂexibilis,
894 2479 1002 2518 sua
1035 2467 1267 2518 tantum
1300 2463 1413 2519 sibi
1445 2464 1829 2522 redderentur
1857 2498 1925 2507 -—

274 2564 336 2604 se
369 2548 662 2621 deinceps,
682 2551 821 2622 quid
857 2567 918 2606 se
946 2551 1132 2621 ﬁeret,
1164 2552 1309 2607 satis
1340 2568 1545 2608 curare
1568 2584 1635 2593 -
1667 2571 1927 2626 reposce-

274 2642 378 2704 ret,
396 2636 478 2691 illi
510 2638 833 2711 majoribus
862 2639 1177 2709 instare,ct
1209 2657 1313 2712 pro
1344 2642 1569 2697 viribus
1600 2659 1726 2714 quae
1760 2661 1922 2700 men-

274 2742 474 2810 suram
488 2728 1289 2797 nesciuntcaritatis,animos
1303 2731 1408 2786 viri
1423 2732 1481 2786 in
1497 2731 1725 2788 diversa
1737 2750 1923 2791 versa-

272 2831 352 2882 re,
363 2833 661 2874 sermones
673 2819 1065 2888 sermonibus,
1072 2836 1271 2891 preces
1286 2821 1555 2893 precibus
1570 2821 1919 2880 instaurare.

342 2906 560 2962 60.Nec
592 2923 855 2978 prorsus,
890 2908 1138 2964 Domino
1177 2914 1548 2982 cooperante,
1581 2909 1707 2966 loco
1735 2912 1922 2968 dices-

272 3011 403 3050 sum
435 2996 998 3064 cst,donecocculus
1029 2997 1125 3054 ille
1155 2998 1551 3055 miserationis
1570 3000 1922 3071 antiquae,ut

268 3088 409 3139 tunc
434 3085 691 3154 Petrum,
716 3086 799 3141 ita
818 3090 876 3142 et
905 3086 1062 3141 hunc
1095 3087 1269 3143 modo
1293 3088 1627 3158 respiceret,
1653 3092 1829 3159 atque
1858 3090 1920 3146 in

269 3173 563 3242 quendam
582 3172 833 3229 alterum
864 3178 930 3229 ut
958 3174 1041 3229 ita
1055 3174 1249 3229 dicam
1280 3174 1582 3229 hominem
1598 3181 1920 3233 commuta-

268 3259 537 3316 ret.Nam
569 3264 627 3315 et
656 3260 768 3316 iste
798 3261 859 3315 in
890 3277 1121 3316 amaras
1142 3261 1441 3334 proﬂuens
1460 3260 1918 3332 lacrimas,illico

267 3347 461 3416 rediit,
496 3351 553 3403 et
582 3365 821 3421 corpore
850 3350 1070 3405 nudato
1103 3349 1363 3406 fascibus
1406 3350 1705 3423 virgarum
1734 3368 1916 3409 manu

266 3435 545 3508 praelatis,
597 3454 831 3509 pcenam
881 3437 1238 3494 clamoribus
1288 3437 1616 3511 postulans,
1667 3441 1917 3514 pedibus

2046 860 2323 929 traheret,
2357 862 2541 917 donec
2572 861 2645 916 ad
2678 860 2986 916 minimam
3016 860 3103 895 ¹⁶⁸¹
3135 860 3431 933 quandam
3462 862 3687 932 quanti-

2044 952 2224 1004 tatem
2256 948 2489 1005 rediret.
2516 951 2815 1005 [nterdum
2846 949 3025 1005 etiam
3055 949 3416 1021 quibusdam
3437 949 3684 1022 penitus,

2044 1043 2351 1111 tamquam
2367 1039 2660 1109 obessent,
2678 1039 3027 1095 abstinebat.
3044 1039 3210 1094 Nunc
3223 1039 3463 1110 quidem
3476 1039 3686 1112 piscem

2043 1144 2279 1183 omnem
2311 1127 2598 1185 minorem
2630 1128 2881 1201 generis,
2915 1129 3058 1184 dum
3106 1127 3470 1201 grandiores,
3504 1128 3687 1185 rarius

2042 1233 2215 1289 posse
2245 1216 2512 1288 conquiri
2543 1217 2801 1283 estimat,
2838 1232 3141 1290 respuens,
3185 1232 3342 1272 nunc
3390 1233 3489 1273 eos
3534 1216 3687 1290 ipsos

2042 1322 2190 1376 quos
2220 1305 2410 1377 magis
2440 1309 2711 1378 appetere
2741 1306 3070 1372 videbatur,
3101 1306 3243 1360 dum
3285 1306 3687 1379 undecumque

2042 1394 2255 1465 quesiti
2286 1396 2621 1463 oﬂ‘erentur,
2648 1400 2781 1467 post
2810 1412 2927 1450 non
2961 1394 3216 1449 multum
3248 1394 3531 1467 temporis
3550 1411 3690 1467 quo-

2041 1483 2357 1537 dammodo
2390 1484 2744 1551 fastidiebat,
2762 1488 3043 1555 tantaque
3066 1488 3129 1537 ut
3160 1484 3240 1538 ita
3268 1483 3486 1539 dictam
3519 1485 3689 1539 obsti-

2043 1571 2500 1641 natione,victor
2529 1571 2641 1640 sui,
2667 1573 2821 1644 quod
2857 1572 3036 1628 semel
3066 1573 3266 1628 animo
3294 1576 3587 1629 statuerat
3602 1590 3690 1629 cu-

2041 1660 2297 1729 stodivit,
2330 1666 2397 1717 ut
2427 1660 2729 1734 pulticulis
2760 1662 2998 1718 tandem
3030 1662 3229 1717 farinae
3261 1664 3574 1718 contentus
3603 1678 3689 1718 es-

2040 1754 2150 1819 set,
2200 1766 2543 1823 quanquam
2599 1751 2688 1785 ³⁵⁸³
2748 1750 2904 1807 inter
2957 1751 3080 1807 hanc
3137 1750 3512 1817 creberrima,
3567 1768 3689 1823 qua;

2039 1839 2239 1907 etiam,
2271 1840 2413 1896 dum
2454 1839 2515 1896 in
2564 1839 2761 1897 seculo
2809 1839 3045 1909 viveret,
3080 1840 3290 1897 diebus
3326 1838 3689 1912 jejuniorum

2040 1928 2271 1984 fortiter
2298 1927 2644 2001 perferebat,
2676 1930 2846 2002 panis
2880 1933 3115 1986 tantum
3153 1932 3212 1985 et
3257 1945 3422 2002 aqua:
3463 1927 3692 2001 jejunis

2038 2021 2345 2074 exerceret.
2404 2016 2479 2074 Ut
2534 2017 2693 2074 enim
2750 2018 3076 2074 multorum
3126 2017 3240 2075 fide
3300 2018 3687 2091 percepimus,

2042 2106 2235 2163 adhuc
2264 2105 2324 2161 in
2355 2105 2553 2163 seculo
2583 2105 2634 2163 ei
2667 2107 2915 2163 biduum
2944 2110 3134 2162 totum
3166 2106 3294 2163 sine
3324 2104 3445 2163 ullo
3473 2106 3606 2164 cibo
3634 2111 3692 2162 et

2040 2198 2180 2268 potu
2212 2193 2451 2251 omnino
2481 2196 2732 2252 transire
2762 2194 2931 2268 quasi
2965 2194 3110 2251 nihil
3140 2195 3465 2253 videbatur.

2103 2285 2194 2341 62.
2229 2283 2379 2340 Illud
2408 2289 2607 2341 autem
2638 2284 2863 2358 stupori
2892 2285 3231 2341 videntibus
3259 2289 3405 2354 erat,
3421 2285 3578 2357 quod
3610 2283 3692 2340 vi-

2034 2389 2140 2446 gor
2170 2372 2431 2445 corporis
2461 2374 2513 2430 ei
2546 2377 2667 2429 tam
2706 2373 2936 2429 vividus
2986 2372 3413 2445 perseverabat,
3448 2378 3514 2428 ut
3544 2373 3690 2429 nihil

2034 2464 2106 2520 de
2136 2479 2310 2536 opere
2341 2463 2622 2519 fratribus
2655 2468 2934 2520 consueto
2967 2463 3459 2535 praetermitteret,
3485 2463 3689 2536 coqui-

2032 2569 2191 2621 nam,
2225 2551 2476 2608 vestium
2506 2551 2889 2621 ablutionem,
2926 2551 3082 2609 horti
3131 2568 3505 2609 communem
3554 2569 3690 2625 ope-

2034 2659 2180 2711 ram,
2215 2641 2728 2699 caltiamentorum
2767 2640 3141 2710 lavationem,
3176 2642 3370 2699 missae
3420 2642 3691 2697 ebdoma-

2033 2732 2168 2788 dam
2198 2731 2307 2799 1"“,
2324 2731 2590 2788 ordinem
2623 2747 2860 2788 omnem
2892 2730 3131 2788 claustri
3150 2730 3689 2799 et.oratorii,vivido

2033 2821 2238 2877 robore
2270 2820 2637 2892 adimpleret,
2674 2819 2988 2893 vultusque
3018 2820 3071 2876 ei
3102 2819 3308 2876 hilaris
3337 2825 3395 2875 et
3425 2821 3692 2893 gaudens

2030 2910 2307 2966 continue
2338 2910 2964 2982 superesset.Tantum
2996 2914 3129 2981 post
3150 2908 3375 2981 aliquot
3406 2909 3693 2980 temporis

2030 2997 2473 3067 intervallum,a
2501 2997 2755 3069 pristina
2782 2997 3147 3070 corpulentia
3178 3002 3378 3055 venter
3405 2998 3457 3052 ei
3489 2998 3695 3054 subse-

2028 3088 2212 3142 derat.
2243 3085 2588 3142 Orationum
2620 3090 2679 3141 et
2697 3085 3031 3158 vigiliarum
3061 3088 3192 3158 ejus
3221 3086 3517 3143 instantiae
3539 3090 3694 3143 teste

2026 3174 2174 3229 illud
2204 3173 2318 3228 fuit
2363 3173 2688 3246 tugurium,
2724 3174 2879 3244 quod
2929 3189 3112 3245 penes
3160 3175 3430 3230 tumbam
3482 3174 3694 3231 domni

2024 3259 2453 3333 Chrodegangi,
2499 3264 2807 3332 tamquam
2855 3260 3062 3317 cellam
3106 3260 3458 3331 solitariam,
3493 3278 3691 3335 usque

2024 3349 2346 3407 vocationis
2375 3365 2495 3406 suae
2522 3352 2760 3421 tempus
2789 3347 3055 3405 incoluit.
3083 3348 3147 3404 In
3178 3366 3295 3421 quo
3325 3366 3460 3405 mox
3491 3351 3691 3409 sinaxi

2025 3440 2275 3496 fratrum
2307 3437 2533 3511 expleta
2562 3438 2723 3495 solus
2764 3439 2913 3494 ostio
2957 3454 3021 3493 se
3074 3437 3315 3494 obcluso
3361 3438 3688 3509 recipiens.

267 3525 496 3581 abbatis
528 3527 939 3599 prosternitur,
973 3544 1089 3582 non
1121 3528 1295 3583 modo
1337 3512 1686 3600 gemitibus,
1710 3546 1913 3586 verum
1944 3512 1988 3580 Ο
2026 3527 2348 3601 gemitibus
2395 3531 2455 3583 et
2504 3525 2839 3598 planctibus
2885 3530 2944 3582 et
2993 3526 3243 3582 inﬁnitis
3289 3543 3554 3597 genuum
3607 3529 3691 3583 in-

265 3615 445 3670 totius
475 3619 645 3688 gestu
668 3615 927 3689 corporis
959 3616 1177 3674 doloris
1199 3616 1667 3690 magnitudinem
1691 3624 1915 3691 protes-

264 3707 443 3761 tatus.
476 3704 637 3774 Quis,
672 3710 871 3779 putas,
899 3706 981 3762 ibi
1012 3705 1286 3763 lacrimas
1325 3706 1562 3763 tenuit?
1593 3707 1734 3775 Quis
1783 3725 1913 3766 eam

265 3793 547 3850 canieiem
566 3811 628 3851 se
658 3794 921 3868 vestigiis
938 3795 1203 3852 omnium
1235 3796 1470 3852 intuens
1486 3796 1909 3870 providentem,

266 3899 381 3937 non
407 3883 579 3938 corde.
616 3882 848 3940 solutus
894 3884 1031 3940 est?
1074 3884 1206 3953 Qui,
1254 3900 1389 3941 cum
1437 3883 1767 3941 lacrimosis
1816 3886 1913 3944 ille

261 3970 501 4027 vocibus
535 3970 876 4029 inclamaret
909 3991 922 4028 :
961 3996 987 4022 ‹‹
1019 3972 1246 4031 Credite
1280 3972 1478 4031 reum!
1514 3974 1701 4031 cedite
1735 3975 1915 4031 rebel-

261 4058 414 4115 lem!
449 4075 520 4115 ne
553 4061 772 4131 parcite
803 4077 999 4131 qumso
1031 4063 1284 4134 superbo
1314 4066 1369 4118 et
1409 4063 1653 4119 va3cordi
1685 4068 1741 4119 et
1773 4080 1909 4120 con-

260 4146 571 4219 temptoril
608 4168 636 4197 »
672 4165 787 4204 non
819 4149 1033 4221 gaudio
1066 4152 1245 4207 mixto
1279 4151 1514 4207 fletibus
1554 4151 1613 4207 in
1649 4152 1777 4224 ejus
1809 4169 1905 4209 ve-

259 4234 419 4292 niam
450 4235 878 4309 proclamavit?

325 4324 416 4379 61.
449 4324 712 4381 Tandem
744 4331 911 4401 pater
941 4326 1150 4399 plenus
1180 4327 1413 4399 pietatis
1443 4329 1911 4402 assurgens,alii-

256 4429 370 4484 que
398 4413 488 4448 ¹⁵⁸⁰
518 4431 653 4470 cum
685 4432 776 4483 eo,
803 4415 1081 4472 manibus
1127 4417 1393 4475 caritatis
1424 4419 1750 4491 suppositis
1782 4419 1906 4476 solo

254 4503 505 4577 erigunt,
539 4509 596 4561 et
626 4504 857 4562 cunctis
886 4505 1304 4575 clementer,ut
1325 4510 1491 4563 tanta
1519 4507 1766 4578 dejectio
1788 4525 1906 4566 me-
1956 4528 1959 4531 '

252 4592 510 4662 rebatur,
544 4594 810 4663 indultis,
845 4595 904 4650 in
937 4611 1249 4652 numerum
1282 4600 1404 4653 tota
1435 4595 1738 4653 alacritate
1768 4599 1908 4654 reci-

252 4681 439 4753 piunt.
458 4682 512 4738 Is
540 4699 673 4738 vere
706 4682 830 4739 dies
864 4682 923 4738 in
957 4689 1188 4741 tantum
1219 4684 1269 4740 ei
1304 4684 1495 4741 extitit
1525 4685 1908 4758 salutaris,ut

251 4770 522 4842 quisquis
546 4770 715 4827 illum
745 4772 1021 4846 deinceps
1039 4773 1381 4841 attenderet,
1396 4774 1489 4830 vix
1511 4774 1733 4848 aliquid
1755 4775 1815 4831 in
1837 4793 1904 4833 eo

248 4859 357 4913 viri
390 4859 487 4930 qui
522 4860 686 4930 prius
718 4862 908 4917 fuerat
936 4868 1392 4935 recognosceret.
1410 4864 1658 4920 Summa
1684 4864 1902 4921 etenim
1934 4886 1980 4952 ο

249 4947 325 5014 vi,
348 4952 638 5019 quantum
669 4948 729 5004 in
759 4966 821 5005 se
854 4949 983 5019 fuit,
1008 4948 1400 5022 abjectionem
1444 4953 1533 5009 sui
1566 4957 1625 5008 et
1656 4970 1902 5027 quasque

250 5040 509 5093 extrema
539 5053 770 5109 semper
801 5039 1063 5110 appetiit.
1098 5039 1345 5096 Delicias
1391 5046 1447 5097 et
1493 5041 1695 5098 mollia
1739 5042 1900 5098 omni

250 5141 460 5198 genere
490 5143 794 5199 respuens,
829 5127 1095 5183 difﬁcilia
1124 5133 1180 5184 et
1211 5131 1540 5188 austeriora
1571 5130 1760 5205 magis
1782 5147 1903 5189 am-

249 5213 455 5287 plexus
483 5219 593 5271 est.
630 5215 920 5271 Honorem
951 5215 1284 5289 impensum
1337 5219 1487 5276 miro
1518 5220 1743 5293 pudore
1784 5236 1900 5276 non

247 5302 830 5377 ferens,gravabatur
857 5304 1055 5377 potius
1088 5321 1265 5377 quam
1297 5306 1903 5365 oblectaretur.Parci-

250 5394 430 5449 tatem
461 5392 575 5449 cibi
607 5392 696 5450 vel
725 5397 897 5467 potus
929 5410 997 5451 ea
1027 5397 1150 5450 arte
1177 5395 1345 5466 quasi
1378 5395 1630 5453 callidus
1659 5396 1901 5468 quidam

249 5481 585 5539 observator
614 5483 959 5557 assumpsit,
994 5487 1060 5539 ut
1089 5483 1161 5541 de
1191 5482 1443 5556 singulis
1473 5501 1603 5557 quae
1646 5502 1901 5558 appone-

2024 3614 2378 3672 ﬂexionibus
2427 3617 2629 3670 noctes
2678 3614 2923 3685 diesque
2970 3612 3375 3668 continuabat.
3427 3612 3498 3666 Et
3544 3630 3686 3668 cum

2023 3704 2370 3778 plerumque
2394 3703 2646 3759 fratrum
2679 3701 2909 3775 vigilias
2941 3700 3301 3774 praeveniens
3353 3699 3684 3773 plurimum

2024 3792 2212 3850 noctis
2244 3793 2303 3848 in
2353 3790 2628 3865 precibus
2673 3795 3011 3863 occuparet,
3042 3790 3228 3846 ﬁnitis
3257 3790 3481 3846 eisdem
3533 3790 3683 3863 vigi-

2022 3881 2138 3950 liis,
2170 3885 2720 3954 quantumcumque
2750 3879 2940 3937 noctis
2971 3878 3165 3935 hieme
3208 3878 3298 3935 vel
3328 3883 3532 3934 testate
3586 3896 3685 3936 su-

2022 3976 2301 4045 peresset,
2319 3985 2595 4027 somnum
2628 3969 2902 4042 deinceps
2934 3967 3383 4024 nullatenusm‘
3413 3972 3679 4034 noverat,

2023 4060 2135 4116 nisi
2167 4061 2238 4117 ob
2271 4058 2580 4133 sanguinis
2607 4059 2775 4127 forte,
2802 4054 2964 4132 quod
2995 4057 3087 4113 vix
3116 4062 3315 4113 tamen
3348 4055 3561 4124 fuerat,
3576 4056 3682 4111 mi-

2020 4150 2355 4217 nutionem;
2388 4148 2491 4205 sed
2519 4151 2639 4205 toto
2670 4148 2947 4220 deinceps
2978 4163 3167 4220 usque
3215 4146 3420 4202 horam
3463 4160 3680 4202 secun-

2019 4240 2157 4296 dam
2181 4238 2271 4295 vel
2300 4238 2543 4295 terciam
2574 4238 2773 4311 spacio
2805 4237 2866 4292 in
2916 4253 2985 4293 ea
3031 4240 3239 4291 sancta
3287 4232 3679 4290 contrictione

2017 4333 2073 4386 et
2102 4327 2358 4385 cwlestis
2379 4327 2578 4400 januae
2609 4324 2944 4399 pulsatione
2975 4322 3407 4398 perseverabat.

2086 4417 2177 4473 63.
2208 4416 2290 4474 De
2316 4415 2758 4473 continuatione
2790 4413 3011 4472 silentii
3044 4412 3201 4486 quod
3235 4409 3548 4485 praedicem
3584 4426 3682 4467 ne-

2015 4506 2160 4580 scio,
2190 4522 2327 4563 cum
2357 4503 2488 4578 ipsa
2518 4520 2752 4578 quoque
2790 4503 2953 4560 licita
2999 4500 3369 4573 colloquendi
3419 4498 3676 4556 invwem

2014 4601 2282 4670 tempora
2310 4595 2561 4669 fugiens,
2594 4593 2656 4650 in
2695 4591 3061 4667 psalmorum
3109 4590 3306 4664 potius
3353 4585 3675 4645 melodiam

2013 4689 2425 4742 commutaret.
2457 4684 2528 4740 Et
2558 4682 2608 4738 si
2638 4681 2785 4740 forte
2815 4679 3287 4756 compelleretur,
3314 4677 3485 4732 breve
3505 4676 3679 4748 quid-

2014 4774 2151 4831 dam
2183 4773 2454 4842 reddens,
2488 4771 2560 4829 ad
2593 4769 2768 4828 solita
2801 4774 2859 4826 et
2887 4770 3079 4827 amica
3121 4765 3354 4824 silentia
3399 4764 3674 4837 protinus

2012 4861 2368 4919 recurrebat.
2418 4859 2588 4917 Curis
2654 4858 3017 4933 quibuslibet
3082 4855 3368 4929 corporis,
3417 4852 3670 4923 balneis,

2010 4952 2166 5024 quod
2198 4951 2288 4986 “‘35
2318 4949 2526 5007 ceteris
2558 4943 3329 5006 recreationibuscommuni
3358 4959 3472 5000 usu
3494 4958 3673 5017 regu-

2010 5040 2077 5095 lae
2110 5039 2377 5109 indultis,
2413 5037 2692 5107 cilicium,
2722 5037 3005 5093 vilitatem
3053 5032 3328 5101 vestium,
3361 5036 3415 5088 et
3446 5035 3670 5087 cetero-

2011 5145 2143 5185 rum
2172 5127 2403 5184 cultum
2437 5126 2745 5184 horridum
2780 5125 3142 5199 praeferebat.
3174 5122 3515 5180 Extremum
3540 5120 3673 5193 qui-

2011 5218 2143 5274 dem
2176 5217 2353 5285 tuerit
2400 5216 2556 5288 quod
2605 5214 2756 5283 dico,
2804 5214 2986 5271 animi
3034 5217 3233 5269 tamen
3284 5211 3413 5282 ejus
3460 5208 3668 5265 virtuti

2011 5306 2455 5380 comprobanda
2487 5304 2939 5377 permaximum.
2989 5302 3144 5358 Dum
3195 5299 3404 5355 fratres
3453 5297 3669 5355 sabba-

2012 5401 2092 5466 to,
2127 5399 2262 5454 ante
2295 5394 2643 5452 mandatum
2673 5392 2765 5450 vel
2796 5391 2940 5449 feria
2969 5393 3199 5464 quarta,
3232 5406 3301 5446 ex
3332 5403 3495 5444 more
3519 5385 3668 5442 anti-

2012 5501 2130 5558 quo
2161 5485 2401 5558 quidem
2432 5484 2535 5541 sed
2587 5487 2728 5541 tunc
2777 5480 3003 5540 noviter
3050 5478 3223 5537 nobis
3269 5475 3484 5534 tradito
3514 5476 3667 5547 (385)

1601 5590 1844 5651 VARI/‘13
1882 5591 2304 5652 LECTIONES.

322 5687 680 5762 “instituas
706 5705 754 5744 ε.
833 5689 921 5724 ιδθο
948 5688 1196 5762 aliisque
1225 5706 1272 5746 ο.
1352 5690 1437 5726 ¹⁵⁸⁸
1470 5692 1547 5748 ita
1577 5693 1814 5749 correxit
1842 5691 2005 5749 Labb.
2038 5690 2287 5748 nimiam
2317 5688 2501 5748 codex.
2581 5689 2669 5726 ³⁵⁸³
2700 5687 2998 5761 quandam
3031 5703 3078 5743 c.
3157 5684 3246 5720 ¹⁵⁸³
3276 5678 3665 5745 ebdomedam

250 5776 294 5815 ο.
377 5759 464 5796 ³⁵³³
495 5759 812 5818 lullatenus
839 5776 886 5815 c.
968 5762 1054 5797 ³⁵⁸⁵
1086 5759 1430 5834 balneisque
1463 5766 1520 5820 et
1549 5762 1687 5819 Μαι).

322 5940 468 6014 (385)
502 5940 626 6000 Mos
656 5940 839 6015 igitur
867 5958 971 6016 per
999 5941 1303 6016 complura
1332 5943 1687 6002 monasteria
1716 5852 2237 6009 iterili‘rg'li‘igaluit;
2273 5940 2347 5997 cf.
2377 5940 2622 6001 Joannis
2650 5941 2843 6001 Vitam
2874 5940 3095 6002 Odonis
3126 5936 3295 5998 Clun.
3329 5950 3393 6002 II,
3422 5931 3517 5989 23.
