3912 6428
261 541 380 601 275
580 567 589 579 ·
1131 541 1460 613 JOANNIS
1504 540 1838 603 ABBATIS
1883 540 1967 601 S.-
1996 540 2343 602 ARNULFI
2392 540 2803 602 METENSIS.
3557 539 3674 602 276

260 690 429 731 muro
450 674 503 729 in
523 674 760 729 modum
781 672 955 729 castri
975 672 1299 730 forinsecus
1315 677 1526 729 cuncta
1546 672 1911 756 circumdare
1941 672 1997 740 Α
2025 671 2208 728 altero
2222 674 2477 745 quodam
2499 673 2592 728 cui
2613 672 2950 730 Gundclach
2966 672 3314 730 vocabulum
3334 672 3571 729 fuitsibi
3593 693 3677 731 so-

260 765 529 820 animum
578 762 859 828 intendit;
894 760 1071 832 quod,
1105 778 1277 832 opem
1320 762 1581 833 undique
1618 762 1915 833 praebente

258 853 462 909 eodem
485 849 800 907 venerabili
835 849 1131 921 pontiﬁce,
1150 854 1402 922 quatuor
1431 850 1737 906 mensibus
1759 851 1913 905 labo-

257 944 450 997 ratum
484 955 629 1011 pene
660 938 733 993 ad
764 954 1061 993 summam
1092 942 1249 994 esset
1269 939 1638 1011 perductum,
1675 939 1789 995 nisi
1823 940 1909 993 in-

257 1030 451 1085 fausta
483 1028 644 1101 regni
680 1026 1135 1099 dissensio,qua:
1156 1026 1306 1082 inter
1322 1027 1496 1082 domn
1509 1044 1604 1081 um
1627 1031 1684 1083 et
1704 1028 1913 1101 glorio-

257 1117 586 1185 sissimum,
603 1120 742 1171 tunc
773 1115 965 1170 adhuc
983 1131 1179 1188 regem
1198 1117 1574 1188 postmodum
1617 1118 1908 1187 Cesarem,

258 1208 531 1264 Ottonem
581 1212 638 1263 et
689 1206 879 1262 ﬁlium
938 1206 1066 1277 ejus
1128 1206 1454 1261 Liutulfum
1514 1209 1571 1261 ct
1628 1224 1907 1279 generum

257 1298 631 1354 Cuonradum
681 1300 879 1352 exorta
929 1295 1552 1367 (DCCCCLIII),usque
1598 1298 1670 1350 ad
1719 1298 1909 1368 gentis

258 1386 506 1442 inimicae
538 1387 654 1442 Deo
687 1386 1017 1459 Ungrorum
1050 1384 1108 1439 in
1143 1401 1249 1440 nos
1277 1385 1642 1456 eruptionem
1668 1384 1911 1439 deseviit

256 1475 664 1544 (DCCCCLIV),
714 1474 1077 1545 impedisset.
1136 1473 1403 1528 Proxima
1450 1476 1645 1529 tamen
1708 1479 1910 1529 aestate

256 1565 504 1621 Domino
535 1565 881 1634 cooperante
914 1560 1077 1615 ocius
1107 1564 1431 1632 peractum.

324 1656 416 1710 68.
452 1656 715 1723 Cumque
744 1650 955 1705 horum
987 1652 1148 1704 extra
1170 1654 1450 1720 perpetua
1493 1648 1908 1705 sollicitaretur

254 1761 413 1811 cura,
430 1739 575 1797 nihil
602 1745 797 1794 tamen
819 1738 890 1793 de
910 1736 1004 1793 his
1027 1754 1153 1809 quae
1174 1736 1258 1793 vel
1284 1737 1354 1791 ad
1374 1738 1486 1793 vite
1502 1738 1586 1793 vel
1609 1756 1909 1794 conversa-

250 1831 431 1887 tionis
461 1828 776 1901 puritatem
809 1825 895 1882 vel
929 1827 1002 1881 ad
1034 1825 1349 1898 pastoralis
1378 1827 1627 1883 solertiae
1656 1827 1903 1900 vigilan-

249 1922 394 1975 tiam
414 1916 901 1990 pertinebant,est
924 1914 1241 1988 aliquando
1258 1918 1742 1989 praetermissum,
1758 1919 1903 1991 quin

250 2006 463 2064 cotidie
494 2004 736 2062 solitum
768 2020 1019 2075 pensum
1048 2003 1782 2077 orationum,psalmorum
1814 2024 1880 2062 ve

249 2097 567 2154 lectionum
596 2097 935 2151 sanctarum
966 2093 1239 2166 expleret.
1272 2094 1562 2151 Omnibus
1588 2096 1901 2154 dominicis

249 2192 308 2242 et
354 2183 777 2241 festivitatibus
825 2187 1163 2239 sanctorum
1215 2182 1635 2241 celebrioribus
1684 2186 1901 2243 miSsas

247 2273 480 2348 publice
501 2272 668 2328 dixit.
685 2271 771 2327 Ad
794 2270 904 2326 hoc
927 2287 1045 2326 una
1067 2288 1297 2343 quaque
1319 2277 1530 2344 quarta
1554 2273 1695 2329 feria
1716 2275 1901 2346 priva-

243 2363 375 2419 tim.
392 2360 460 2418 In
481 2360 697 2433 quibus
718 2358 959 2430 quantis
974 2358 1296 2429 gemitibus
1317 2358 1765 2416 etlacrimarum
1789 2363 1902 2418 vic-

243 2450 407 2507 timis
430 2467 491 2505 se
526 2449 721 2521 ipsum
753 2446 1083 2514 conﬁceret,
1099 2463 1171 2501 ne
1194 2447 1389 2502 referri
1415 2448 1652 2520 quidem
1676 2454 1896 2520 potest;

243 2545 302 2596 et
333 2544 400 2595 ut
430 2537 784 2593 fiducialiter
806 2535 1064 2603 efferam,
1093 2535 1150 2590 in
1183 2535 1509 2591 visceribus
1560 2538 1809 2608 piaetatis
1843 2544 1902 2596 et

244 2627 629 2700 simplicitate
660 2624 854 2680 cordis
885 2628 943 2680 et
975 2624 1430 2680 mansuetudine
1459 2626 1662 2697 animi,
1696 2630 1903 2684 conde-

243 2717 552 2773 scensione
599 2714 997 2779 inﬁrmorum,
1031 2714 1388 2769 recreationc
1430 2714 1800 2786 miserorum,
1845 2722 1903 2773 et

243 2805 520 2862 omnibus
551 2802 791 2859 omnino
816 2801 1230 2857 misericordiae
1254 2804 1506 2871 actibus,
1523 2822 1636 2859 non
1655 2805 1803 2861 alter
1832 2826 1898 2863 eo

245 2895 357 2951 fuit
387 2891 777 2967 praestantior.
805 2890 869 2945 In
900 2891 995 2946 his
1032 2892 1096 2945 16
1124 2908 1415 2947 annorum
1449 2894 1671 2949 exactis
1693 2893 1901 2951 labori-

246 2986 381 3055 bus,
405 2984 465 3038 in
496 2984 709 3039 sancta:
741 2980 1185 3053 perseverantiae
1234 2981 1349 3036 ﬁne
1395 2999 1634 3038 cursum
1685 3001 1898 3040 consu-

247 3070 632 3143 mans,pridie
648 3069 973 3126 nativitatis
983 3068 1162 3123 beatae
1176 3069 1275 3125 Dei
1295 3070 1597 3141 genitricis
1614 3072 1900 3129 decedens

248 3157 590 3230 (DCCCCLX
613 3157 758 3228 Sept.
788 3158 870 3224 7),
899 3154 958 3209 in
992 3160 1374 3210 monumento
1407 3173 1440 3210 a
1488 3173 1550 3211 se
1589 3158 1715 3227 jam
1756 3159 1898 3214 olim

249 3248 419 3320 longe
452 3250 604 3302 retro
636 3262 671 3300 a
689 3242 900 3315 primis
920 3242 1091 3297 annis
1113 3242 1200 3296 sui
1228 3242 1532 3313 regiminis
1552 3250 1893 3316 praeparato.

248 3336 505 3410 plurima
528 3335 865 3388 devotorum
898 3330 1155 3385 virorum
1209 3331 1560 3402 frequentia,
1595 3334 1811 3389 domno
1844 3341 1901 3391 et

244 3422 557 3481 venerabili
594 3419 857 3477 antistite
886 3417 1245 3475 Adelberoue
1270 3435 1488 3475 munus
1519 3423 1898 3494 exequiarum

245 3509 851 3586 explentc,depositus
874 3513 963 3563 est
982 3524 1049 3563 cx
1071 3513 1234 3578 parte
1264 3508 1517 3564 basilica:
1541 3510 1896 3586 aquilonari,

246 3619 398 3660 anno
430 3599 661 3657 Domini
695 3598 825 3653 960.

312 3692 403 3747 69.
435 3691 657 3747 Sancta:
682 3688 961 3743 Mctensis
986 3686 1239 3742 ecclesiae
1288 3688 1736 3747 archidiaconus
1788 3694 1899 3749 Bli-

243 3780 441 3836 dulfus
478 3780 606 3849 jam
640 3778 697 3832 in
726 3792 1005 3848 processu
1038 3773 1145 3829 loci
1182 3775 1405 3831 eisdem
1429 3778 1575 3832 servi
1628 3779 1727 3836 Dei
1781 3800 1895 3838 non

243 3870 369 3926 sine
399 3884 610 3940 magno
644 3864 965 3920 multorum
1001 3863 1284 3919 miraculo
1337 3866 1593 3924 sociatus
1641 3874 1748 3925 est.
1796 3871 1898 3927 Vir

242 3958 398 4014 enim
431 3973 564 4012 cum
597 3958 654 4010 et
678 3953 984 4009 nobilitate
1005 3953 1237 4025 generis
1268 3958 1327 4009 et
1360 3972 1557 4011 rerum
1580 3959 1895 4030 copia'non

243 4045 520 4101 mediocri
550 4042 754 4110 fultus,
786 4045 843 4096 et
876 4040 1060 4095 multa
1093 4042 1152 4095 in
1202 4058 1637 4117 quamcumque
1669 4053 1895 4118 partem

240 4139 362 4189 arte
393 4132 574 4188 animi
607 4130 849 4197 callens,
882 4130 1267 4200 prudentiane
1298 4148 1366 4186 ea
1416 4132 1664 4190 dicenda
1693 4136 1771 4191 sit
1819 4154 1893 4193 an

241 4221 477 4288 astutia,
512 4220 583 4276 ad
615 4220 723 4274 hoc
755 4222 813 4272 et
843 4217 1174 4273 litterarum
1207 4223 1428 4276 ceteros
1450 4223 1579 4293 ejus
1611 4223 1718 4279 loci
1750 4244 1893 4298 pra:-

243 4310 352 4365 iret
381 4306 648 4374 scientia,
684 4305 901 4377 quippe
932 4305 1033 4377 qui
1060 4322 1127 4361 ex
1162 4305 1337 4362 scolis
1370 4308 1561 4364 adhuc
1593 4320 1897 4383 supererat

244 4395 517 4469 Remigii,
544 4400 675 4450 “tum
707 4392 1073 4449 secularibus
1106 4393 1186 4449 ita
1209 4394 1444 4451 deditus
1475 4396 1804 4468 videbatur,
1833 4407 1898 4457 ut

237 4487 331 4542 vix
360 4486 711 4558 cujusquam
749 4484 805 4539 in
831 4501 897 4539 eo
927 4482 1230 4556 religionis
1261 4485 1509 4557 vestigia
1539 4487 1890 4545 viserentur.

239 4576 295 4632 Is
322 4578 387 4630 ut
416 4575 632 4630 dicitur
653 4572 858 4628 morbo
881 4576 1119 4644 repente
1142 4579 1482 4644 praereptus,
1499 4577 1892 4634 venerabilem

236 4664 547 4721 Einoldum
581 4663 757 4718 citius
803 4662 1116 4732 advocans,
1151 4661 1509 4717 monachum
1560 4666 1889 4735 proﬁtetur.

236 4753 565 4825 Statimque
582 4752 852 4807 habitum
874 4766 1287 4844 sumens,ege1:
1295 4753 1653 4809 monasterio
1665 4755 1895 4810 devebi-
1920 4780 1969 4844 Β

236 4845 351 4907 tur,
369 4857 433 4895 ac
465 4844 598 4911 post
617 4854 835 4912 paucos
858 4838 984 4893 dies
1006 4838 1230 4910 integer
1252 4838 1367 4894 Deo
1400 4841 1653 4912 propitio
1693 4844 1886 4899 reddi-

233 4932 330 4984 tus
354 4929 463 4996 ‘5”,
493 4928 708 4984 mentis
742 4926 980 4983 meliore
1011 4926 1345 4998 integritate
1395 4927 1531 4984 felix
1569 4935 1627 4985 et
1679 4931 1887 4989 multis

232 5015 508 5086 deinceps
520 5015 782 5087 exemplo
805 5015 1039 5069 futurus
1060 5013 1579 5089 convaluit.Atque
1603 5018 1659 5073 in
1683 5026 1889 5078 sancta

230 5104 668 5159 conversatione
701 5104 817 5159 fere
850 5104 1090 5159 inferior
1120 5102 1266 5158 nulli
1310 5107 1606 5176 apparuit.
1644 5108 1697 5164 Is
1750 5116 1886 5182 post

232 5192 430 5264 plures
446 5208 631 5247 annos
648 5192 854 5263 majori
877 5191 1069 5247 calore
1081 5192 1315 5248 virtutis
1332 5195 1857 5264 tactus,heremum
1869 5245 1882 5271 ,

2023 761 2270 828 ciato,in
2294 762 2706 818 remotioribus
2725 761 2936 834 Vosagi
2979 762 3245 834 expetiit;
3270 761 3468 834 ibique
3488 762 3548 817 in
3582 764 3678 819 illa

2022 851 2230 905 divinae
2253 850 2766 924 contemplationis
2788 851 3097 918 suavitate,
3123 851 3336 906 acerba
3356 852 3675 909 admodum

2023 940 2283 1011 corporis
2334 939 2734 1013 castigatione,
2769 944 2825 994 et
2858 939 3079 995 mundo
3107 956 3261 1007 vere,
3297 942 3363 994 ut
3392 939 3674 997 veratium

2022 1027 2123 1099 qui
2149 1046 2283 1083 eum
2335 1032 2620 1085 noverunt
2670 1028 2780 1083 fert
2820 1029 3131 1095 sententia,
3157 1033 3446 1097 mortuus,
3475 1030 3673 1087 decem

2022 1120 2123 1171 aut
2153 1134 2219 1173 eo
2242 1116 2496 1190 amplius
2520 1134 2707 1173 annos
2738 1116 2995 1190 exigens,
3027 1116 3162 1171 felix
3200 1117 3466 1185 decessit,
3502 1122 3677 1192 atque

2021 1206 2081 1260 in
2113 1206 2377 1276 ejusdem
2428 1205 2648 1262 cellula:
2701 1223 2819 1261 suae
2869 1205 3120 1261 oratorio
3169 1205 3241 1262 ab
3290 1207 3494 1262 eodem
3526 1209 3674 1265 sotio

2020 1312 2151 1362 suo,
2181 1296 2303 1351 viro
2336 1313 2497 1367 aeque
2542 1294 2939 1362 sanctissimo,
2965 1294 3254 1367 sepultus,
3287 1297 3539 1351 eundem
3596 1298 3673 1353 ibi

2019 1385 2257 1457 reliquit
2284 1384 2410 1439 vita)
2437 1383 2523 1438 vel
2557 1400 2750 1439 rerum
2779 1383 3269 1456 paupereularum
3301 1384 3599 1440 heredem.

2085 1475 2176 1527 70.
2213 1472 2386 1526 Porro
2421 1471 2608 1527 isdem
2640 1471 2826 1526 setius
2858 1472 2986 1543 ejus
3019 1488 3089 1526 ex
3109 1472 3463 1528 monasterio
3490 1472 3674 1529 Fulda

2016 1562 2154 1618 olim
2189 1566 2339 1615 retro
2363 1563 2495 1614 ante
2528 1559 2859 1633 complures
2890 1577 3077 1616 annos
3110 1560 3249 1617 flore
3262 1560 3509 1633 juvenili
3533 1579 3667 1618 con-

2017 1649 2562 1723 spicuus,Treveris
2594 1649 2746 1722 apud
2775 1649 3055 1705 Sanctum
3089 1648 3578 1705 ltlaximinumum
3600 1652 3672 1707 ob

2018 1739 2309 1812 insignem
2330 1737 2626 1811 religionis
2645 1737 3146 1793 conversationem
3166 1737 3670 1811 commigraverat.

2015 1827 2236 1884 Deinde
2289 1825 2490 1882 domui
2539 1826 2806 1899 Eginoldi
2857 1826 3013 1882 fama
3070 1843 3353 1882 accensus
3404 1827 3671 1884 Gorziam

2013 1917 2275 1977 veniens.
2303 1915 2354 1971 ei
2387 1914 2727 1971 individuus
2763 1915 2878 1971 fere
2910 1931 3109 1970 comes
3137 1931 3241 1987 per
3269 1914 3494 1988 aliquot
3522 1920 3671 1972 tcm-

2019 2024 2131 2080 pus
2161 2005 2408 2072 adhesit,
2443 2005 2626 2060 donec
2674 2004 2878 2060 eodem
2919 2004 3186 2076 jubentc,
3216 2020 3351 2059 cum
3396 2005 3672 2077 priedicto

2017 2093 2332 2152 venerabili
2365 2092 2638 2162 Blidulfo,
2655 2092 2713 2148 in
2738 2091 3093 2149 monasterio
3115 2092 3301 2148 sancti
3323 2091 3429 2148 viri
3451 2093 3672 2168 Ogonis

2011 2183 2209 2258 magni
2233 2186 2287 2239 et
2308 2181 2569 2255 prmclari
2590 2181 2755 2254 prius
2776 2181 2834 2235 in
2858 2182 3070 2237 Sancto
3094 2179 3411 2236 Maximino
3439 2181 3672 2238 abbatis

2010 2273 2179 2345 (390),
2195 2276 2253 2328 et
2284 2274 2414 2344 post
2442 2269 2814 2326 Leodicensis
2837 2268 3109 2325 mcclesim
3132 2270 3349 2344 egregii
3375 2270 3672 2343 pontiﬁcis

2010 2361 2179 2434 (391),
2213 2360 2537 2432 delegatus,
2564 2363 2696 2431 post
2724 2358 2949 2414 obitum
2979 2358 3167 2430 ipsius
3211 2359 3411 2414 domui
3452 2358 3672 2432 Ogonis

2011 2449 2246 2522 utrique
2278 2450 2411 2504 inde
2435 2447 2703 2503 Gorziam
2729 2446 2998 2519 regressi,
3020 2463 3155 2503 mox
3176 2447 3332 2503 brevi
3356 2448 3425 2503 ad
3451 2465 3517 2503 ea
3539 2465 3671 2521 quae

2009 2538 2247 2612 praedixi
2281 2538 2505 2593 heremi
2543 2535 2857 2591 remotiora
2897 2534 3023 2609 pari
3071 2552 3363 2591 consensu
3392 2537 3480 2572 ¹⁸⁹³
3508 2554 3669 2593 sece-

2009 2630 2177 2694 dunt,
2212 2633 2269 2683 et
2299 2632 2364 2682 ut
2389 2627 2613 2682 dictum
2645 2629 2754 2692 est,
2781 2625 2893 2697 ipsi
2924 2625 3142 2680 domno
3174 2624 3427 2680 Blidulfo
3466 2642 3670 2682 succe-

2010 2715 2468 2785 dens,locellum
2496 2715 2694 2788 ipsum
2728 2731 2916 2786 usque
2946 2712 3005 2768 in
3040 2713 3216 2769 finem
3248 2712 3378 2769 vitae
3398 2713 3668 2782 incoluit,

2010 2806 2393 2878 doctrinaque
2425 2809 2482 2860 et
2510 2806 2640 2859 vitae
2665 2803 2916 2876 puritate
2948 2801 3141 2858 clarus
3174 2802 3393 2859 ibidem
3425 2801 3668 2875 quievit.

2078 2897 2169 2951 74.
2202 2892 2592 2950 Virduncnsis
2648 2892 2824 2947 etiam
2885 2890 3156 2946 ωοθιοεὶω
3214 2890 3304 2947 vir
3357 2890 3674 2963 religiosus

2012 2986 2173 3041 Isaac
2206 2984 2263 3038 in
2292 2983 2409 3038 vita
2440 2980 2721 3037 canonica
2755 2978 2899 3035 satis
2944 2980 3218 3035 decenter
3262 2984 3674 3047 conversatus,

2001 3074 2128 3144 jam
2156 3070 2375 3126 canicie
2408 3070 2538 3142 ipsa
2570 3069 2940 3133 reverendus,
2976 3082 3110 3121 cum
3152 3067 3266 3122 alio
3318 3068 3483 3124 bonae
3517 3069 3673 3140 spei,

2008 3156 2393 3230 tuncjuniore
2410 3174 2566 3211 nunc
2588 3156 2834 3210 Domino
2858 3154 3297 3224 auspicabiliter
3311 3157 3681 3226 provehente

2008 3248 2273 3319 ejusdem
2324 3246 2510 3300 sancti
2570 3243 2795 3316 collegii
2854 3246 3036 3314 patre,
3081 3242 3298 3297 domno
3350 3244 3680 3301 Odolberto

2011 3336 2178 3409 (38?),
2205 3335 2319 3389 fere
2352 3337 2484 3405 post
2504 3334 2653 3388 duos
2684 3348 2861 3403 quam
2886 3328 3153 3401 superior
3182 3329 3473 3385 Blidulqu
3495 3349 3680 3391 vene-

1930 3410 1973 3476 C
2012 3428 2100 3480 rat
2149 3440 2334 3478 annos
2385 3425 2698 3493 susceptus
2745 3423 2852 3475 est.
2909 3418 3136 3490 Quique
3187 3422 3252 3473 ut
3280 3422 3405 3473 erat
3436 3435 3679 3493 magna:

2009 3510 2406 3584 simplicitatis
2429 3514 2483 3566 et
2504 3514 2662 3565 totus
2686 3507 3062 3564 interioribus
3083 3506 3295 3562 animae
3317 3506 3486 3563 bonis
3510 3510 3682 3565 dedi-

2008 3602 2270 3669 tus,sine
2301 3598 2539 3672 querela
2565 3603 2619 3654 et
2642 3595 3129 3653 innocentissima
3169 3595 3395 3652 actione
3425 3613 3674 3654 conver-

2008 3696 2192 3756 satus,
2226 3688 2400 3745 etiam
2435 3689 2609 3743 finem
2642 3686 2730 3743 sui
2767 3685 2959 3741 divino
2987 3684 3202 3740 meruit
3230 3684 3499 3757 praescire
3544 3703 3673 3744 res-

2009 3796 2213 3853 ponso.
2240 3776 2687 3845 Quiescentibus
2717 3791 2973 3847 namque
3004 3774 3261 3847 quadam
3294 3778 3461 3829 nocte
3483 3775 3680 3831 fratri-

2007 3870 2119 3926 bus
2153 3870 2406 3923 domnus
2437 3865 2718 3922 Einoldus
2747 3863 3018 3938 vigilans,
3046 3866 3280 3936 repente
3309 3879 3507 3919 vocem
3535 3881 3676 3936 pro-

2009 3960 2182 4014 ducto
2216 3974 2358 4012 sono
2391 3960 2478 4011 ter
2510 3954 2929 4011 inclamantem
2977 3952 3204 4008 audivit
3254 3952 3338 4007 sic
3371 3967 3384 4006 :
3422 3971 3449 4001 η
3482 3952 3672 4020 Isaac,

2009 4045 2396 4112 Isaac,lsaacl
2421 4068 2446 4093 η
2484 4044 2697 4111 Ουί¹⁵⁰⁶
2719 4060 2850 4099 cum
2891 4058 3065 4097 mane
3096 4042 3298 4097 eodem
3325 4040 3508 4096 accito
3534 4042 3676 4098 ﬁnis

2007 4137 2263 4192 suieum
2299 4138 2719 4199 commoneret,
2750 4138 2807 4187 et
2856 4131 2997 4204 quid
3052 4131 3315 4187 audisset
3364 4130 3623 4186 ediceret
3657 4149 3671 4185 :

2010 4247 2038 4275 ‹‹
2070 4226 2140 4280 Et
2168 4241 2294 4297 ego,
2314 4223 2517 4295 inquid
2567 4221 2683 4290 ille,
2724 4222 2957 4277 easdem
2991 4237 3161 4275 voces
3190 4217 3385 4273 audivi
3414 4221 3469 4272 et
3498 4235 3673 4274 voca-

2005 4313 2225 4368 tionem
2251 4328 2441 4367 meam
2468 4312 2673 4366 adesse
2695 4326 3004 4382 cognosco.
3028 4331 3054 4359 »
3080 4307 3218 4364 Ilico
3241 4311 3434 4362 autem
3460 4308 3674 4363 morbo

2005 4405 2218 4470 tactus,
2250 4400 2410 4456 brevi
2442 4399 2713 4455 decessit.
2749 4400 2828 4455 De
2857 4397 2953 4453 his
2991 4397 3195 4471 igitur,
3229 4394 3329 4467 qui
3378 4394 3683 4466 quodam;

2006 4491 2178 4547 modo
2213 4490 2632 4551 eminentiores
2664 4487 2724 4543 in
2756 4505 2824 4543 ea
2851 4486 3303 4560 congregatione
3327 4484 3669 4556 viguerunt,

2003 4578 2097 4634 hic
2128 4594 2625 4634 commemorasse
2657 4576 2936 4643 sufﬁciat,
2972 4591 3087 4629 non
3119 4573 3275 4644 quod
3307 4570 3507 4627 omnia
3534 4588 3672 4643 quae

2004 4669 2183 4740 digna
2213 4671 2539 4722 memoratu
2573 4668 2769 4722 essent
2800 4666 2871 4719 de
2902 4663 2986 4719 eis
3018 4663 3174 4718 dicta
3203 4661 3341 4725 sint,
3375 4676 3511 4714 cum
3543 4660 3670 4715 uti-

2002 4774 2116 4829 que
2146 4757 2217 4812 de
2244 4754 2476 4829 singulo
2497 4770 2730 4827 quoque
2761 4769 2963 4809 eorum
2998 4749 3298 4824 proprium
3331 4748 3503 4804 condi
3526 4765 3667 4820 pos-

1998 4847 2077 4904 sit
2102 4846 2396 4902 volumen.
2432 4846 2543 4901 Sed
2576 4848 2634 4900 et
2666 4844 2905 4916 plurimi
2937 4841 3083 4914 (393)
3115 4840 3175 4895 in
3206 4839 3409 4896 eodem
3458 4844 3669 4895 sancto

1997 4935 2241 5009 collegio
2301 4952 2650 5008 magnarum
2698 4935 2983 4989 virtutum
3030 4929 3138 4986 viri
3187 4928 3522 4995 extiterunt,
3558 4928 3669 4999 qui

1997 5023 2203 5080 merito
2235 5023 2295 5078 in
2322 5021 2654 5094 exemplum
2688 5019 2924 5093 scriptis
2957 5022 3014 5075 et
3042 5016 3324 5073 laudibus
3376 5014 3665 5070 efferendi

1996 5119 2299 5260 Θεξέήέοᾱ
2331 5219 2365 5258 a
2395 5202 2713 5275 proposito,
2748 5217 2866 5272 quo
2901 5194 3247 5271 aliquandiu
3290 5191 3503 5249 divulsi
3556 5210 3662 5250 su-

1585 5310 1827 5369 VARI/E
1867 5317 2285 5375 LECTIONES.

233 5406 395 5541 “9:53
420 5404 658 5530 δρὲαηάα
710 5406 906 5459 iterum
961 5421 1159 5459 manus
1218 5407 1430 5477 incipit.

403 5493 459 5531 ιιι
531 5491 579 5530 c.

403 5491 501 5531 ιιια
531 5491 579 5530 6.

1570 5410 1659 5444 ¹⁵⁹²
1687 5415 2011 5472 maximum
2058 5435 2104 5473 ο.
2159 5418 2262 5472 bis.

1823 5580 2057 5640 NOT/E.

302 5682 449 5747 (390)
480 5680 624 5734 Vide
654 5677 956 5750 Sigehardi
1003 5677 1282 5733 Miracula
1313 5678 1372 5735 S.
1413 5679 1675 5749 Maximi,
1710 5701 1759 5739 (τ.
1791 5688 1875 5742 12.

304 5752 450 5824 [391)
480 5755 645 5824 Anno
677 5750 930 5824 945-94ῖ.

300 5819 448 5893 (392)
481 5822 831 5881 Odolbertus
864 5819 1078 5876 Gorziac
1129 5820 1262 5875 inde
1312 5819 1384 5875 ab
1434 5838 1482 5876 a.
1537 5823 1641 5879 974
1681 5828 1872 5893 sedit;

1992 5708 2144 5749 anno
2175 5695 2281 5748 987
2315 5694 2639 5749 Immonem
2673 5693 2943 5749 abbatem
2976 5689 3253 5761 legim_11_8-

2060 5764 2205 5837 (303)
2238 5764 2501 5836 Exempli
2530 5765 2720 5837 gratia
2742 5750 3093 5821 Rambertus
3113 5758 3295 5815 abbas
3326 5750 3656 5810 Senonicu-

1987 5833 2089 5891 sis.
2125 5833 2448 5893 Manimos.

2406 5417 2495 5452 1593
2524 5416 2655 5472 hinc
2706 5417 2890 5487 prima,
2926 5427 3124 5469 manus
3175 5411 3372 5466 iterum
3432 5406 3654 5477 incipit.
3760 5480 3767 5487 ι

3854 160 3866 397 4
