3912 6428
196 543 314 604 277

1096 541 1199 603 DE
1242 540 1429 603 VlTA
1469 540 1798 603 JOANNIS
1842 540 2178 603 ABBATIS
2223 542 2706 606 GORZIENSIS.

3495 544 3613 611 278

197 693 350 746 mus,
360 676 486 747 jam
505 675 762 747 quodam
781 673 1033 729 clamore
1053 672 1584 728 revocamur.Unde
1605 672 1698 728 his
1722 689 1847 744 quae
1879 673 1933 740 Α
1962 674 2290 742 terdiceret,
2306 674 2693 731 nihilominus
2715 680 2911 732 tamen
2944 676 3068 749 ipse
3099 683 3308 735 cuncta
3332 696 3517 751 usque
3541 682 3614 738 ad

199 765 471 839 praeteriti
504 764 813 837 indignum
848 762 1188 819 censuimus
1218 763 1492 835 expediti,
1517 764 1589 818 ad
1620 762 1728 817 viri
1759 778 1854 817 vc-

198 853 473 911 nerabilis
502 854 750 911 Joannis
783 852 1042 918 acta,cui
1077 852 1171 906 hic
1195 852 1429 923 proprie
1451 851 1623 907 stilus
1657 851 1851 917 sudat,

198 944 443 1000 Domino
483 941 944 998 misericorditer
992 943 1284 1011 praeeunte
1334 939 1697 993 recedamus.
1733 938 1852 993 Pri-

198 1048 361 1086 mum
385 1049 511 1102 quae
530 1032 577 1085 ei
598 1028 892 1085 institutio
916 1026 1374 1084 conversationis
1393 1032 1449 1082 et
1468 1026 1649 1082 animi
1665 1026 1853 1083 virtus

194 1121 308 1175 ﬁxa
338 1121 410 1175 ab
438 1118 588 1191 ipsis
621 1116 927 1190 principiis
958 1117 1020 1171 in
1054 1117 1229 1171 ﬁnem
1263 1131 1450 1187 usque
1472 1116 1650 1170 ductu
1675 1115 1855 1170 conti-
1890 1125 1893 1127 '

196 1227 312 1265 nuo
344 1210 472 1275 fuit,
506 1212 571 1262 ut
601 1207 661 1261 in
694 1211 963 1261 neutram
987 1210 1213 1277 partem
1243 1203 1498 1260 mirabili
1523 1204 1720 1276 vigore
1752 1204 1850 1258 de-

194 1297 433 1361 ﬂexerit,
466 1296 524 1351 iu
557 1297 814 1367 quadam
845 1294 1021 1349 veluti
1055 1294 1211 1348 brevi
1256 1291 1471 1347 tabella
1522 1292 1852 1347 describere

194 1386 385 1458 cupio.
419 1387 584 1451 Quod
617 1385 770 1440 sicut
816 1401 850 1438 a
897 1400 991 1438 me
1042 1382 1256 1453 expleri
1312 1398 1483 1452 posse
1534 1398 1651 1435 non
1704 1380 1850 1436 mihi

194 1492 434 1547 prorsus
466 1472 879 1545 arrogaverim,
916 1472 997 1526 ita
1025 1471 1118 1526 vix
1144 1488 1426 1541 umquam
1462 1486 1495 1524 a
1525 1485 1845 1541 quoquam,

190 1567 460 1636 quamvis
491 1561 935 1627 dissertissimo,
964 1559 1231 1617 cstimcm
1262 1558 1699 1631 comprehendi.
1734 1559 1848 1615 Nec

189 1670 324 1709 vero
353 1652 586 1725 penitus
620 1651 1009 1713 reticendum,
1036 1666 1107 1702 ne
1140 1648 1270 1719 ipsa
1302 1665 1479 1719 parva
1508 1664 1636 1718 quae
1660 1647 1851 1702 dicen-

188 1745 307 1808 tur,
341 1740 389 1796 si
447 1740 612 1812 pigro
671 1738 908 1793 sudario
968 1736 1360 1802 defodiantur,
1404 1753 1553 1806 puos
1610 1740 1851 1806 possent

186 1828 369 1885 lucris
402 1826 719 1883 dominicis
749 1824 1124 1882 subtrahant.

259 1959 696 2030 Subjectionem
730 1958 879 2030 patri
899 1957 973 2013 'et
1004 1956 1397 2013 obedientiam
1414 1960 1577 2011 tanta
1599 1956 1848 2029 pertina-

180 2050 267 2105 tia
300 2047 585 2117 tenuit,ut
616 2045 895 2118 quicquid
931 2044 1109 2101 semel
1144 2062 1240 2100 ore
1260 2044 1359 2100 ille
1380 2044 1676 2116 imperans
1699 2046 1840 2101 emi-
1883 2043 1930 2108 B

182 2139 382 2203 sisset,
412 2136 532 2204 hic,
563 2142 868 2208 tamquam
904 2135 1163 2191 famulus
1193 2136 1501 2190 verberum
1552 2140 1841 2204 metuens,

181 2226 312 2283 sine
334 2224 614 2280 dilatione
638 2224 938 2296 arriperet.
954 2224 1023 2277 Et
1047 2223 1104 2276 in
1129 2223 1273 2293 ipsis
1297 2222 1493 2277 statim
1517 2221 1840 2294 principiis,

181 2316 329 2371 dum
351 2319 515 2386 pater
537 2312 817 2369 Eiuoldus
846 2310 1065 2366 credito
1094 2310 1202 2366 sibi
1228 2310 1511 2382 regimine
1533 2310 1641 2365 loci
1673 2310 1843 2367 vehe-

182 2407 414 2460 menter
443 2406 775 2474 angeretur,
798 2400 844 2457 si
879 2400 989 2455 sibi
1023 2399 1310 2455 exteriora
1342 2400 1604 2454 curanda
1625 2402 1839 2466 essent,

182 2492 284 2565 qui
302 2491 473 2565 longe
486 2489 602 2546 alia
614 2489 807 2545 divine
829 2488 1247 2562 speculationis
1266 2487 1842 2555 meditabatur,idem

184 2581 403 2635 domus
452 2578 751 2635 Johannes
800 2578 852 2633 ei
900 2576 1183 2632 accedens
1219 2592 1230 2630 :
1262 2598 1287 2623 ‹‹
1322 2576 1446 2630 Non
1482 2575 1717 2639 horum,
1741 2575 1842 2631 do-

186 2666 771 2740 mine,inquid,cura
804 2665 1220 2730 sollicitcmini,
1247 2681 1383 2735 ergo
1415 2664 1523 2718 hoc
1554 2681 1656 2719 vos
1689 2665 1842 2721 fasce

184 2758 411 2814 levabo.
436 2756 821 2812 Interioribus
844 2757 1097 2821 tantum,
1119 2760 1181 2807 ut
1213 2753 1726 2825 cupitis,animum
1760 2752 1845 2807 in-

184 2848 441 2913 tendite;
472 2845 747 2917 quicquid
774 2845 1123 2900 exteriorum
1157 2848 1383 2914 est,cgo
1414 2842 1627 2897 Christi
1656 2842 1844 2913 gratia

183 2942 240 2992 et
273 2934 502 2991 meritis
524 2935 732 2989 vestris
764 2933 1004 3003 adjutus
1037 2931 1177 2986 mihi
1229 2931 1609 3002 susceperim.
1634 2952 1660 2978 ››
1696 2930 1840 2985 Cum

180 3024 383 3096 itaque
415 3022 495 3078 ita
525 3022 722 3078 omnia
754 3022 801 3076 ei
835 3019 1288 3085 commiscrit,et
1319 3020 1440 3091 ipse
1472 3019 1529 3074 in
1564 3018 1685 3074 solo
1726 3018 1840 3074 Deo

177 3112 547 3169 vacationem
582 3112 1124 3184 assumpserit,non
1158 3114 1352 3164 tamen
1394 3108 1534 3179 quid
1559 3123 1840 3178 umquam

175 3217 430 3277 parvum
460 3199 548 3255 vel
579 3201 775 3271 majus
808 3199 961 3255 idem
994 3199 1250 3254 domnus
1279 3196 1579 3252 Johannes
1629 3195 1740 3251 nisi
1775 3212 1840 3251 eo

174 3292 417 3349 conscio
448 3293 551 3345 aut
575 3289 818 3346 consilio
841 3290 969 3361 ejus
990 3292 1046 3343 et
1065 3287 1364 3343 voluntate
1386 3286 1523 3359 egit.
1539 3287 1608 3341 Et
1628 3285 1840 3341 horum

172 3382 300 3457 ipse
316 3384 581 3439 domnus
602 3380 905 3447 Einoldus,
923 3379 971 3435 si
995 3379 1229 3450 quando
1260 3377 1340 3432 ita
1362 3375 1842 3443 intererat,testis

175 3477 302 3529 erat
337 3488 351 3526 :
393 3494 421 3521 ‹‹
445 3467 1116 3541 Numquam,inquiens,
1138 3465 1282 3521 mihi
1311 3465 1675 3521 inoboediens
1709 3464 1838 3533 fuit,

176 3577 283 3617 nec
311 3560 426 3615 fuit
458 3557 794 3630 aliquando,
818 3557 915 3628 qui
951 3573 1043 3612 me
1065 3560 1121 3610 et
1154 3554 1323 3610 illum
1355 3555 1415 3609 in
1449 3570 1652 3627 pacem
1677 3554 1843 3610 redu-

176 3654 354 3706 ceret.
391 3671 420 3699 υ

242 3784 338 3838 73.
374 3782 496 3837 Nec
541 3778 764 3835 destitit
816 3778 1075 3850 prudens
1124 3782 1180 3832 et
1230 3792 1409 3848 sagax
1450 3774 1510 3830 in
1561 3773 1841 3831 uiramvis

175 3875 409 3944 partem
464 3870 723 3925 domnus
769 3867 1052 3925 Einoldus
1101 3883 1237 3921 eum
1285 3865 1534 3920 diversis
1576 3879 1842 3920 exercere

174 3957 635 4015 mutationibus.
669 3957 812 4012 Nam
848 3955 1195 4028 plerumque
1224 3954 1295 4009 ab
1345 3952 1729 4008 exterioribus
1768 3952 1841 4008 de

173 4046 477 4104 industria
506 4063 644 4102 eum
670 4060 949 4101 revocans
985 4045 1055 4099 ad
1091 4042 1389 4108 interiora,
1405 4040 1580 4097 etiam
1602 4041 1674 4096 ad
1708 4040 1839 4096 inﬁ-

172 4152 340 4193 mum
373 4136 657 4208 quodque
680 4133 909 4189 reduxit
931 4131 1212 4198 ofﬁcium,
1231 4131 1288 4186 in
1312 4147 1427 4202 quo
1450 4146 1523 4186 ne
1548 4133 1693 4185 nutu
1718 4128 1842 4201 qui-

172 4224 306 4281 dem
338 4223 665 4295 aliquando
694 4220 856 4276 visus
887 4225 977 4276 est
1006 4219 1293 4275 renuisse.
1326 4218 1539 4274 Jussus
1562 4217 1839 4290 praeposi-

169 4318 288 4383 tus,
322 4316 498 4386 paret
529 4312 827 4367 continuo.
862 4308 1251 4381 Praepositum
1274 4308 1557 4379 deposita,
1587 4311 1712 4363 esto
1742 4308 1839 4362 de-

174 4404 389 4460 canusl
409 4404 630 4475 jugum
654 4399 888 4471 quietus
913 4398 1190 4455 admittit.
1208 4398 1285 4453 Eo
1304 4396 1840 4461 abiens,cellarium

175 4493 344 4548 cura!
384 4505 637 4548 manum
671 4487 802 4543 ilico
826 4486 1207 4560 profert.Alio
1232 4485 1309 4540 ibi
1338 4485 1703 4551 succedente,
1723 4501 1843 4540 ves-

175 4584 264 4637 tes
298 4582 557 4636 fratrum
590 4576 782 4634 serva!
820 4575 1003 4631 nihilo
1047 4573 1179 4646 plus
1214 4572 1552 4629 reluctatur.
1579 4573 1671 4629 Sic
1706 4573 1840 4629 hos-

177 4669 426 4741 pitibus,
462 4666 546 4724 sic
577 4666 627 4722 si
664 4665 746 4722 ita
776 4663 1022 4736 contigit
1064 4661 1338 4729 inﬁrmis,
1373 4661 1457 4717 sic
1508 4662 1843 4733 quibusque

177 4757 310 4814 aliis
337 4754 669 4829 imperatis,
704 4769 940 4810 summa
971 4768 1106 4807 cum
1138 4750 1462 4817 alacritate,
1495 4766 1670 4805 morae
1718 4768 1844 4807 nes-

177 4846 307 4903 cius
339 4843 720 4902 ministravit.
755 4844 1149 4912 Quaecumque
1180 4839 1442 4896 nummis
1467 4839 1555 4895 vel
1606 4838 1844 4911 quibus-

176 4934 320 4991 libet
351 4935 489 4991 aliis
522 4933 697 4989 rebus
729 4930 1024 5003 expendit,
1044 4944 1341 4985 summam
1365 4944 1567 4985 eorum
1589 4927 1649 4984 in
1672 4929 1841 4984 breve

179 5026 447 5080 notatam
473 5020 670 5076 abbati
706 5023 838 5091 post
857 5018 1247 5074 ebdomadam
1279 5021 1380 5072 aut
1408 5033 1670 5072 mensem
1722 5017 1843 5072 red-

178 5110 480 5179 didit,nee
512 5108 711 5164 minus
744 5123 991 5179 quaeque
1020 5106 1382 5162 extrinsecus
1414 5106 1485 5161 de
1523 5105 1844 5161 ratiociniis

178 5199 523 5271 quibusque
555 5196 718 5252 illata
739 5194 1074 5267 recepisset.
1089 5195 1355 5265 Cumque
1374 5194 1629 5250 domnus
1653 5193 1843 5250 Einol-

181 5285 295 5341 dus
325 5286 436 5342 hec
467 5284 674 5341 audire
704 5283 1033 5349 fastidiens,
1049 5282 1188 5354 quia
1218 5280 1365 5336 nihil
1388 5282 1684 5353 superﬂuo
1706 5299 1843 5338 eum

180 5375 511 5447 expendere
542 5371 689 5429 satis
720 5370 1046 5439 sciret,non
1069 5370 1228 5426 ultra
1249 5370 1360 5426 sibi
1395 5370 1517 5426 haec
1541 5371 1740 5426 referri
1762 5372 1847 5426 in-

1966 762 2267 834 siliquam,
2303 769 2367 819 ut
2399 765 2632 831 dicitur,
2666 771 2944 822 annotata
2967 768 3255 823 servabat.

2034 853 2125 907 74.
2162 852 2534 921 Pacientiam,
2570 854 2986 925 humilitatem,
3008 872 3111 911 seu
3138 857 3619 928 abjectionem,et

1966 957 2091 1011 quae
2125 940 2323 997 omnia
2353 946 2593 1014 superat
2618 943 2878 999 caritatis
2909 944 2968 998 in
3001 945 3185 1000 Deum
3217 952 3273 1001 et
3320 948 3377 1002 in
3411 965 3615 1006 omnes

1965 1029 2269 1095 fervorem,
2304 1030 2644 1087 incredibile
2676 1030 2835 1087 dictu
2868 1038 2975 1100 est,
3011 1038 3233 1104 quanta
3276 1036 3615 1094 fortitudine

1963 1118 2294 1173 servaverit.
2312 1119 2391 1174 De
2413 1118 2629 1191 quibus
2651 1119 2901 1191 singulis
2922 1122 3139 1193 quibus
3165 1124 3496 1195 frequenter
3519 1128 3615 1182 doo

1962 1212 2235 1262 cumento
2269 1209 2465 1275 fuerit,
2484 1208 2531 1263 si
2567 1226 2865 1265 recensere
2894 1210 3093 1278 velim,
3109 1211 3359 1268 nimium
3393 1215 3613 1288 scripta

1963 1296 2351 1351 ferrentur1595
2384 1298 2441 1351 in
2476 1298 2738 1368 longum.
2773 1298 2935 1354 Unde
2962 1298 3169 1355 saltem
3202 1301 3493 1374 simplicia
3513 1322 3610 1360 an-

1960 1388 2254 1439 notamus.
2290 1386 2719 1457 Preposituram
2752 1388 3089 1442 monasterii
3138 1388 3225 1444 vir
3263 1392 3611 1450 venerabilis

1961 1472 2396 1543 Fridericus,de
2440 1492 2556 1546 quo
2605 1493 2782 1547 supra
2828 1476 3206 1532 meminimus
3238 1480 3375 1551 (cap.
3407 1481 3518 1551 55),
3552 1486 3610 1537 et

1960 1561 2069 1616 sub
2104 1578 2168 1617 eo
2200 1561 2293 1618 hic
2322 1564 2575 1619 domnus
2606 1565 2906 1621 Johannes
2937 1567 3191 1637 gerebat.
3215 1567 3312 1623 Ille
3347 1573 3411 1624 ut
3442 1586 3610 1642 supe-

1959 1649 2096 1714 rior,
2130 1650 2286 1707 hunc
2317 1654 2594 1724 gravibus
2624 1656 2931 1711 verborum
2965 1656 3336 1713 contumeliis
3367 1675 3608 1731 persepe

1957 1739 2133 1794 etiam
2167 1740 2398 1812 publice
2427 1747 2484 1797 et
2506 1744 2893 1815 praesentibus
2916 1744 3002 1779 ³⁵9⁸
3033 1745 3396 1802 secularibus
3417 1747 3608 1804 irrita-

1956 1828 2076 1883 bat.
2100 1827 2201 1883 lllo
2224 1828 2448 1886 diutius
2470 1834 2886 1903 perstrepente,
2905 1831 2998 1887 hic
3025 1836 3259 1889 tantum
3282 1834 3419 1890 item
3437 1835 3607 1892 item-

1955 1930 2069 1985 que
2091 1916 2162 1971 ad
2188 1917 2667 1975 satisfaciendum
2691 1923 2856 1975 terrm
2876 1936 2935 1977 se
2954 1924 3240 1989 sternens,
3258 1928 3604 1995 perpetuum

1961 2004 2196 2059 tenebat
2226 2005 2546 2063 silentium.
2580 2007 2722 2064 Cum
2756 2007 2854 2063 ille
2883 2010 3084 2066 crebro
3115 2012 3316 2068 eadem
3352 2012 3607 2070 clamore

1962 2091 2355 2164 ingeminans,
2387 2096 2473 2150 ira
2504 2096 2694 2152 fessus
2732 2097 2858 2167 jam
2904 2100 2960 2153 et
3009 2098 3069 2153 in
3118 2100 3293 2155 verba
3314 2101 3604 2171 deﬁceret,

1953 2179 2211 2237 Joannes
2242 2184 2361 2239 acsi
2403 2184 2787 2240 simulacrum
2838 2184 2963 2241 sine
3009 2204 3145 2241 voce
3191 2187 3290 2243 diu
3324 2188 3607 2247 immotus

1955 2269 2308 2341 persisteret,
2343 2273 2414 2328 ad
2461 2272 2736 2329 ultimum
2768 2273 3144 2347 columpnam
3193 2277 3281 2332 vel
3328 2278 3605 2349 parietem

1953 2362 2295 2428 tangens,et
2327 2366 2388 2416 ut
2414 2361 2498 2417 eis
2528 2361 2723 2433 potius
2750 2363 2925 2418 verba
2953 2381 3130 2435 quam
3158 2364 3267 2421 sibi
3301 2368 3509 2423 faceret
3529 2368 3610 2423 di-

1955 2462 2111 2514 cens,
2136 2465 2167 2504 e
2198 2454 2514 2521 conspectu
2547 2468 2609 2506 se
2642 2451 3019 2523 proripiebat.
3056 2453 3157 2510 Ille
3187 2472 3252 2509 eo
3302 2460 3605 2529 tamquam

1953 2540 2326 2608 contemptus
2348 2538 2660 2605 incensior,
2678 2539 2939 2611 quolibet
2960 2541 3106 2597 forte
3142 2544 3452 2599 residebat.
3471 2545 3610 2602 Inde

1955 2629 2085 2694 post
2111 2625 2418 2696 paululum
2454 2633 2615 2682 motu
2646 2628 3006 2693 subsidente,
3024 2631 3121 2685 ubi
3150 2631 3431 2701 placidior
3451 2635 3520 2690 ad
3547 2653 3609 2690 se

1953 2718 2206 2768 mentem
2229 2715 2497 2782 redierat,
2515 2716 2804 2772 secrecius
2825 2719 3025 2772 eodem
3049 2719 3313 2775 Johanne
3333 2722 3604 2791 abducto,

1953 2801 2201 2872 pedibus
2233 2804 2361 2873 ejus
2410 2804 2720 2859 advolutus
2757 2822 2767 2856 :
2804 2828 2829 2853 ιι
2863 2805 3135 2860 Occidisti
3180 2808 3299 2863 me!
3325 2833 3351 2856 ››
3391 2809 3603 2867 aiebat.

1952 2889 2098 2945 Cum
2148 2891 2446 2948 Johannes
2475 2909 2488 2946 :
2526 2916 2552 2940 α
2582 2894 2699 2965 Ego
2746 2893 2803 2946 in
2836 2896 2988 2964 quo?
3021 2894 3304 2950 Patientia
3355 2901 3457 2952 tua
3488 2914 3601 2966 me,

1952 2977 2198 3037 dicebat.
2254 2979 2512 3036 occidit»
2549 3012 2613 3021 —
2651 2997 2662 3034 :
2702 3003 2729 3032 «
2759 2982 2883 3036 Non
2933 2982 3033 3045 ita,
3082 2983 3287 3054 inquid
3338 2984 3466 3051 iste,
3500 2987 3603 3042 sed

1954 3066 2298 3123 animositas
2326 3075 2521 3125 vestra
2548 3088 2647 3125 vos
2680 3070 2910 3125 occidit.
2938 3094 2963 3119 ν)
2998 3072 3111 3127 Nec
3158 3072 3446 3144 pluribus,
3471 3074 3604 3131 lites

1952 3154 2084 3209 ilico
2117 3158 2562 3229 rumpebantur.
2598 3159 2743 3213 Nam
2776 3159 2964 3214 isdem
2994 3158 3081 3214 vir
3111 3163 3464 3218 reverendus
3494 3162 3603 3219 hoc

1955 3260 2070 3300 uno
2093 3243 2226 3301 licet
2250 3263 2376 3302 esse
2400 3246 2694 3318 notabilis,
2710 3251 2897 3303 cetera
2923 3247 3211 3321 egregius,
3227 3254 3283 3305 et
3305 3254 3367 3306 ut
3390 3268 3603 3324 magno

1954 3337 2098 3388 natu
2130 3334 2486 3406 conspicuus
2507 3340 2563 3391 et
2595 3334 2845 3409 insignis
2865 3337 3141 3393 omnibus
3172 3338 3516 3396 habebatur.
3535 3342 3607 3397 Et

1873 3408 1916 3477 C
1956 3418 2063 3475 hos
2093 3421 2253 3493 ipsos
2276 3427 2472 3479 motus
2499 3408 2868 3495 animi,quos
2889 3429 3053 3481 vetus
3083 3426 3276 3482 adhuc
3304 3434 3608 3486 conversa-

1950 3510 2030 3564 tio
2062 3510 2412 3582 integrabat,
2449 3514 2710 3583 prudens
2740 3513 2914 3568 citius
2945 3515 3373 3586 compescebat,
3398 3517 3607 3573 dolori-

1952 3598 2181 3669 busque
2213 3616 2278 3654 ac
2309 3600 2642 3670 planctibus
2687 3601 3002 3657 uberrimis
3051 3605 3429 3673 postmodum
3478 3623 3604 3663 sese

1951 3688 2265 3742 conﬁciens
2294 3688 2780 3760 condempnabat.

2020 3777 2109 3829 75.
2145 3776 2257 3830 Nec
2284 3775 2569 3832 dissimile
2600 3777 2737 3831 huic
2769 3782 2876 3844 est,
2903 3778 3057 3848 quod
3082 3779 3605 3837 inferimus.Cella-

1951 3862 2104 3918 rium
2136 3862 2260 3935 ipse
2289 3864 2608 3931 Johannes,
2633 3866 2919 3920 Bernacer
2948 3870 3141 3921 autem
3168 3868 3297 3939 jam
3330 3871 3462 3925 ante
3514 3869 3603 3925 di-

1951 3955 2080 4006 ctus
2110 3951 2448 4007 vestiarium
2476 3952 2594 4008 sive
2625 3969 2919 4008 cameram
2952 3954 3201 4010 fratrum
3235 3956 3522 4012 servabat.
3548 3957 3604 4014 Is

1949 4040 2204 4111 quadam
2224 4041 2314 4095 die
2337 4039 2637 4096 cellarium
2661 4040 3101 4114 ingressus,vas
3122 4045 3605 4118 quoddam,quod
3682 4096 3685 4097 ν

1949 4129 2210 4201 imapum
2237 4129 2381 4199 (394)
2410 4129 2635 4195 dicunt,
2650 4129 2891 4202 guttulae
2924 4131 3276 4205 excipienda:
3296 4133 3419 4190 vasi
3450 4134 3607 4189 vina-

1949 4218 2035 4272 rio
2092 4216 2463 4289 suppositum
2544 4218 2784 4273 invenit.
2842 4220 2921 4275 Eo
2997 4225 3249 4294 arrepto,
3295 4223 3606 4294 questibus

1949 4306 2278 4362 Johannem
2326 4322 2621 4377 agressus,
2674 4311 2731 4362 et
2784 4324 2887 4363 vas
2941 4310 3095 4380 quod
3147 4309 3240 4365 sui
3297 4310 3607 4367 ministerii

1951 4399 2104 4450 esset
2120 4410 2225 4449 cur
2243 4394 2325 4450 ita
2349 4396 2639 4467 perditum
2658 4395 2935 4462 dedisset,
2953 4396 3141 4453 multa
3163 4398 3605 4470 congeminans,

1950 4483 2166 4555 illeque
2195 4482 2340 4538 nihil
2369 4482 2574 4538 laesum
2614 4489 2899 4539 assereret
2933 4502 2946 4538 :
2986 4504 3013 4533 ‹‹
3047 4485 3153 4541 Pro
3204 4486 3483 4553 carraria,
3515 4487 3604 4542 in-

1952 4570 2250 4643 quid,vini
2274 4587 2389 4626 non
2409 4572 2493 4628 sic
2523 4572 2934 4628 attaminatum
2957 4571 3183 4628 vellem.
3208 4594 3236 4623 υ
3271 4573 3369 4629 Cai
3391 4574 3607 4632 Johan-

1953 4677 2055 4717 nes
2081 4677 2093 4714 :
2126 4682 2154 4710 ‹‹
2176 4660 2524 4729 Docem,ait,
2549 4661 2787 4717 vascula
2818 4660 3182 4732 hujusmodi,
3210 4662 3466 4719 carraria
3488 4679 3607 4721 una

1874 4777 1919 4841 Β
1950 4749 2069 4804 vini
2100 4753 2347 4821 possunt
2369 4750 2664 4820 adquiri.»
2686 4750 2739 4805 ls
2760 4751 3014 4806 domnus
3036 4749 3316 4806 Einoldus
3339 4767 3608 4824 superve-

1952 4838 2141 4903 niens,
2175 4843 2233 4893 et
2275 4838 2455 4894 altero
2494 4840 2621 4910 jam
2672 4840 2943 4909 abeunte,
2971 4841 3113 4894 dum
3158 4845 3440 4909 extrema,
3476 4857 3606 4913 qua:

1950 4929 2187 4983 vixdum
2211 4928 2422 4982 ﬁniens
2443 4926 2741 4983 Jobannes
2764 4927 2846 4982 illi
2867 4927 3099 4986 eminus
3121 4928 3489 5001 loquebatur,
3506 4947 3608 4986 au-

1952 5017 2134 5073 disset
2166 5032 2178 5070 :
2218 5037 2245 5065 ‹‹
2276 5015 2423 5081 Quid
2459 5016 2588 5083 hoc,
2621 5015 2849 5087 inquid,
2883 5017 3009 5072 est?
3033 5019 3121 5072 An
3170 5017 3542 5075 contenditis.
3575 5041 3605 5069 »

1954 5106 2057 5163 lllo
2087 5105 2359 5178 protinus
2385 5108 2550 5162 terra:
2583 5109 2908 5177 prostrato:
2939 5127 2965 5156 ‹‹
2989 5105 3381 5178 Non,inquid,
3400 5112 3611 5180 praeter

1954 5209 2420 5267 panem,aquam
2452 5198 2510 5248 et
2539 5194 2721 5249 salem
2753 5194 3073 5267 quicquam
3119 5195 3431 5269 percipias,
3464 5197 3607 5254 dum

1954 5282 2252 5339 licentiam
2279 5282 2513 5337 dedero.
2546 5304 2575 5333 ››
2607 5282 2786 5338 Jussa
2816 5282 3170 5354 suscipiens,
3194 5301 3299 5341 nec
3329 5283 3441 5356 ipsi
3465 5286 3608 5357 quid

1955 5374 2236 5442 referens,
2264 5387 2369 5427 nec
2398 5370 2676 5444 cuiquam
2706 5373 2949 5429 verbum
2989 5372 3126 5429 inde
3159 5372 3278 5431 ullo
3311 5374 3486 5430 modo
3519 5375 3611 5430 fa-

1546 5502 1789 5564 νΑΒΙίΕ
1830 5505 2140 5565 LECTION
2145 5506 2251 5563 ES.

253 5601 345 5642 ηπ
376 5602 644 5660 ferentur
672 5619 718 5660 c.
863 5601 951 5638 ³⁸9⁸
977 5601 1282 5675 praesentis
1314 5617 1358 5657 ε.

1786 5708 2021 5768 ΝΟΤᾸΞ.

254 5825 408 5899 (374)
442 5825 716 5883 Fortasse
746 5824 903 5881 idem
934 5824 1090 5894 quod
1111 5823 1434 5896 hanapum,
1458 5840 1585 5897 vas,
1619 5824 1961 5886 Germanice
1988 5831 2144 5901 napf.
