3912 6428
290 622 411 682 279
1171 621 1499 684 JOANNIS
1545 619 1872 681 ABBATIS
1917 619 1983 680 S.
2029 620 2373 682 ARNULFI
2418 620 2829 684 METENSIS.

291 756 475 826 ciens,
509 755 703 810 triduo
735 752 1011 809 continuo
1042 753 1344 809 abstinuit.
1379 752 1447 808 Et
1478 754 1623 809 forte
1652 756 1793 807 tunc
1825 753 1940 807 fer-
1972 752 2025 819 Α
2055 753 2259 809 cedere
2290 758 2497 826 praeter
2517 753 2914 810 inevitabilem
2946 754 3352 812 necessitatem
3385 757 3720 830 perpende-

287 842 614 900 ventissimi
636 848 693 897 et
717 842 843 913 ipsa
863 846 1048 897 estate
1069 843 1193 896 dies
1212 842 1442 896 fuerant
1472 840 1944 913 longissimi,nec
2057 846 2160 909 ret,
2194 842 2299 897 hec
2327 843 2488 898 velut
2516 842 2747 898 crimini
2792 844 3034 912 ducens,
3067 845 3301 916 penitus
3350 846 3719 918 respuebat;

289 934 362 988 ob
395 933 454 986 id
489 931 645 985 soliti
675 932 991 1002 quicquam
1027 929 1217 1002 operis
1247 931 1798 1002 praetermisit,un
1817 930 1943 985 alao
2054 947 2188 985 cum
2222 935 2418 986 tamen
2453 931 2599 987 nulli
2631 932 2728 987 alii
2760 950 2871 989 usu
2903 950 3129 1003 eorum,
3153 934 3373 1006 quibus
3395 936 3543 990 forte
3565 952 3723 1008 opus

290 1020 443 1077 crior
472 1025 528 1076 et
559 1020 710 1075 celer
731 1021 801 1075 ad
827 1019 1100 1074 universa
1130 1018 1502 1074 discurreret.
1520 1021 1664 1074 Nam
1686 1019 1945 1075 valitudo
2054 1020 2762 1087 fuerat,interdiceret.Et
2780 1022 2901 1077 hrec
2924 1039 3138 1095 magna
3165 1023 3223 1077 in
3255 1040 3322 1080 eo
3353 1027 3479 1079 erat
3499 1024 3723 1080 discre-

290 1110 551 1183 eorporis
583 1110 634 1165 ei
657 1111 846 1181 justa,
877 1113 935 1164 et
972 1109 1029 1163 in
1058 1114 1325 1164 neutram
1361 1114 1587 1180 partem
1620 1109 1825 1175 nimia,
1859 1109 1944 1164 fa-
2054 1109 2164 1175 cio,
2199 1114 2265 1164 ut
2294 1127 2428 1165 cum
2461 1110 2585 1182 ipse
2616 1111 2726 1166 sibi
2762 1116 3035 1168 austerus
3065 1116 3123 1166 et
3159 1128 3308 1185 pene
3355 1110 3724 1168 indiscretus

290 1200 387 1256 cili
421 1205 583 1254 motu
616 1216 719 1271 per
748 1198 993 1271 gratiam
1028 1198 1297 1253 celestem
1337 1199 1409 1253 ad
1443 1214 1688 1270 qumque
1718 1199 1945 1270 agenda
2052 1199 2367 1267 videretur,
2384 1198 2516 1254 aliis
2539 1216 2710 1255 nemo
2735 1200 3171 1256 misericordior
3200 1205 3376 1257 esset.
3410 1202 3722 1274 Ipsejejua

290 1290 637 1346 sufﬁciebet.
2056 1305 2223 1355 nans,
2259 1287 2406 1344 alios
2437 1289 2505 1343 ad
2542 1288 2738 1344 cibum
2791 1290 3234 1357 cohortabatur;
3269 1291 3395 1363 ipse
3430 1291 3719 1364 vigilans,

359 1381 451 1434 76.
485 1380 570 1434 Ab
603 1378 826 1434 intimis
852 1393 1086 1449 quoque
1116 1378 1329 1449 probra
1350 1377 1692 1432 multotiens
1713 1377 1946 1431 inﬁnita
2055 1378 2200 1433 alios
2223 1377 2880 1451 somnumindulgebat;
2907 1380 3031 1452 ipse
3055 1379 3724 1453 laborans,aliosquiete

292 1468 594 1526 sustinuit.
614 1466 724 1521 Alii
754 1483 887 1521 eum
911 1465 1406 1537 hypocritam,alii
1449 1464 1823 1533 avarum,alii
1858 1471 1943 1520 te-
2055 1466 2415 1535 remittebat;
2441 1468 2454 1521 i
2466 1486 2565 1540 pse
2594 1468 2735 1523 dum
2769 1468 2994 1525 balneis
3022 1468 3257 1541 penitus
3286 1470 3617 1536 abstinens,
3644 1470 3722 1525 ab

293 1574 520 1624 nacem,
544 1556 642 1611 alii
676 1556 1067 1610 fraudatorem
1106 1555 1335 1627 publice
1367 1554 1761 1628 appellabant.
1798 1556 1947 1610 Non-
2056 1555 2660 1626 ipso’conversationis
2682 1575 2800 1612 sua;
2824 1562 3087 1629 tempore
3111 1574 3438 1630 numquam
3458 1558 3547 1614 eis
3569 1576 3723 1614 usus

294 1645 436 1702 nulli
471 1662 586 1699 non
608 1661 741 1700 cum
767 1643 1029 1698 seculum
1056 1643 1361 1717 reliquisse
1389 1643 1942 1717 calumpniantes,in
2056 1645 2237 1699 fuisse
2269 1644 2577 1713 diceretur,
2611 1646 2724 1700 nisi
2760 1647 2904 1702 forte
2950 1645 3267 1717 aliquando
3309 1650 3445 1720 post
3472 1662 3719 1720 gravem

296 1736 481 1792 oculis
515 1734 796 1789 familiam
821 1733 1033 1788 domus
1060 1750 1199 1801 suae,
1224 1750 1353 1805 qua!
1375 1750 1507 1789 cum
1532 1737 1717 1789 matre
1749 1750 1944 1788 mena
2056 1732 2460 1806 aegritudinem
2495 1733 2641 1790 lecto
2673 1751 3008 1807 resurgens,
3044 1735 3092 1791 si
3124 1735 3340 1807 quibus
3363 1739 3562 1791 tamen
3584 1735 3723 1791 aliis

296 1824 472 1881 sterio
515 1823 822 1888 serviebat,
877 1821 1188 1894 ingrebant
1245 1822 1504 1878 dicentes
1538 1839 1550 1878 :
1587 1845 1615 1873 «
1646 1823 1773 1878 Tua
1830 1822 1946 1878 huc
2055 1825 2431 1893 competeret,
2464 1839 2790 1895 numquam
2823 1823 3166 1896 dampnavit
3191 1823 3279 1878 vel
3312 1822 3639 1880 interdixit.
3675 1827 3723 1881 A

294 1912 580 1971 subdolus
613 1912 976 1978 contraxisti,
1002 1916 1066 1966 ut
1090 1911 1334 1967 liberius
1365 1926 1434 1967 ea
1463 1911 1557 1967 hic
1590 1911 1943 1984 possideres,
2055 1910 2424 1983 perceptione
2455 1912 2569 1967 cibi
2591 1912 2678 1967 vel
2700 1915 2875 1984 potus
2906 1917 3041 1968 ante
3064 1912 3270 1969 horam
3294 1912 3382 1969 vel
3406 1918 3636 1986 postea,
3659 1913 3720 1969 in

292 2009 350 2060 et
371 2002 584 2058 melius
606 2018 783 2074 quam
804 2001 962 2056 domi
988 2001 1288 2057 sufﬁceres
1310 2000 1406 2057 hic
1423 2002 1947 2073 procurares.Ecce
2055 2003 2402 2072 perpetuum
2437 1999 2549 2056 sibi
2580 2001 2874 2069 obstrusa,
2903 1999 3154 2070 nullum,
3189 1999 3237 2057 si
3261 2018 3443 2059 causa
3462 2000 3721 2058 infirmi-

288 2098 348 2150 et
376 2107 693 2166 gencccum
726 2091 814 2125 ¹⁵⁹⁷
844 2089 1170 2146 claustrum
1202 2091 1624 2146 monachorum
1666 2091 1874 2147 fecisti.
1909 2113 1938 2140 »
1976 2125 2026 2189 Β
2054 2088 2193 2143 tatis
2211 2088 2467 2161 expetiit,
2487 2091 2826 2162 suspendit;
2850 2090 2993 2163 quin
3015 2094 3067 2145 et
3091 2090 3513 2164 aegrotantibus
3534 2107 3720 2148 usum

289 2185 407 2241 Hoc
435 2186 491 2238 et
522 2179 693 2252 plura
732 2178 791 2233 in
825 2179 1031 2235 faciem
1076 2181 1219 2235 dum
1261 2179 1686 2253 jacularentur,
1722 2181 1847 2252 ipse
1877 2183 1943 2236 ut
1976 2177 2024 2189 υ
2055 2177 2320 2233 carnium
2353 2177 2507 2235 ultro
2539 2177 2663 2252 ipse
2692 2177 2906 2235 obtulit
2933 2183 2992 2235 et
3021 2196 3138 2235 non
3168 2183 3411 2252 rogatus
3441 2179 3717 2253 ingessit.

287 2286 465 2343 rupes
487 2268 733 2324 immota
752 2268 1161 2335 manebat,nec
1183 2285 1466 2341 umquam
1501 2268 1793 2341 fuit,quod
1813 2268 1942 2341 qui-
2053 2266 2147 2322 Sic
2178 2265 2237 2321 in
2259 2266 2543 2335 vestibus,
2559 2267 2970 2335 caltiamentis,
2987 2270 3311 2324 stramento
3335 2266 3560 2337 lectuli,
3577 2286 3718 2325 cum

286 2362 420 2416 dem
454 2376 488 2414 a
535 2373 834 2430 quoquam
875 2356 1085 2412 rescire
1116 2356 1243 2429 ipse
1272 2358 1585 2430 potuerim,
1619 2358 1720 2429 qui
1750 2374 1819 2413 ex
1845 2374 1944 2414 ore
2051 2355 2176 2429 ipse
2199 2356 2312 2412 sibi
2332 2355 2556 2422 viliora,
2573 2355 3189 2428 abjectoria,parciora
3207 2360 3265 2411 et
3284 2357 3531 2414 duriora
3560 2375 3719 2414 sem-

285 2450 416 2521 ejus
446 2445 938 2503 contumeliosum
968 2447 1211 2502 verbum
1238 2445 1518 2503 retulerit.
1540 2448 1610 2502 Et
1640 2446 1750 2503 hoc
1800 2464 1942 2503 sane
2052 2462 2156 2518 per
2185 2444 2665 2517 elcgcri5,eeteris
2704 2446 2775 2500 ad
2809 2461 3042 2500 omnem
3075 2442 3301 2517 copiam
3330 2448 3388 2501 et
3417 2450 3718 2518 quantum

287 2537 587 2595 silentium
619 2536 771 2591 inter
801 2534 1084 2591 clamores
1116 2536 1356 2591 tenebat
1386 2534 1624 2591 iratum.
1653 2536 1809 2591 Nihil
1859 2536 1940 2591 ibi
2051 2534 2414 2612 professioni
2442 2552 2556 2591 non
2608 2534 2786 2591 nimis
2814 2534 2900 2569 “59°
2945 2535 3224 2602 obstaret,
3257 2533 3631 2609 elegantiora
3665 2539 3721 2593 et

286 2631 677 2700 praeterquam
707 2628 875 2681 terra:
907 2627 1127 2681 stratus
1156 2623 1385 2681 veniam
1416 2624 1631 2680 tacitus
1673 2624 1940 2697 postula-
2051 2623 2319 2680 molliora
2347 2623 2632 2681 exhibuit.

288 2716 416 2781 bat;
449 2715 604 2787 quod
627 2718 686 2771 et
735 2712 902 2787 ipsis,
918 2713 1018 2785 qui
1066 2714 1241 2786 longe
1272 2712 1466 2769 ultimi
1499 2713 1701 2770 ordine
1751 2717 1936 2780 erant,
2119 2715 2210 2768 79.
2246 2711 2551 2769 Fallatiam
2590 2712 2873 2768 viciorum
2904 2711 2964 2767 in
2996 2712 3092 2769 his
3121 2711 3575 2785 vigilantissime
3606 2717 3716 2771 ob-

291 2819 426 2859 eum
461 2804 796 2876 frequenter
822 2802 1029 2859 fecisse
1058 2801 1450 2876 percepimus.
1476 2802 1701 2875 Quippe
1732 2804 1832 2875 qui
1866 2804 1938 2859 ad
2050 2802 2338 2870 servabat,
2358 2801 2417 2858 in
2439 2801 2658 2874 quibus
2678 2818 2795 2856 non
2819 2800 2988 2858 facile
3016 2799 3510 2872 cuiquam,etiam
3540 2802 3591 2859 si
3627 2821 3716 2860 es-

291 2892 399 2949 boc
435 2891 699 2947 animum
750 2892 1009 2959 dederat,
1046 2897 1110 2947 ut
1144 2891 1225 2946 nil
1258 2896 1379 2947 tam
1431 2896 1585 2948 esset
1614 2891 1938 2964 abjectissi-
2051 2895 2141 2946 set
2171 2890 2458 2962 superior,
2475 2890 2679 2958 cessit;
2716 2890 2817 2946 sed
2844 2906 2979 2945 mox
2997 2888 3137 2945 vitio
3159 2894 3261 2945 aut
3280 2890 3485 2946 fraude
3506 2908 3715 2963 quem-

289 2998 478 3050 mnm,
527 2998 643 3053 quo
693 2998 808 3036 non
858 2996 920 3036 se
969 2980 1273 3037 ultroneus
1310 2980 1638 3036 inclinaret.
1674 2981 1837 3037 Unde
1883 2985 1942 3037 et
2050 2978 2193 3035 libet
2222 2978 2443 3052 aliquid
2491 2983 2687 3051 petere
2736 2978 2938 3046 sensit,
2974 2977 3329 3035 omnimodis
3377 2979 3710 3053 denegavit.

289 3072 450 3144 ipsas
478 3069 723 3126 latrinas
767 3070 1013 3125 fratrum
1062 3086 1197 3126 eum
1251 3071 1587 3143 frequenter
1634 3087 1937 3143 purgasse,
2047 3066 2194 3125 Cum
2225 3066 2404 3134 enim,
2438 3071 2503 3121 ut
2530 3065 2751 3121 dictum
2783 3070 2892 3135 est,
2926 3068 3038 3123 sub
3072 3066 3330 3123 motibus
3370 3066 3596 3123 irarum
3631 3070 3713 3126 ita

287 3176 403 3216 non
434 3159 625 3214 dubia:
656 3158 791 3214 fidei
821 3158 1078 3214 virorum
1110 3158 1389 3214 relatione
1420 3160 1819 3231 cognovimus.
2050 3159 2251 3213 mutus
2273 3155 2707 3227 quodammodo
2739 3155 3031 3223 existeret,
3051 3155 3149 3212 ubi
3181 3155 3511 3230 corrigendi
3538 3156 3705 3216 locus

354 3249 448 3302 77.
481 3247 541 3303 Si
572 3247 806 3319 quando
837 3264 905 3302 ex
938 3263 1098 3303 more
1121 3247 1420 3302 communi
1452 3248 1841 3302 ebdomadam
1863 3248 1941 3302 vi-
2049 3244 2377 3311 advenerat,
2411 3242 2492 3298 ibi
2540 3242 2807 3315 linguam
2855 3245 3271 3301 excandescere
3318 3248 3377 3300 et
3424 3245 3484 3300 in
3530 3248 3711 3304 verba

283 3337 369 3393 cis
400 3352 517 3391 sum
550 3338 888 3407 susceperat
909 3333 966 3388 in
997 3333 1330 3405 coquinam,
1354 3337 1413 3389 et
1444 3351 1510 3389 ex
1560 3320 1935 3405 consequenti
2047 3332 2259 3387 acriter
2277 3332 2599 3405 pungentia
2617 3332 2945 3388 vehementi
2966 3332 3218 3405 quodam
3239 3335 3459 3389 terrore
3475 3333 3711 3393 videres

283 3424 711 3480 munditiarum
745 3422 1299 3490 faciendarum,non
1323 3423 1442 3478 fere
1471 3421 1935 3494 aliquando,nisi
1980 3492 2009 3496 ﬂ
2045 3421 2288 3478 effundi.
2306 3422 2421 3477 Nec
2444 3421 2682 3477 omnino
2706 3420 3115 3493 adulatio,quo
3136 3422 3437 3477 communi
3464 3440 3573 3496 pro
3598 3426 3707 3480 do—

281 3513 478 3587 gravis
508 3529 642 3568 eum
675 3516 1020 3583 occupasset
1045 3510 1587 3577 utilitas,vicarium
1611 3511 1934 3583 requisivit.
1965 3492 2010 3559 (ἶ
2050 3509 2163 3566 lor!
2201 3510 2405 3566 morbo
2456 3509 2721 3583 plerique
2762 3509 3121 3577 laboramus,
3141 3509 3201 3564 in
3231 3526 3299 3565 eo
3331 3511 3492 3582 quod
3525 3511 3709 3569 foveri

284 3604 412 3676 Ipse
443 3619 658 3675 aquam
710 3620 743 3658 a
792 3606 966 3675 puteo
1006 3601 1205 3656 hausit
1236 3602 1322 3636 ³⁵9⁸
1374 3600 1640 3670 humero,
1675 3600 1939 3673 coquinze
2051 3604 2248 3672 posset
2276 3599 2545 3654 habebat.
2564 3599 2625 3654 In
2657 3616 2773 3671 quo
2796 3600 2885 3634 ¹⁶⁰⁰
2916 3597 3091 3654 simul
3115 3602 3173 3654 et
3201 3597 3483 3654 mendatii
3508 3617 3711 3659 macu-

281 3692 505 3747 illatam
559 3691 677 3764 igni
729 3690 1054 3764 suspendit,
1079 3689 1381 3763 legumina
1425 3690 1511 3746 vel
1564 3689 1764 3746 holera
1792 3690 1942 3746 lecta
2051 3688 2167 3744 lam
2202 3691 2268 3743 ut
2294 3687 2545 3761 capitale
2566 3687 2848 3760 quiddam
2880 3687 3174 3754 horrebat,
3191 3691 3256 3742 ut
3276 3686 3326 3743 si
3355 3686 3413 3742 in
3446 3689 3705 3761 gratiam

282 3780 369 3836 vel
403 3780 676 3835 manibus
710 3779 963 3853 propriis
994 3779 1229 3835 concisa
1262 3778 1497 3846 infudit,
1515 3778 1675 3846 lavit,
1702 3780 1856 3835 coxit
1886 3784 1943 3836 et
2051 3777 2377 3849 potentium
2410 3775 2608 3848 aliqua
2638 3792 2771 3831 cum
2798 3776 3114 3848 aliquando
3146 3775 3338 3833 dicere
3383 3778 3711 3835 necessitas

287 3867 729 3941 apposuit,vasa
746 3868 1095 3924 refectorum
1117 3867 1279 3923 solus
1295 3867 1940 3941 elavit,nccinpedibns
2048 3866 2159 3922 loci
2193 3870 2296 3922 aut
2341 3864 2624 3939 temporis
2663 3864 3063 3938 compulisset,
3097 3864 3181 3920 ita
3209 3863 3362 3920 inter
3388 3869 3709 3939 utramque

286 3958 536 4012 fratrum
568 3955 1064 4028 abluendis,quod
1083 3959 1206 4012 erat
1228 3956 1745 4026 finitimum,alteri
1771 3974 1937 4013 man-
2046 3955 2202 4011 viam
2234 3958 2443 4010 cautus
2463 3954 2636 4009 verbo
2656 3952 2967 4021 incederet,
2990 3956 3056 4008 ut
3083 3956 3142 4009 et
3161 3969 3263 4010 eos
3282 3957 3571 4027 quantum
3606 3972 3709 4012 sa-

285 4044 444 4101 davit
471 4044 751 4101 officium.
779 4042 851 4099 Et
876 4045 985 4100 hoc
1008 4045 1246 4116 quidem
1280 4061 1590 4101 commune
1617 4031 1750 4102 cum
1772 4051 1937 4103 CIBiG-
2046 4044 2123 4099 tis
2145 4047 2298 4099 esset
2328 4041 2631 4108 attolleret,
2649 4045 2705 4097 et
2725 4040 2985 4098 veritatis
3025 4040 3277 4097 limitem
3317 4058 3433 4098 non
3462 4045 3707 4101 excede-

285 4133 386 4189 ris.
424 4133 571 4188 Illud
604 4137 801 4189 autem
835 4150 1021 4189 exere
1051 4135 1179 4206 ejus
1212 4135 1321 4207 ipsi
1357 4136 1746 4207 percepimus,
1781 4139 1936 4208 quod
2047 4136 2152 4188 ret.
2187 4133 2515 4203 Praelerquc
2546 4146 2919 4187 communem
2952 4129 3126 4185 hodie
3157 4130 3463 4187 hominum
3495 4132 3706 4189 obser-

282 4223 532 4279 farinam
565 4223 637 4278 ad
671 4240 816 4278 usus
846 4222 1027 4278 totius
1060 4223 1817 4297 congregationis,duorum
1849 4225 1934 4281 vel
2044 4221 2302 4277 vantiam
2344 4220 2441 4275 illo
2471 4219 2789 4293 apostolico
2829 4236 2964 4275 eum
3012 4218 3301 4292 insignem
3349 4220 3433 4276 vel
3480 4221 3701 4288 solum,

279 4310 460 4367 trium
494 4312 848 4378 modiorum,
883 4310 1047 4367 solus
1102 4312 1245 4385 ipse,
1281 4330 1397 4368 uno
1431 4316 1658 4368 tantum
1691 4313 1935 4386 puerulo
2044 4314 2332 4384 quantum
2378 4309 2642 4364 humana
2692 4312 3052 4380 paterentur,
3083 4325 3212 4364 esse
3242 4308 3651 4381 persensimus
3685 4329 3699 4365 :

276 4417 491 4474 aquam
554 4400 917 4468 infundente,
979 4399 1372 4468 commiscuit,
1427 4401 1815 4470 fermentavit,
1872 4402 1931 4458 in
2042 4400 2256 4472 Siquis
2288 4401 2349 4454 in
2397 4398 2555 4454 verba
2605 4414 2716 4453 non
2761 4397 3005 4469 offendit,
3038 4397 3127 4453 hic
3167 4400 3441 4469 perfectus
3485 4407 3567 4455 est
3616 4402 3707 4455 vir

275 4503 534 4547 massam
569 4490 826 4564 subegit,
856 4490 1071 4546 sudore
1095 4489 1276 4546 nimio
1301 4490 1359 4545 in
1395 4491 1681 4546 formulas
1711 4509 1929 4564 panum
2042 4488 2177 4559 (Jac.
2213 4505 2296 4553 ιιι,
2330 4487 2409 4558 2).

273 4580 737 4653 expressit,dum
761 4579 1085 4653 pistoribus
1117 4597 1293 4651 opera
1316 4579 1540 4652 reliqua
1572 4581 1926 4636 succederet.
2112 4578 2201 4631 80.
2236 4575 2481 4649 Vigilias
2513 4577 2586 4631 ab
2608 4573 2840 4657 jejunis
2871 4574 2929 4631 in
2963 4591 3030 4631 eo
3062 4574 3380 4648 praedicare
3395 4574 3444 4632 si
3467 4591 3699 4647 cepero,

273 4671 344 4726 Et
371 4670 479 4725 hoc
516 4669 707 4738 multi,
734 4668 1005 4742 quamvis
1026 4668 1084 4724 in
1110 4668 1367 4724 conclavi
1401 4668 1551 4724 clam
1574 4668 1849 4725 omnibus
1871 4668 1929 4725 id
2040 4666 2305 4723 omnium
2330 4664 2432 4736 qui
2463 4681 2597 4721 eum
2622 4668 2909 4720 noverunt
2941 4680 3042 4720 ora
3069 4680 3163 4720 me
3192 4664 3699 4737 oppriment,cum

273 4757 473 4830 egerit,
523 4760 659 4813 nota
696 4758 952 4830 quadam
1007 4757 1202 4813 nimim
1250 4757 1553 4829 parcitatis
1593 4758 1926 4826 inurebant,
2039 4754 2132 4810 vix
2161 4753 2498 4827 quempiam
2531 4754 2713 4825 hujus
2738 4753 2924 4809 aetatis
2948 4752 3047 4825 qui
3073 4752 3123 4809 ei
3146 4752 3203 4808 in
3229 4752 3324 4808 his
3347 4752 3567 4825 mquari
3603 4771 3700 4826 po-

275 4863 409 4901 cum
444 4845 541 4901 ille
572 4846 743 4902 fidele
775 4845 1005 4902 Christo
1037 4845 1419 4917 mancipium,
1455 4864 1525 4902 ne
1558 4847 1698 4919 quid
1735 4864 1928 4903 rerum
1959 4865 2008 4929 D
2038 4843 2216 4899 tuerit
2244 4842 2527 4910 extitisse,
2556 4841 2830 4899 concordi
2862 4858 3068 4898 omnes
3099 4840 3386 4898 miraculo
3415 4841 3697 4897 clament.

274 4932 612 4989 monasterii
645 4933 953 5006 deperiret,
984 4932 1223 5006 pervigil
1276 4934 1629 5005 observaret,
1662 4940 1718 4990 et
1768 4935 1925 5007 quod
2037 4933 2302 5005 Cumque
2333 4934 2615 5005 perpetua
2643 4947 2790 5003 pene
2836 4930 2929 4986 lex
2976 4931 3025 4986 ei
3077 4933 3252 4998 esset,
3286 4933 3420 5003 post
3462 4929 3706 5002 vigilias

272 5021 468 5091 majus
515 5037 580 5076 ac
625 5021 819 5077 verius
862 5025 971 5087 est,
1024 5037 1204 5077 causa
1251 5022 1485 5078 sudoris
1535 5022 1626 5078 sui
1669 5022 1925 5095 prmmiis
2037 5026 2514 5095 quantacumque
2537 5020 2934 5093 profunditate
2956 5020 3215 5076 noctium
3233 5023 3395 5075 actas
3417 5032 3699 5075 somnum

269 5107 604 5164 ccelestibus
635 5109 1004 5164 munerandi.
2035 5111 2092 5165 in
2127 5110 2316 5166 lucem
2341 5125 2529 5181 usque
2563 5108 2806 5175 nescire,
2843 5108 3077 5165 audires
3108 5107 3273 5165 illum
3307 5108 3366 5163 in
3399 5106 3699 5179 illo,quod

337 5198 429 5251 78.
464 5197 564 5251 Sui
595 5195 782 5268 ipsius
814 5213 1015 5252 curam
1056 5214 1235 5268 quam
1286 5198 1519 5253 minimi
1571 5199 1822 5267 duxerit,
1856 5217 1927 5256 ex
2036 5216 2165 5254 mos
2194 5199 2373 5253 habet
2402 5198 2770 5253 monasticus
2802 5198 2957 5254 inter
2987 5201 3345 5253 nocturnum
3374 5200 3433 5252 et
3453 5196 3704 5252 matuti-

266 5285 362 5342 his
392 5284 537 5340 satis
569 5286 758 5355 potest
813 5285 1113 5356 perpendi.
1166 5285 1339 5341 Cibos
1388 5287 1686 5356 lautiores,
1732 5295 1924 5345 vestes
2035 5289 2166 5344 nale
2193 5287 2475 5355 ofﬁcium,
2509 5286 2837 5354 intervallo,
2861 5287 3020 5342 vario
3050 5287 3166 5341 huc
3205 5285 3462 5357 illucque
3495 5302 3703 5356 perm-

271 5372 1254 5446 splendidiores,calciamentorum
1276 5374 1731 5439 nitorem,strati
1766 5378 1919 5431 mol-
2037 5383 2198 5449 ptare
2228 5375 2539 5441 curriculo,
2574 5381 2633 5431 et
2664 5376 2721 5430 in
2775 5392 2998 5430 morem
3047 5374 3175 5448 apis
3225 5374 3488 5447 psalmos
3519 5375 3703 5430 tacite

265 5461 480 5529 lieiem,
525 5460 871 5516 balnearum
923 5461 1201 5527 fomenta,
1255 5462 1819 5520 medicamentorum
1861 5465 1919 5519 in
2033 5483 2337 5521 murmure
2378 5464 2655 5520 continue
2686 5464 3052 5530 revolvendo,
3087 5481 3244 5520 nunc
3290 5463 3446 5519 circa
3490 5462 3705 5520 altaria

266 5550 490 5605 morbis
507 5547 840 5619 quibusque
858 5548 1924 5625 ingruentibusadibitionem,etquic-
2032 5571 2224 5627 genua
2247 5555 2496 5621 ﬂectere,
2513 5570 2672 5608 nunc
2703 5552 3013 5625 paululum
3042 5553 3353 5609 residendo
3375 5570 3511 5607 mox
3533 5569 3704 5609 exur-

266 5638 411 5709 quid
434 5636 673 5693 omnino
705 5636 776 5691 ad
805 5633 1064 5707 corporis
1086 5635 1343 5707 aliquam
1366 5637 1807 5695 delectationem
1834 5658 1923 5695 ac-
2030 5659 2186 5715 gere,
2222 5646 2278 5696 et
2325 5641 2671 5712 aliquandiu
2722 5646 2898 5709 stare,
2933 5638 3195 5714 itemque
3242 5659 3523 5715 egressus
3573 5641 3703 5699 celo

1625 5780 1867 5837 VARUE
1909 5783 2326 5842 LECTIONES.

342 5904 428 5937 ³³⁵³⁷
461 5918 811 5976 egeneceum
845 5918 891 5955 τ’.
1010 5901 1095 5936 ³⁵9⁸
1128 5900 1332 5959 hausis
1363 5918 1407 5956 c.
1527 5905 1613 5941 ’3”
1646 5908 1717 5962 ita
1755 5906 1915 5962 Labb.
1950 5910 2219 5971 correxit;
2247 5908 2446 5963 minus
2477 5924 2521 5963 c.
2561 5909 2648 5944 ισοο
2670 5925 2741 5979 qo
2772 5926 2817 5964 r.

3594 117 3863 685 ml

3840 718 3868 1873 ἓ

3846 1890 3868 2457 ἱ

3860 2814 3868 2925 ἰ

3860 2972 3867 3042 2
