  <div class='ocr_page' id='page_1' title='image "/cluster/home/n/w/nwhite01/storage/ocr_20150623/136-137/uc1.31175019686917/823.png"; bbox 0 0 3912 6432; ppageno 0'>
   <div class='ocr_carea' id='block_1_1' title="bbox 300 472 420 536">
    <p class='ocr_par' dir='ltr' id='par_1_1' title="bbox 300 472 420 536">
     <span class='ocr_line' id='line_1_1' title="bbox 300 472 420 536; baseline -0.017 0"><span class='ocrx_word' id='word_1_1' title='bbox 300 472 420 536; x_wconf 72' lang='lat'>283</span> 
     </span>
    </p>
   </div>
   <div class='ocr_carea' id='block_1_2' title="bbox 300 577 3708 654">
    <p class='ocr_par' dir='ltr' id='par_1_2' title="bbox 300 577 3708 654">
     <span class='ocr_line' id='line_1_2' title="bbox 300 577 3708 654; baseline 0.001 -20"><span class='ocrx_word' id='word_1_2' title='bbox 300 578 404 638; x_wconf 83' lang='lat' dir='ltr'>llle</span> <span class='ocrx_word' id='word_1_3' title='bbox 438 580 537 654; x_wconf 87' lang='lat' dir='ltr'>qui</span> <span class='ocrx_word' id='word_1_4' title='bbox 561 578 922 636; x_wconf 70' lang='lat' dir='ltr'>oboedientia:</span> <span class='ocrx_word' id='word_1_5' title='bbox 948 578 1194 635; x_wconf 77' lang='lat' dir='ltr'>limitem</span> <span class='ocrx_word' id='word_1_6' title='bbox 1225 580 1551 653; x_wconf 74' lang='lat' dir='ltr'>transgredi</span> <span class='ocrx_word' id='word_1_7' title='bbox 1577 598 1692 635; x_wconf 89' lang='lat' dir='ltr'>non</span> <span class='ocrx_word' id='word_1_8' title='bbox 1715 580 1825 646; x_wconf 80' lang='grc'>¹⁶⁰⁶,</span> <span class='ocrx_word' id='word_1_9' title='bbox 1858 596 1945 634; x_wconf 90' lang='lat' dir='ltr'>se-</span> <span class='ocrx_word' id='word_1_10' title='bbox 1979 579 2034 645; x_wconf 83' lang='grc' dir='ltr'>Α</span> <span class='ocrx_word' id='word_1_11' title='bbox 2064 577 2281 634; x_wconf 90' lang='lat' dir='ltr'>rimum</span> <span class='ocrx_word' id='word_1_12' title='bbox 2313 582 2817 651; x_wconf 90' lang='lat' dir='ltr'>gravabatur,non</span> <span class='ocrx_word' id='word_1_13' title='bbox 2850 585 3048 637; x_wconf 88' lang='lat' dir='ltr'>tamen</span> <span class='ocrx_word' id='word_1_14' title='bbox 3080 585 3147 636; x_wconf 91' lang='lat' dir='ltr'>ut</span> <span class='ocrx_word' id='word_1_15' title='bbox 3176 578 3488 653; x_wconf 81' lang='lat' dir='ltr'>quisquam</span> <span class='ocrx_word' id='word_1_16' title='bbox 3513 596 3708 637; x_wconf 88' lang='lat' dir='ltr'>eorum</span> 
     </span>
    </p>
   </div>
   <div class='ocr_carea' id='block_1_3' title="bbox 302 668 1956 741">
    <p class='ocr_par' dir='ltr' id='par_1_3' title="bbox 302 668 1956 741">
     <span class='ocr_line' id='line_1_3' title="bbox 302 668 1956 741; baseline -0.002 -16"><span class='ocrx_word' id='word_1_17' title='bbox 302 670 416 725; x_wconf 89' lang='lat' dir='ltr'>mel</span> <span class='ocrx_word' id='word_1_18' title='bbox 427 671 887 741; x_wconf 86' lang='lat' dir='ltr'>juraverat,mox</span> <span class='ocrx_word' id='word_1_19' title='bbox 908 668 1137 739; x_wconf 90' lang='lat' dir='ltr'>incepto</span> <span class='ocrx_word' id='word_1_20' title='bbox 1160 669 1538 733; x_wconf 84' lang='lat' dir='ltr'>renuntiat,et</span> <span class='ocrx_word' id='word_1_21' title='bbox 1554 669 1613 723; x_wconf 90' lang='lat' dir='ltr'>in</span> <span class='ocrx_word' id='word_1_22' title='bbox 1631 669 1826 724; x_wconf 88' lang='lat' dir='ltr'>divina</span> <span class='ocrx_word' id='word_1_23' title='bbox 1842 673 1956 723; x_wconf 90' lang='lat' dir='ltr'>uta</span> 
     </span>
    </p>
   </div>
   <div class='ocr_carea' id='block_1_4' title="bbox 302 757 1953 830">
    <p class='ocr_par' dir='ltr' id='par_1_4' title="bbox 302 757 1953 830">
     <span class='ocr_line' id='line_1_4' title="bbox 302 757 1953 830; baseline -0.001 -16"><span class='ocrx_word' id='word_1_24' title='bbox 302 758 588 830; x_wconf 90' lang='lat' dir='ltr'>principio</span> <span class='ocrx_word' id='word_1_25' title='bbox 620 774 682 811; x_wconf 90' lang='lat' dir='ltr'>se</span> <span class='ocrx_word' id='word_1_26' title='bbox 713 761 899 811; x_wconf 91' lang='lat' dir='ltr'>totum</span> <span class='ocrx_word' id='word_1_27' title='bbox 932 758 1283 827; x_wconf 87' lang='lat' dir='ltr'>transponit.</span> <span class='ocrx_word' id='word_1_28' title='bbox 1310 758 1589 812; x_wconf 70' lang='lat' dir='ltr'>Praeterea</span> <span class='ocrx_word' id='word_1_29' title='bbox 1616 757 1953 829; x_wconf 83' lang='lat' dir='ltr'>Gregoriiin</span> 
     </span>
    </p>
   </div>
   <div class='ocr_carea' id='block_1_5' title="bbox 298 844 1950 918">
    <p class='ocr_par' dir='ltr' id='par_1_5' title="bbox 298 844 1950 918">
     <span class='ocr_line' id='line_1_5' title="bbox 298 844 1950 918; baseline -0.001 -16"><span class='ocrx_word' id='word_1_30' title='bbox 298 846 679 902; x_wconf 87' lang='lat' dir='ltr'>Jezechielcm</span> <span class='ocrx_word' id='word_1_31' title='bbox 721 844 905 899; x_wconf 91' lang='lat' dir='ltr'>multo</span> <span class='ocrx_word' id='word_1_32' title='bbox 953 862 1067 901; x_wconf 90' lang='lat' dir='ltr'>usu</span> <span class='ocrx_word' id='word_1_33' title='bbox 1101 844 1353 913; x_wconf 82' lang='lat' dir='ltr'>detrivit,</span> <span class='ocrx_word' id='word_1_34' title='bbox 1390 851 1455 900; x_wconf 92' lang='lat' dir='ltr'>ut</span> <span class='ocrx_word' id='word_1_35' title='bbox 1483 863 1629 918; x_wconf 89' lang='lat' dir='ltr'>pene</span> <span class='ocrx_word' id='word_1_36' title='bbox 1659 846 1950 901; x_wconf 65' lang='lat' dir='ltr'>memoria:</span> 
     </span>
    </p>
   </div>
   <div class='ocr_carea' id='block_1_6' title="bbox 297 935 1950 1006">
    <p class='ocr_par' dir='ltr' id='par_1_6' title="bbox 297 935 1950 1006">
     <span class='ocr_line' id='line_1_6' title="bbox 297 935 1950 1006; baseline 0.001 -17"><span class='ocrx_word' id='word_1_37' title='bbox 297 935 744 990; x_wconf 85' lang='lat' dir='ltr'>commendasse</span> <span class='ocrx_word' id='word_1_38' title='bbox 802 935 1098 988; x_wconf 76' lang='lat' dir='ltr'>videretur</span> <span class='ocrx_word' id='word_1_39' title='bbox 1175 935 1261 989; x_wconf 87' lang='lat' dir='ltr'>Ad</span> <span class='ocrx_word' id='word_1_40' title='bbox 1320 951 1617 989; x_wconf 87' lang='lat' dir='ltr'>summam</span> <span class='ocrx_word' id='word_1_41' title='bbox 1685 936 1950 1006; x_wconf 85' lang='lat' dir='ltr'>ejusdem</span> 
     </span>
    </p>
   </div>
   <div class='ocr_carea' id='block_1_7' title="bbox 296 1022 1952 1096">
    <p class='ocr_par' dir='ltr' id='par_1_7' title="bbox 296 1022 1952 1096">
     <span class='ocr_line' id='line_1_7' title="bbox 296 1022 1952 1096; baseline 0.001 -18"><span class='ocrx_word' id='word_1_42' title='bbox 296 1040 682 1096; x_wconf 64' lang='lat' dir='ltr'>quaecumque</span> <span class='ocrx_word' id='word_1_43' title='bbox 712 1027 909 1079; x_wconf 85' lang='lat' dir='ltr'>essent</span> <span class='ocrx_word' id='word_1_44' title='bbox 938 1023 1090 1078; x_wconf 87' lang='lat' dir='ltr'>beati</span> <span class='ocrx_word' id='word_1_45' title='bbox 1119 1022 1402 1095; x_wconf 81' lang='lat' dir='ltr'>Gregorii,</span> <span class='ocrx_word' id='word_1_46' title='bbox 1437 1024 1606 1078; x_wconf 87' lang='lat' dir='ltr'>unice</span> <span class='ocrx_word' id='word_1_47' title='bbox 1637 1028 1846 1096; x_wconf 73' lang='lat' dir='ltr'>praeter</span> <span class='ocrx_word' id='word_1_48' title='bbox 1866 1042 1952 1080; x_wconf 84' lang='lat' dir='ltr'>cc-</span> 
     </span>
    </p>
   </div>
   <div class='ocr_carea' id='block_1_8' title="bbox 296 1113 887 1185">
    <p class='ocr_par' dir='ltr' id='par_1_8' title="bbox 296 1113 887 1185">
     <span class='ocr_line' id='line_1_8' title="bbox 296 1113 887 1185; baseline -0.002 -18"><span class='ocrx_word' id='word_1_49' title='bbox 296 1118 421 1168; x_wconf 88' lang='lat' dir='ltr'>tera</span> <span class='ocrx_word' id='word_1_50' title='bbox 451 1113 754 1185; x_wconf 83' lang='lat' dir='ltr'>amplexus</span> <span class='ocrx_word' id='word_1_51' title='bbox 781 1117 887 1167; x_wconf 85' lang='lat' dir='ltr'>est.</span> 
     </span>
    </p>
   </div>
   <div class='ocr_carea' id='block_1_9' title="bbox 368 1201 1948 1273">
    <p class='ocr_par' dir='ltr' id='par_1_9' title="bbox 368 1201 1948 1273">
     <span class='ocr_line' id='line_1_9' title="bbox 368 1201 1948 1273; baseline -0.001 -16"><span class='ocrx_word' id='word_1_52' title='bbox 368 1205 455 1257; x_wconf 81' lang='grc'>84.</span> <span class='ocrx_word' id='word_1_53' title='bbox 490 1205 858 1273; x_wconf 87' lang='lat' dir='ltr'>Quamquam</span> <span class='ocrx_word' id='word_1_54' title='bbox 893 1218 1008 1255; x_wconf 91' lang='lat' dir='ltr'>non</span> <span class='ocrx_word' id='word_1_55' title='bbox 1039 1201 1191 1255; x_wconf 89' lang='lat' dir='ltr'>inter</span> <span class='ocrx_word' id='word_1_56' title='bbox 1221 1202 1342 1257; x_wconf 60' lang='lat' dir='ltr'>hare</span> <span class='ocrx_word' id='word_1_57' title='bbox 1373 1201 1500 1256; x_wconf 70' lang='lat' dir='ltr'>vita:</span> <span class='ocrx_word' id='word_1_58' title='bbox 1554 1202 1948 1258; x_wconf 87' lang='lat' dir='ltr'>conversatio-</span> 
     </span>
    </p>
   </div>
   <div class='ocr_carea' id='block_1_10' title="bbox 296 1290 1949 1361">
    <p class='ocr_par' dir='ltr' id='par_1_10' title="bbox 296 1290 1949 1361">
     <span class='ocr_line' id='line_1_10' title="bbox 296 1290 1949 1361; baseline 0.001 -16"><span class='ocrx_word' id='word_1_59' title='bbox 296 1309 400 1347; x_wconf 89' lang='lat' dir='ltr'>nes</span> <span class='ocrx_word' id='word_1_60' title='bbox 426 1291 514 1346; x_wconf 89' lang='lat' dir='ltr'>vel</span> <span class='ocrx_word' id='word_1_61' title='bbox 547 1290 703 1346; x_wconf 90' lang='lat' dir='ltr'>dicta</span> <span class='ocrx_word' id='word_1_62' title='bbox 733 1307 1244 1361; x_wconf 89' lang='lat' dir='ltr'>quorumcumque</span> <span class='ocrx_word' id='word_1_63' title='bbox 1275 1295 1634 1357; x_wconf 89' lang='lat' dir='ltr'>sanctorum,</span> <span class='ocrx_word' id='word_1_64' title='bbox 1670 1290 1949 1361; x_wconf 82' lang='lat' dir='ltr'>peculiari</span> 
     </span>
    </p>
   </div>
   <div class='ocr_carea' id='block_1_11' title="bbox 294 1379 1950 1451">
    <p class='ocr_par' dir='ltr' id='par_1_11' title="bbox 294 1379 1950 1451">
     <span class='ocr_line' id='line_1_11' title="bbox 294 1379 1950 1451; baseline 0 -17"><span class='ocrx_word' id='word_1_65' title='bbox 294 1380 429 1435; x_wconf 81' lang='lat' dir='ltr'>stilo</span> <span class='ocrx_word' id='word_1_66' title='bbox 451 1381 522 1434; x_wconf 93' lang='lat' dir='ltr'>de</span> <span class='ocrx_word' id='word_1_67' title='bbox 544 1379 627 1434; x_wconf 91' lang='lat' dir='ltr'>eis</span> <span class='ocrx_word' id='word_1_68' title='bbox 650 1379 1125 1450; x_wconf 86' lang='lat' dir='ltr'>conscripta,non</span> <span class='ocrx_word' id='word_1_69' title='bbox 1158 1396 1291 1433; x_wconf 89' lang='lat' dir='ltr'>cum</span> <span class='ocrx_word' id='word_1_70' title='bbox 1316 1379 1717 1450; x_wconf 68' lang='lat' dir='ltr'>prmterierint,</span> <span class='ocrx_word' id='word_1_71' title='bbox 1734 1380 1950 1451; x_wconf 85' lang='lat' dir='ltr'>quippe</span> 
     </span>
    </p>
   </div>
   <div class='ocr_carea' id='block_1_12' title="bbox 293 1468 1946 1541">
    <p class='ocr_par' dir='ltr' id='par_1_12' title="bbox 293 1468 1946 1541">
     <span class='ocr_line' id='line_1_12' title="bbox 293 1468 1946 1541; baseline -0.001 -17"><span class='ocrx_word' id='word_1_72' title='bbox 293 1470 393 1541; x_wconf 90' lang='lat' dir='ltr'>qui</span> <span class='ocrx_word' id='word_1_73' title='bbox 422 1486 488 1524; x_wconf 93' lang='lat' dir='ltr'>ex</span> <span class='ocrx_word' id='word_1_74' title='bbox 507 1468 725 1540; x_wconf 87' lang='lat' dir='ltr'>ipsisin</span> <span class='ocrx_word' id='word_1_75' title='bbox 750 1484 923 1522; x_wconf 88' lang='lat' dir='ltr'>usum</span> <span class='ocrx_word' id='word_1_76' title='bbox 951 1468 1185 1539; x_wconf 83' lang='lat' dir='ltr'>proprie</span> <span class='ocrx_word' id='word_1_77' title='bbox 1206 1468 1661 1524; x_wconf 78' lang='lat' dir='ltr'>conversationis</span> <span class='ocrx_word' id='word_1_78' title='bbox 1683 1486 1946 1523; x_wconf 86' lang='lat' dir='ltr'>normam</span> 
     </span>
    </p>
   </div>
   <div class='ocr_carea' id='block_1_13' title="bbox 294 1556 1949 1629">
    <p class='ocr_par' dir='ltr' id='par_1_13' title="bbox 294 1556 1949 1629">
     <span class='ocr_line' id='line_1_13' title="bbox 294 1556 1949 1629; baseline -0.001 -16"><span class='ocrx_word' id='word_1_79' title='bbox 294 1558 404 1613; x_wconf 91' lang='lat' dir='ltr'>sibi</span> <span class='ocrx_word' id='word_1_80' title='bbox 447 1556 838 1629; x_wconf 88' lang='lat' dir='ltr'>assumpserit</span> <span class='ocrx_word' id='word_1_81' title='bbox 889 1557 1233 1623; x_wconf 85' lang='lat' dir='ltr'>Antonium,</span> <span class='ocrx_word' id='word_1_82' title='bbox 1266 1556 1534 1621; x_wconf 87' lang='lat' dir='ltr'>Paulum,</span> <span class='ocrx_word' id='word_1_83' title='bbox 1571 1557 1949 1626; x_wconf 83' lang='lat' dir='ltr'>Hilarionem,</span> 
     </span>
    </p>
   </div>
   <div class='ocr_carea' id='block_1_14' title="bbox 293 1644 1951 1716">
    <p class='ocr_par' dir='ltr' id='par_1_14' title="bbox 293 1644 1951 1716">
     <span class='ocr_line' id='line_1_14' title="bbox 293 1644 1951 1716; baseline -0.003 -13"><span class='ocrx_word' id='word_1_84' title='bbox 293 1646 681 1710; x_wconf 88' lang='lat' dir='ltr'>Macharium,</span> <span class='ocrx_word' id='word_1_85' title='bbox 717 1644 1120 1712; x_wconf 81' lang='lat' dir='ltr'>Pachomium,</span> <span class='ocrx_word' id='word_1_86' title='bbox 1154 1651 1211 1700; x_wconf 89' lang='lat' dir='ltr'>et</span> <span class='ocrx_word' id='word_1_87' title='bbox 1241 1644 1498 1716; x_wconf 91' lang='lat' dir='ltr'>reliquos</span> <span class='ocrx_word' id='word_1_88' title='bbox 1525 1645 1747 1700; x_wconf 88' lang='lat' dir='ltr'>heremi</span> <span class='ocrx_word' id='word_1_89' title='bbox 1773 1649 1951 1700; x_wconf 86' lang='lat' dir='ltr'>secta-</span> 
     </span>
    </p>
   </div>
   <div class='ocr_carea' id='block_1_15' title="bbox 289 1733 1948 1802">
    <p class='ocr_par' dir='ltr' id='par_1_15' title="bbox 289 1733 1948 1802">
     <span class='ocr_line' id='line_1_15' title="bbox 289 1733 1948 1802; baseline -0.001 -11"><span class='ocrx_word' id='word_1_90' title='bbox 289 1740 465 1802; x_wconf 90' lang='lat' dir='ltr'>tores,</span> <span class='ocrx_word' id='word_1_91' title='bbox 498 1740 626 1789; x_wconf 89' lang='lat' dir='ltr'>tum</span> <span class='ocrx_word' id='word_1_92' title='bbox 673 1733 991 1789; x_wconf 88' lang='lat' dir='ltr'>Martinum</span> <span class='ocrx_word' id='word_1_93' title='bbox 1049 1734 1373 1788; x_wconf 86' lang='lat' dir='ltr'>maximum</span> <span class='ocrx_word' id='word_1_94' title='bbox 1420 1738 1477 1789; x_wconf 92' lang='lat' dir='ltr'>et</span> <span class='ocrx_word' id='word_1_95' title='bbox 1508 1733 1948 1789; x_wconf 88' lang='lat' dir='ltr'>sanctissimum</span> 
     </span>
    </p>
   </div>
   <div class='ocr_carea' id='block_1_16' title="bbox 290 1822 1946 1897">
    <p class='ocr_par' dir='ltr' id='par_1_16' title="bbox 290 1822 1946 1897">
     <span class='ocr_line' id='line_1_16' title="bbox 290 1822 1946 1897; baseline -0.001 -18"><span class='ocrx_word' id='word_1_96' title='bbox 290 1825 654 1897; x_wconf 87' lang='lat' dir='ltr'>episcopum,</span> <span class='ocrx_word' id='word_1_97' title='bbox 681 1824 1038 1879; x_wconf 85' lang='lat' dir='ltr'>Germanum</span> <span class='ocrx_word' id='word_1_98' title='bbox 1072 1823 1143 1876; x_wconf 91' lang='lat' dir='ltr'>ad</span> <span class='ocrx_word' id='word_1_99' title='bbox 1181 1822 1290 1877; x_wconf 92' lang='lat' dir='ltr'>hoc</span> <span class='ocrx_word' id='word_1_100' title='bbox 1320 1827 1377 1877; x_wconf 91' lang='lat' dir='ltr'>et</span> <span class='ocrx_word' id='word_1_101' title='bbox 1406 1840 1815 1894; x_wconf 89' lang='lat' dir='ltr'>quoscumque</span> <span class='ocrx_word' id='word_1_102' title='bbox 1845 1840 1946 1878; x_wconf 87' lang='lat' dir='ltr'>au-</span> 
     </span>
    </p>
   </div>
   <div class='ocr_carea' id='block_1_17' title="bbox 1183 471 2828 537">
    <p class='ocr_par' dir='ltr' id='par_1_17' title="bbox 1183 471 2828 537">
     <span class='ocr_line' id='line_1_17' title="bbox 1183 471 2828 537; baseline -0.001 0"><span class='ocrx_word' id='word_1_103' title='bbox 1183 472 1506 537; x_wconf 84' lang='lat' dir='ltr'>JOANNIS</span> <span class='ocrx_word' id='word_1_104' title='bbox 1551 472 1884 536; x_wconf 84' lang='lat' dir='ltr'>ABBATIS</span> <span class='ocrx_word' id='word_1_105' title='bbox 1929 471 1994 534; x_wconf 90' lang='lat' dir='ltr'>S.</span> <span class='ocrx_word' id='word_1_106' title='bbox 2030 472 2374 536; x_wconf 84' lang='lat' dir='ltr'>ARNULFI</span> <span class='ocrx_word' id='word_1_107' title='bbox 2419 471 2828 537; x_wconf 87' lang='lat' dir='ltr'>METENSIS.</span> 
     </span>
    </p>
   </div>
   <div class='ocr_carea' id='block_1_18' title="bbox 3599 471 3709 535">
    <p class='ocr_par' dir='ltr' id='par_1_18' title="bbox 3599 471 3709 535">
     <span class='ocr_line' id='line_1_18' title="bbox 3599 471 3709 535; baseline -0.009 0"><span class='ocrx_word' id='word_1_108' title='bbox 3599 471 3709 535; x_wconf 73' lang='grc'>284</span> 
     </span>
    </p>
   </div>
   <div class='ocr_carea' id='block_1_19' title="bbox 2063 667 3706 741">
    <p class='ocr_par' dir='ltr' id='par_1_19' title="bbox 2063 667 3706 741">
     <span class='ocr_line' id='line_1_19' title="bbox 2063 667 3706 741; baseline 0.001 -19"><span class='ocrx_word' id='word_1_109' title='bbox 2063 667 2172 722; x_wconf 91' lang='lat' dir='ltr'>hoc</span> <span class='ocrx_word' id='word_1_110' title='bbox 2202 667 2290 723; x_wconf 89' lang='lat' dir='ltr'>vel</span> <span class='ocrx_word' id='word_1_111' title='bbox 2321 668 2522 724; x_wconf 87' lang='lat' dir='ltr'>leviter</span> <span class='ocrx_word' id='word_1_112' title='bbox 2552 671 2931 741; x_wconf 86' lang='lat' dir='ltr'>persentiret;</span> <span class='ocrx_word' id='word_1_113' title='bbox 2954 686 3093 726; x_wconf 89' lang='lat' dir='ltr'>nam</span> <span class='ocrx_word' id='word_1_114' title='bbox 3117 671 3190 725; x_wconf 92' lang='lat' dir='ltr'>ad</span> <span class='ocrx_word' id='word_1_115' title='bbox 3220 686 3454 725; x_wconf 90' lang='lat' dir='ltr'>omnem</span> <span class='ocrx_word' id='word_1_116' title='bbox 3486 668 3706 741; x_wconf 88' lang='lat' dir='ltr'>copiam</span> 
     </span>
    </p>
   </div>
   <div class='ocr_carea' id='block_1_20' title="bbox 2062 757 3707 830">
    <p class='ocr_par' dir='ltr' id='par_1_20' title="bbox 2062 757 3707 830">
     <span class='ocr_line' id='line_1_20' title="bbox 2062 757 3707 830; baseline 0.001 -19"><span class='ocrx_word' id='word_1_117' title='bbox 2062 757 2145 812; x_wconf 89' lang='lat' dir='ltr'>eis</span> <span class='ocrx_word' id='word_1_118' title='bbox 2159 762 2448 828; x_wconf 88' lang='lat' dir='ltr'>quantum</span> <span class='ocrx_word' id='word_1_119' title='bbox 2470 758 2682 814; x_wconf 89' lang='lat' dir='ltr'>vellent</span> <span class='ocrx_word' id='word_1_120' title='bbox 2700 776 2814 814; x_wconf 88' lang='lat' dir='ltr'>non</span> <span class='ocrx_word' id='word_1_121' title='bbox 2839 759 3255 830; x_wconf 86' lang='lat' dir='ltr'>deerat,etipse</span> <span class='ocrx_word' id='word_1_122' title='bbox 3268 775 3403 814; x_wconf 90' lang='lat' dir='ltr'>cum</span> <span class='ocrx_word' id='word_1_123' title='bbox 3423 758 3509 813; x_wconf 90' lang='lat' dir='ltr'>eis</span> <span class='ocrx_word' id='word_1_124' title='bbox 3531 758 3707 813; x_wconf 87' lang='lat' dir='ltr'>multa</span> 
     </span>
    </p>
   </div>
   <div class='ocr_carea' id='block_1_21' title="bbox 2054 846 3706 921">
    <p class='ocr_par' dir='ltr' id='par_1_21' title="bbox 2054 846 3706 921">
     <span class='ocr_line' id='line_1_21' title="bbox 2054 846 3706 921; baseline 0.001 -21"><span class='ocrx_word' id='word_1_125' title='bbox 2054 846 2425 917; x_wconf 90' lang='lat' dir='ltr'>jucunditate</span> <span class='ocrx_word' id='word_1_126' title='bbox 2454 852 2512 902; x_wconf 90' lang='lat' dir='ltr'>et</span> <span class='ocrx_word' id='word_1_127' title='bbox 2550 848 3043 904; x_wconf 85' lang='lat' dir='ltr'>condescensione</span> <span class='ocrx_word' id='word_1_128' title='bbox 3096 864 3224 903; x_wconf 88' lang='lat' dir='ltr'>sese</span> <span class='ocrx_word' id='word_1_129' title='bbox 3280 848 3633 921; x_wconf 84' lang='lat' dir='ltr'>gaudentem</span> <span class='ocrx_word' id='word_1_130' title='bbox 3656 852 3706 902; x_wconf 88' lang='lat' dir='ltr'>et</span> 
     </span>
    </p>
   </div>
   <div class='ocr_carea' id='block_1_22' title="bbox 2061 936 3704 1008">
    <p class='ocr_par' dir='ltr' id='par_1_22' title="bbox 2061 936 3704 1008">
     <span class='ocr_line' id='line_1_22' title="bbox 2061 936 3704 1008; baseline 0.001 -18"><span class='ocrx_word' id='word_1_131' title='bbox 2061 952 2286 991; x_wconf 91' lang='lat' dir='ltr'>comem</span> <span class='ocrx_word' id='word_1_132' title='bbox 2314 936 2373 992; x_wconf 92' lang='lat' dir='ltr'>in</span> <span class='ocrx_word' id='word_1_133' title='bbox 2405 937 2679 992; x_wconf 90' lang='lat' dir='ltr'>omnibus</span> <span class='ocrx_word' id='word_1_134' title='bbox 2710 936 3155 992; x_wconf 88' lang='lat' dir='ltr'>exbibebat.Sed</span> <span class='ocrx_word' id='word_1_135' title='bbox 3174 937 3316 991; x_wconf 90' lang='lat' dir='ltr'>dum</span> <span class='ocrx_word' id='word_1_136' title='bbox 3340 936 3704 1008; x_wconf 85' lang='lat' dir='ltr'>postmodum</span> 
     </span>
    </p>
   </div>
   <div class='ocr_carea' id='block_1_23' title="bbox 2060 1025 3705 1097">
    <p class='ocr_par' dir='ltr' id='par_1_23' title="bbox 2060 1025 3705 1097">
     <span class='ocr_line' id='line_1_23' title="bbox 2060 1025 3705 1097; baseline -0.001 -17"><span class='ocrx_word' id='word_1_137' title='bbox 2060 1025 2470 1096; x_wconf 76' lang='lat' dir='ltr'>Spiritualibus</span> <span class='ocrx_word' id='word_1_138' title='bbox 2493 1025 2827 1097; x_wconf 84' lang='lat' dir='ltr'>quibusque</span> <span class='ocrx_word' id='word_1_139' title='bbox 2840 1025 3547 1097; x_wconf 88' lang='lat' dir='ltr'>colloqueretur,dolendo</span> <span class='ocrx_word' id='word_1_140' title='bbox 3563 1026 3705 1095; x_wconf 80' lang='lat' dir='ltr'>inge-</span> 
     </span>
    </p>
   </div>
   <div class='ocr_carea' id='block_1_24' title="bbox 2062 1114 3700 1186">
    <p class='ocr_par' dir='ltr' id='par_1_24' title="bbox 2062 1114 3700 1186">
     <span class='ocr_line' id='line_1_24' title="bbox 2062 1114 3700 1186; baseline -0.001 -19"><span class='ocrx_word' id='word_1_141' title='bbox 2062 1114 2345 1181; x_wconf 88' lang='lat' dir='ltr'>minabat,</span> <span class='ocrx_word' id='word_1_142' title='bbox 2373 1132 2434 1170; x_wconf 88' lang='lat' dir='ltr'>se</span> <span class='ocrx_word' id='word_1_143' title='bbox 2466 1132 2792 1186; x_wconf 85' lang='lat' dir='ltr'>numquam</span> <span class='ocrx_word' id='word_1_144' title='bbox 2812 1115 2892 1169; x_wconf 90' lang='lat' dir='ltr'>ita</span> <span class='ocrx_word' id='word_1_145' title='bbox 2916 1114 3269 1170; x_wconf 87' lang='lat' dir='ltr'>secularium</span> <span class='ocrx_word' id='word_1_146' title='bbox 3288 1114 3700 1169; x_wconf 87' lang='lat' dir='ltr'>conversatioui</span> 
     </span>
    </p>
   </div>
   <div class='ocr_carea' id='block_1_25' title="bbox 2058 1202 3700 1274">
    <p class='ocr_par' dir='ltr' id='par_1_25' title="bbox 2058 1202 3700 1274">
     <span class='ocr_line' id='line_1_25' title="bbox 2058 1202 3700 1274; baseline 0.001 -19"><span class='ocrx_word' id='word_1_147' title='bbox 2058 1203 2144 1257; x_wconf 87' lang='lat' dir='ltr'>vel</span> <span class='ocrx_word' id='word_1_148' title='bbox 2177 1204 2247 1258; x_wconf 87' lang='lat' dir='ltr'>ad</span> <span class='ocrx_word' id='word_1_149' title='bbox 2281 1205 2450 1258; x_wconf 86' lang='lat' dir='ltr'>breve</span> <span class='ocrx_word' id='word_1_150' title='bbox 2483 1220 2654 1274; x_wconf 86' lang='lat' dir='ltr'>posse</span> <span class='ocrx_word' id='word_1_151' title='bbox 2687 1204 2988 1267; x_wconf 83' lang='lat' dir='ltr'>interesse,</span> <span class='ocrx_word' id='word_1_152' title='bbox 3024 1202 3165 1274; x_wconf 91' lang='lat' dir='ltr'>quin</span> <span class='ocrx_word' id='word_1_153' title='bbox 3199 1202 3422 1274; x_wconf 89' lang='lat' dir='ltr'>aliquid</span> <span class='ocrx_word' id='word_1_154' title='bbox 3471 1203 3544 1258; x_wconf 88' lang='lat' dir='ltr'>de</span> <span class='ocrx_word' id='word_1_155' title='bbox 3575 1219 3700 1258; x_wconf 89' lang='lat' dir='ltr'>con-</span> 
     </span>
    </p>
   </div>
   <div class='ocr_carea' id='block_1_26' title="bbox 2060 1291 3702 1363">
    <p class='ocr_par' dir='ltr' id='par_1_26' title="bbox 2060 1291 3702 1363">
     <span class='ocr_line' id='line_1_26' title="bbox 2060 1291 3702 1363; baseline -0.001 -17"><span class='ocrx_word' id='word_1_156' title='bbox 2060 1296 2225 1347; x_wconf 92' lang='lat' dir='ltr'>sueto</span> <span class='ocrx_word' id='word_1_157' title='bbox 2256 1292 2366 1347; x_wconf 89' lang='lat' dir='ltr'>sibi</span> <span class='ocrx_word' id='word_1_158' title='bbox 2402 1294 2574 1348; x_wconf 91' lang='lat' dir='ltr'>modo</span> <span class='ocrx_word' id='word_1_159' title='bbox 2605 1292 3063 1348; x_wconf 84' lang='lat' dir='ltr'>conversationis</span> <span class='ocrx_word' id='word_1_160' title='bbox 3092 1291 3448 1363; x_wconf 84' lang='lat' dir='ltr'>deperderet,</span> <span class='ocrx_word' id='word_1_161' title='bbox 3473 1291 3702 1362; x_wconf 86' lang='lat' dir='ltr'>insuper</span> 
     </span>
    </p>
   </div>
   <div class='ocr_carea' id='block_1_27' title="bbox 2058 1379 3701 1453">
    <p class='ocr_par' dir='ltr' id='par_1_27' title="bbox 2058 1379 3701 1453">
     <span class='ocr_line' id='line_1_27' title="bbox 2058 1379 3701 1453; baseline 0 -19"><span class='ocrx_word' id='word_1_162' title='bbox 2058 1385 2115 1434; x_wconf 89' lang='lat' dir='ltr'>et</span> <span class='ocrx_word' id='word_1_163' title='bbox 2146 1398 2341 1435; x_wconf 89' lang='lat' dir='ltr'>rerum</span> <span class='ocrx_word' id='word_1_164' title='bbox 2371 1382 2613 1435; x_wconf 82' lang='lat' dir='ltr'>fratrum</span> <span class='ocrx_word' id='word_1_165' title='bbox 2650 1381 2820 1453; x_wconf 91' lang='lat' dir='ltr'>plura</span> <span class='ocrx_word' id='word_1_166' title='bbox 2847 1380 3063 1435; x_wconf 88' lang='lat' dir='ltr'>invitus</span> <span class='ocrx_word' id='word_1_167' title='bbox 3093 1379 3613 1451; x_wconf 82' lang='lat' dir='ltr'>expenderet.Nam</span> <span class='ocrx_word' id='word_1_168' title='bbox 3632 1380 3701 1434; x_wconf 87' lang='lat' dir='ltr'>ita</span> 
     </span>
    </p>
   </div>
   <div class='ocr_carea' id='block_1_28' title="bbox 2058 1467 3699 1540">
    <p class='ocr_par' dir='ltr' id='par_1_28' title="bbox 2058 1467 3699 1540">
     <span class='ocr_line' id='line_1_28' title="bbox 2058 1467 3699 1540; baseline 0 -17"><span class='ocrx_word' id='word_1_169' title='bbox 2058 1468 2423 1523; x_wconf 82' lang='lat' dir='ltr'>familiariter</span> <span class='ocrx_word' id='word_1_170' title='bbox 2452 1468 2700 1535; x_wconf 88' lang='lat' dir='ltr'>dicebat,</span> <span class='ocrx_word' id='word_1_171' title='bbox 2730 1470 2870 1525; x_wconf 90' lang='lat' dir='ltr'>dum</span> <span class='ocrx_word' id='word_1_172' title='bbox 2929 1468 3340 1524; x_wconf 85' lang='lat' dir='ltr'>sermocinatio</span> <span class='ocrx_word' id='word_1_173' title='bbox 3396 1467 3699 1540; x_wconf 87' lang='lat' dir='ltr'>aliquando</span> 
     </span>
    </p>
   </div>
   <div class='ocr_carea' id='block_1_29' title="bbox 2057 1557 3698 1629">
    <p class='ocr_par' dir='ltr' id='par_1_29' title="bbox 2057 1557 3698 1629">
     <span class='ocr_line' id='line_1_29' title="bbox 2057 1557 3698 1629; baseline 0.001 -18"><span class='ocrx_word' id='word_1_174' title='bbox 2057 1557 2339 1613; x_wconf 89' lang='lat' dir='ltr'>incideret</span> <span class='ocrx_word' id='word_1_175' title='bbox 2367 1559 2437 1613; x_wconf 91' lang='lat' dir='ltr'>de</span> <span class='ocrx_word' id='word_1_176' title='bbox 2468 1559 2748 1614; x_wconf 87' lang='lat' dir='ltr'>fratribus</span> <span class='ocrx_word' id='word_1_177' title='bbox 2770 1576 2859 1613; x_wconf 89' lang='lat' dir='ltr'>res</span> <span class='ocrx_word' id='word_1_178' title='bbox 2885 1558 3024 1614; x_wconf 83' lang='lat' dir='ltr'>toris</span> <span class='ocrx_word' id='word_1_179' title='bbox 3044 1557 3572 1629; x_wconf 87' lang='lat' dir='ltr'>curantibus,quod</span> <span class='ocrx_word' id='word_1_180' title='bbox 3594 1574 3698 1612; x_wconf 87' lang='lat' dir='ltr'>non</span> 
     </span>
    </p>
   </div>
   <div class='ocr_carea' id='block_1_30' title="bbox 2057 1646 3700 1719">
    <p class='ocr_par' dir='ltr' id='par_1_30' title="bbox 2057 1646 3700 1719">
     <span class='ocr_line' id='line_1_30' title="bbox 2057 1646 3700 1719; baseline 0.001 -19"><span class='ocrx_word' id='word_1_181' title='bbox 2057 1651 2179 1700; x_wconf 91' lang='lat' dir='ltr'>tam</span> <span class='ocrx_word' id='word_1_182' title='bbox 2211 1648 2413 1702; x_wconf 86' lang='lat' dir='ltr'>crebro</span> <span class='ocrx_word' id='word_1_183' title='bbox 2449 1665 2548 1703; x_wconf 88' lang='lat' dir='ltr'>eos</span> <span class='ocrx_word' id='word_1_184' title='bbox 2584 1664 2687 1719; x_wconf 89' lang='lat' dir='ltr'>per</span> <span class='ocrx_word' id='word_1_185' title='bbox 2721 1664 2784 1703; x_wconf 90' lang='lat' dir='ltr'>se</span> <span class='ocrx_word' id='word_1_186' title='bbox 2805 1664 2873 1703; x_wconf 91' lang='lat' dir='ltr'>ea</span> <span class='ocrx_word' id='word_1_187' title='bbox 2905 1664 3073 1718; x_wconf 88' lang='lat' dir='ltr'>agere</span> <span class='ocrx_word' id='word_1_188' title='bbox 3106 1646 3422 1718; x_wconf 86' lang='lat' dir='ltr'>expediret,</span> <span class='ocrx_word' id='word_1_189' title='bbox 3453 1650 3509 1700; x_wconf 93' lang='lat' dir='ltr'>et</span> <span class='ocrx_word' id='word_1_190' title='bbox 3536 1647 3700 1701; x_wconf 87' lang='lat' dir='ltr'>verbo</span> 
     </span>
    </p>
   </div>
   <div class='ocr_carea' id='block_1_31' title="bbox 2059 1733 3702 1807">
    <p class='ocr_par' dir='ltr' id='par_1_31' title="bbox 2059 1733 3702 1807">
     <span class='ocr_line' id='line_1_31' title="bbox 2059 1733 3702 1807; baseline -0.001 -17"><span class='ocrx_word' id='word_1_191' title='bbox 2059 1736 2255 1807; x_wconf 89' lang='lat' dir='ltr'>potius</span> <span class='ocrx_word' id='word_1_192' title='bbox 2286 1735 2573 1791; x_wconf 86' lang='lat' dir='ltr'>ministris</span> <span class='ocrx_word' id='word_1_193' title='bbox 2604 1734 2769 1791; x_wconf 90' lang='lat' dir='ltr'>laicis</span> <span class='ocrx_word' id='word_1_194' title='bbox 2801 1736 3169 1801; x_wconf 85' lang='lat' dir='ltr'>mandarent,</span> <span class='ocrx_word' id='word_1_195' title='bbox 3194 1733 3426 1807; x_wconf 88' lang='lat' dir='ltr'>ipsique</span> <span class='ocrx_word' id='word_1_196' title='bbox 3452 1733 3702 1790; x_wconf 88' lang='lat' dir='ltr'>claustro</span> 
     </span>
    </p>
   </div>
   <div class='ocr_carea' id='block_1_32' title="bbox 2056 1822 3704 1895">
    <p class='ocr_par' dir='ltr' id='par_1_32' title="bbox 2056 1822 3704 1895">
     <span class='ocr_line' id='line_1_32' title="bbox 2056 1822 3704 1895; baseline -0.001 -16"><span class='ocrx_word' id='word_1_197' title='bbox 2056 1841 2120 1879; x_wconf 88' lang='lat' dir='ltr'>se</span> <span class='ocrx_word' id='word_1_198' title='bbox 2142 1823 2511 1879; x_wconf 88' lang='lat' dir='ltr'>cohiberent:</span> <span class='ocrx_word' id='word_1_199' title='bbox 2536 1848 2563 1873; x_wconf 89' lang='grc'><em>‹‹</em></span> <span class='ocrx_word' id='word_1_200' title='bbox 2588 1825 2787 1891; x_wconf 89' lang='lat' dir='ltr'>Nemo,</span> <span class='ocrx_word' id='word_1_201' title='bbox 2813 1824 3110 1895; x_wconf 89' lang='lat' dir='ltr'>inquiens,</span> <span class='ocrx_word' id='word_1_202' title='bbox 3134 1822 3450 1894; x_wconf 86' lang='lat' dir='ltr'>aliquando</span> <span class='ocrx_word' id='word_1_203' title='bbox 3476 1839 3571 1878; x_wconf 90' lang='lat' dir='ltr'>me</span> <span class='ocrx_word' id='word_1_204' title='bbox 3593 1839 3704 1878; x_wconf 77' lang='lat' dir='ltr'>ma-</span> 
     </span>
    </p>
   </div>
   <div class='ocr_carea' id='block_1_33' title="bbox 291 1910 3702 2011">
    <p class='ocr_par' dir='ltr' id='par_1_33' title="bbox 291 1910 3702 2011">
     <span class='ocr_line' id='line_1_33' title="bbox 291 1910 3702 2011; baseline -0.001 -43"><span class='ocrx_word' id='word_1_205' title='bbox 291 1912 549 1968; x_wconf 88' lang='lat' dir='ltr'>sterioris</span> <span class='ocrx_word' id='word_1_206' title='bbox 570 1911 697 1966; x_wconf 67' lang='lat' dir='ltr'>vita;</span> <span class='ocrx_word' id='word_1_207' title='bbox 722 1910 1123 1983; x_wconf 88' lang='lat' dir='ltr'>perlegerat,si</span> <span class='ocrx_word' id='word_1_208' title='bbox 1155 1915 1421 1983; x_wconf 90' lang='lat' dir='ltr'>tempora</span> <span class='ocrx_word' id='word_1_209' title='bbox 1451 1916 1807 1982; x_wconf 88' lang='lat' dir='ltr'>paterentur,</span> <span class='ocrx_word' id='word_1_210' title='bbox 1824 1912 1941 1966; x_wconf 86' lang='lat' dir='ltr'>for-</span> <span class='ocrx_word' id='word_1_211' title='bbox 1980 1946 2027 2011; x_wconf 82' lang='lat' dir='ltr'><strong>B</strong></span> <span class='ocrx_word' id='word_1_212' title='bbox 2057 1912 2146 1984; x_wconf 88' lang='lat' dir='ltr'>gis</span> <span class='ocrx_word' id='word_1_213' title='bbox 2178 1912 2425 1968; x_wconf 89' lang='lat' dir='ltr'>caninus</span> <span class='ocrx_word' id='word_1_214' title='bbox 2454 1912 2659 1979; x_wconf 84' lang='lat' dir='ltr'>extitit,</span> <span class='ocrx_word' id='word_1_215' title='bbox 2692 1917 2748 1968; x_wconf 90' lang='lat' dir='ltr'>et</span> <span class='ocrx_word' id='word_1_216' title='bbox 2778 1912 2877 1984; x_wconf 92' lang='lat' dir='ltr'>qui</span> <span class='ocrx_word' id='word_1_217' title='bbox 2912 1912 3044 1984; x_wconf 91' lang='lat' dir='ltr'>plus</span> <span class='ocrx_word' id='word_1_218' title='bbox 3075 1911 3304 1966; x_wconf 70' lang='lat' dir='ltr'>tenatiaa</span> <span class='ocrx_word' id='word_1_219' title='bbox 3339 1914 3702 1983; x_wconf 86' lang='lat' dir='ltr'>argueretur,</span> 
     </span>
    </p>
   </div>
   <div class='ocr_carea' id='block_1_34' title="bbox 289 1999 1939 2073">
    <p class='ocr_par' dir='ltr' id='par_1_34' title="bbox 289 1999 1939 2073">
     <span class='ocr_line' id='line_1_34' title="bbox 289 1999 1939 2073; baseline -0.001 -16"><span class='ocrx_word' id='word_1_220' title='bbox 289 2002 441 2058; x_wconf 84' lang='lat' dir='ltr'>sitan</span> <span class='ocrx_word' id='word_1_221' title='bbox 466 2006 813 2073; x_wconf 87' lang='lat' dir='ltr'>attemptare</span> <span class='ocrx_word' id='word_1_222' title='bbox 832 1999 1167 2067; x_wconf 86' lang='lat' dir='ltr'>moliretur;</span> <span class='ocrx_word' id='word_1_223' title='bbox 1188 2001 1343 2070; x_wconf 93' lang='lat' dir='ltr'>quod</span> <span class='ocrx_word' id='word_1_224' title='bbox 1367 2000 1568 2072; x_wconf 87' lang='lat' dir='ltr'>utique</span> <span class='ocrx_word' id='word_1_225' title='bbox 1589 2018 1655 2055; x_wconf 86' lang='lat' dir='ltr'>ex</span> <span class='ocrx_word' id='word_1_226' title='bbox 1684 2017 1750 2055; x_wconf 88' lang='lat' dir='ltr'>ea</span> <span class='ocrx_word' id='word_1_227' title='bbox 1762 2017 1939 2071; x_wconf 87' lang='lat' dir='ltr'>quam</span> 
     </span>
    </p>
   </div>
   <div class='ocr_carea' id='block_1_35' title="bbox 290 2088 1940 2163">
    <p class='ocr_par' dir='ltr' id='par_1_35' title="bbox 290 2088 1940 2163">
     <span class='ocr_line' id='line_1_35' title="bbox 290 2088 1940 2163; baseline 0 -17"><span class='ocrx_word' id='word_1_228' title='bbox 290 2090 619 2163; x_wconf 84' lang='lat' dir='ltr'>arripuerat</span> <span class='ocrx_word' id='word_1_229' title='bbox 642 2088 1027 2159; x_wconf 77' lang='lat' dir='ltr'>castigatione</span> <span class='ocrx_word' id='word_1_230' title='bbox 1048 2089 1300 2144; x_wconf 86' lang='lat' dir='ltr'>dabatur</span> <span class='ocrx_word' id='word_1_231' title='bbox 1321 2090 1626 2160; x_wconf 82' lang='lat' dir='ltr'>conjicere.</span> <span class='ocrx_word' id='word_1_232' title='bbox 1644 2092 1825 2155; x_wconf 90' lang='lat' dir='ltr'>Quem</span> <span class='ocrx_word' id='word_1_233' title='bbox 1850 2095 1940 2146; x_wconf 89' lang='lat' dir='ltr'>ta-</span> 
     </span>
    </p>
   </div>
   <div class='ocr_carea' id='block_1_36' title="bbox 289 2177 1941 2250">
    <p class='ocr_par' dir='ltr' id='par_1_36' title="bbox 289 2177 1941 2250">
     <span class='ocr_line' id='line_1_36' title="bbox 289 2177 1941 2250; baseline -0.001 -15"><span class='ocrx_word' id='word_1_234' title='bbox 289 2197 423 2235; x_wconf 89' lang='lat' dir='ltr'>men</span> <span class='ocrx_word' id='word_1_235' title='bbox 444 2178 551 2235; x_wconf 88' lang='lat' dir='ltr'>etsi</span> <span class='ocrx_word' id='word_1_236' title='bbox 586 2179 643 2233; x_wconf 91' lang='lat' dir='ltr'>in</span> <span class='ocrx_word' id='word_1_237' title='bbox 674 2178 974 2233; x_wconf 89' lang='lat' dir='ltr'>laboribus</span> <span class='ocrx_word' id='word_1_238' title='bbox 1005 2177 1300 2249; x_wconf 89' lang='lat' dir='ltr'>corporeis</span> <span class='ocrx_word' id='word_1_239' title='bbox 1331 2177 1648 2250; x_wconf 84' lang='lat' dir='ltr'>disparem,</span> <span class='ocrx_word' id='word_1_240' title='bbox 1677 2177 1737 2234; x_wconf 91' lang='lat' dir='ltr'>in</span> <span class='ocrx_word' id='word_1_241' title='bbox 1757 2178 1941 2233; x_wconf 82' lang='lat' dir='ltr'>virtu-</span> 
     </span>
    </p>
   </div>
   <div class='ocr_carea' id='block_1_37' title="bbox 287 2265 1936 2338">
    <p class='ocr_par' dir='ltr' id='par_1_37' title="bbox 287 2265 1936 2338">
     <span class='ocr_line' id='line_1_37' title="bbox 287 2265 1936 2338; baseline -0.001 -14"><span class='ocrx_word' id='word_1_242' title='bbox 287 2268 451 2324; x_wconf 91' lang='lat' dir='ltr'>tibus</span> <span class='ocrx_word' id='word_1_243' title='bbox 462 2266 670 2323; x_wconf 64' lang='lat' dir='ltr'>animis</span> <span class='ocrx_word' id='word_1_244' title='bbox 691 2284 808 2321; x_wconf 90' lang='lat' dir='ltr'>non</span> <span class='ocrx_word' id='word_1_245' title='bbox 823 2267 937 2322; x_wconf 91' lang='lat' dir='ltr'>fere</span> <span class='ocrx_word' id='word_1_246' title='bbox 950 2265 1131 2321; x_wconf 91' lang='lat' dir='ltr'>alium</span> <span class='ocrx_word' id='word_1_247' title='bbox 1149 2266 1338 2338; x_wconf 88' lang='lat' dir='ltr'>magis</span> <span class='ocrx_word' id='word_1_248' title='bbox 1352 2268 1615 2338; x_wconf 91' lang='lat' dir='ltr'>ipsorum</span> <span class='ocrx_word' id='word_1_249' title='bbox 1636 2267 1936 2333; x_wconf 82' lang='lat' dir='ltr'>aemulum,</span> 
     </span>
    </p>
   </div>
   <div class='ocr_carea' id='block_1_38' title="bbox 288 2355 1939 2427">
    <p class='ocr_par' dir='ltr' id='par_1_38' title="bbox 288 2355 1939 2427">
     <span class='ocr_line' id='line_1_38' title="bbox 288 2355 1939 2427; baseline -0.001 -15"><span class='ocrx_word' id='word_1_250' title='bbox 288 2360 550 2412; x_wconf 88' lang='lat' dir='ltr'>nostram</span> <span class='ocrx_word' id='word_1_251' title='bbox 580 2355 796 2411; x_wconf 90' lang='lat' dir='ltr'>vidisse</span> <span class='ocrx_word' id='word_1_252' title='bbox 825 2359 1237 2421; x_wconf 70' lang='lat' dir='ltr'>zetatem,certo</span> <span class='ocrx_word' id='word_1_253' title='bbox 1269 2356 1528 2427; x_wconf 90' lang='lat' dir='ltr'>proferre</span> <span class='ocrx_word' id='word_1_254' title='bbox 1548 2372 1661 2411; x_wconf 90' lang='lat' dir='ltr'>non</span> <span class='ocrx_word' id='word_1_255' title='bbox 1683 2355 1939 2427; x_wconf 88' lang='lat' dir='ltr'>trepida-</span> 
     </span>
    </p>
   </div>
   <div class='ocr_carea' id='block_1_39' title="bbox 286 2439 1936 2515">
    <p class='ocr_par' dir='ltr' id='par_1_39' title="bbox 286 2439 1936 2515">
     <span class='ocr_line' id='line_1_39' title="bbox 286 2439 1936 2515; baseline 0 -15"><span class='ocrx_word' id='word_1_256' title='bbox 286 2446 491 2502; x_wconf 89' lang='lat' dir='ltr'>verim.</span> <span class='ocrx_word' id='word_1_257' title='bbox 513 2443 800 2501; x_wconf 87' lang='lat' dir='ltr'>Johannis</span> <span class='ocrx_word' id='word_1_258' title='bbox 825 2444 1133 2515; x_wconf 83' lang='lat' dir='ltr'>cujusdam</span> <span class='ocrx_word' id='word_1_259' title='bbox 1166 2439 1538 2499; x_wconf 85' lang='lat' dir='ltr'>Alexandrini</span> <span class='ocrx_word' id='word_1_260' title='bbox 1572 2443 1936 2515; x_wconf 67' lang='lat' dir='ltr'>patriarchae,</span> 
     </span>
    </p>
   </div>
   <div class='ocr_carea' id='block_1_40' title="bbox 285 2533 1937 2605">
    <p class='ocr_par' dir='ltr' id='par_1_40' title="bbox 285 2533 1937 2605">
     <span class='ocr_line' id='line_1_40' title="bbox 285 2533 1937 2605; baseline -0.002 -15"><span class='ocrx_word' id='word_1_261' title='bbox 285 2551 461 2605; x_wconf 87' lang='lat' dir='ltr'>quem</span> <span class='ocrx_word' id='word_1_262' title='bbox 494 2533 849 2590; x_wconf 86' lang='lat' dir='ltr'>Eleimonem</span> <span class='ocrx_word' id='word_1_263' title='bbox 882 2533 1321 2605; x_wconf 82' lang='lat' dir='ltr'>cognominant,</span> <span class='ocrx_word' id='word_1_264' title='bbox 1354 2538 1521 2588; x_wconf 89' lang='lat' dir='ltr'>actus</span> <span class='ocrx_word' id='word_1_265' title='bbox 1553 2550 1697 2604; x_wconf 89' lang='lat' dir='ltr'>pene</span> <span class='ocrx_word' id='word_1_266' title='bbox 1718 2550 1937 2588; x_wconf 88' lang='lat' dir='ltr'>memo-</span> 
     </span>
    </p>
   </div>
   <div class='ocr_carea' id='block_1_41' title="bbox 289 2621 1940 2693">
    <p class='ocr_par' dir='ltr' id='par_1_41' title="bbox 289 2621 1940 2693">
     <span class='ocr_line' id='line_1_41' title="bbox 289 2621 1940 2693; baseline -0.001 -15"><span class='ocrx_word' id='word_1_267' title='bbox 289 2623 387 2678; x_wconf 73' lang='lat' dir='ltr'>ria:</span> <span class='ocrx_word' id='word_1_268' title='bbox 421 2622 765 2687; x_wconf 86' lang='lat' dir='ltr'>retinens,in</span> <span class='ocrx_word' id='word_1_269' title='bbox 786 2621 1064 2677; x_wconf 90' lang='lat' dir='ltr'>omnibus</span> <span class='ocrx_word' id='word_1_270' title='bbox 1086 2623 1203 2677; x_wconf 89' lang='lat' dir='ltr'>fere</span> <span class='ocrx_word' id='word_1_271' title='bbox 1225 2621 1598 2677; x_wconf 89' lang='lat' dir='ltr'>sermonibus</span> <span class='ocrx_word' id='word_1_272' title='bbox 1616 2638 1750 2678; x_wconf 90' lang='lat' dir='ltr'>eum</span> <span class='ocrx_word' id='word_1_273' title='bbox 1771 2627 1940 2693; x_wconf 87' lang='lat' dir='ltr'>grata</span> 
     </span>
    </p>
   </div>
   <div class='ocr_carea' id='block_1_42' title="bbox 285 2709 1936 2781">
    <p class='ocr_par' dir='ltr' id='par_1_42' title="bbox 285 2709 1936 2781">
     <span class='ocr_line' id='line_1_42' title="bbox 285 2709 1936 2781; baseline -0.002 -13"><span class='ocrx_word' id='word_1_274' title='bbox 285 2718 343 2768; x_wconf 90' lang='lat' dir='ltr'>et</span> <span class='ocrx_word' id='word_1_275' title='bbox 373 2712 563 2767; x_wconf 89' lang='lat' dir='ltr'>amica</span> <span class='ocrx_word' id='word_1_276' title='bbox 592 2711 899 2767; x_wconf 86' lang='lat' dir='ltr'>dulcedine</span> <span class='ocrx_word' id='word_1_277' title='bbox 931 2710 1263 2771; x_wconf 87' lang='lat' dir='ltr'>reducebat,</span> <span class='ocrx_word' id='word_1_278' title='bbox 1300 2709 1725 2781; x_wconf 85' lang='lat' dir='ltr'>audientesque</span> <span class='ocrx_word' id='word_1_279' title='bbox 1773 2727 1839 2763; x_wconf 88' lang='lat' dir='ltr'>ex</span> <span class='ocrx_word' id='word_1_280' title='bbox 1870 2727 1936 2765; x_wconf 91' lang='lat' dir='ltr'>eo</span> 
     </span>
    </p>
   </div>
   <div class='ocr_carea' id='block_1_43' title="bbox 285 2797 1492 2856">
    <p class='ocr_par' dir='ltr' id='par_1_43' title="bbox 285 2797 1492 2856">
     <span class='ocr_line' id='line_1_43' title="bbox 285 2797 1492 2856; baseline -0.003 0"><span class='ocrx_word' id='word_1_281' title='bbox 285 2800 473 2856; x_wconf 90' lang='lat' dir='ltr'>multa</span> <span class='ocrx_word' id='word_1_282' title='bbox 502 2799 839 2856; x_wconf 84' lang='lat' dir='ltr'>attentionis</span> <span class='ocrx_word' id='word_1_283' title='bbox 871 2800 1155 2854; x_wconf 85' lang='lat' dir='ltr'>suavitate</span> <span class='ocrx_word' id='word_1_284' title='bbox 1188 2797 1492 2853; x_wconf 86' lang='lat' dir='ltr'>retinebat.</span> 
     </span>
    </p>
   </div>
   <div class='ocr_carea' id='block_1_44' title="bbox 354 2884 1935 2960">
    <p class='ocr_par' dir='ltr' id='par_1_44' title="bbox 354 2884 1935 2960">
     <span class='ocr_line' id='line_1_44' title="bbox 354 2884 1935 2960; baseline 0 -17"><span class='ocrx_word' id='word_1_285' title='bbox 354 2892 443 2945; x_wconf 84' lang='lat'>85.</span> <span class='ocrx_word' id='word_1_286' title='bbox 470 2891 539 2945; x_wconf 82' lang='lat' dir='ltr'>Et</span> <span class='ocrx_word' id='word_1_287' title='bbox 568 2889 708 2960; x_wconf 86' lang='lat' dir='ltr'>quia</span> <span class='ocrx_word' id='word_1_288' title='bbox 738 2889 809 2943; x_wconf 91' lang='lat' dir='ltr'>de</span> <span class='ocrx_word' id='word_1_289' title='bbox 841 2887 1091 2958; x_wconf 85' lang='lat' dir='ltr'>singulis</span> <span class='ocrx_word' id='word_1_290' title='bbox 1124 2884 1395 2957; x_wconf 87' lang='lat' dir='ltr'>persequi</span> <span class='ocrx_word' id='word_1_291' title='bbox 1424 2902 1734 2957; x_wconf 88' lang='lat' dir='ltr'>operosum</span> <span class='ocrx_word' id='word_1_292' title='bbox 1758 2887 1935 2943; x_wconf 89' lang='lat' dir='ltr'>nimis</span> 
     </span>
    </p>
   </div>
   <div class='ocr_carea' id='block_1_45' title="bbox 280 2975 1938 3049">
    <p class='ocr_par' dir='ltr' id='par_1_45' title="bbox 280 2975 1938 3049">
     <span class='ocr_line' id='line_1_45' title="bbox 280 2975 1938 3049; baseline -0.002 -15"><span class='ocrx_word' id='word_1_293' title='bbox 280 2980 787 3049; x_wconf 88' lang='lat' dir='ltr'>videtur,quorum</span> <span class='ocrx_word' id='word_1_294' title='bbox 821 2993 935 3029; x_wconf 89' lang='lat' dir='ltr'>non</span> <span class='ocrx_word' id='word_1_295' title='bbox 968 2976 1161 3030; x_wconf 89' lang='lat' dir='ltr'>minor</span> <span class='ocrx_word' id='word_1_296' title='bbox 1189 2991 1325 3029; x_wconf 87' lang='lat' dir='ltr'>eum</span> <span class='ocrx_word' id='word_1_297' title='bbox 1359 2975 1604 3030; x_wconf 90' lang='lat' dir='ltr'>scientia</span> <span class='ocrx_word' id='word_1_298' title='bbox 1632 2975 1718 3030; x_wconf 88' lang='lat' dir='ltr'>vel</span> <span class='ocrx_word' id='word_1_299' title='bbox 1750 2976 1938 3031; x_wconf 87' lang='lat' dir='ltr'>imita-</span> 
     </span>
    </p>
   </div>
   <div class='ocr_carea' id='block_1_46' title="bbox 282 3062 1931 3134">
    <p class='ocr_par' dir='ltr' id='par_1_46' title="bbox 282 3062 1931 3134">
     <span class='ocr_line' id='line_1_46' title="bbox 282 3062 1931 3134; baseline -0.002 -11"><span class='ocrx_word' id='word_1_300' title='bbox 282 3068 361 3123; x_wconf 89' lang='lat' dir='ltr'>tio</span> <span class='ocrx_word' id='word_1_301' title='bbox 394 3067 805 3129; x_wconf 88' lang='lat' dir='ltr'>assuefecerat,</span> <span class='ocrx_word' id='word_1_302' title='bbox 831 3064 973 3118; x_wconf 91' lang='lat' dir='ltr'>illud</span> <span class='ocrx_word' id='word_1_303' title='bbox 1004 3062 1288 3117; x_wconf 90' lang='lat' dir='ltr'>miraculo</span> <span class='ocrx_word' id='word_1_304' title='bbox 1311 3062 1587 3118; x_wconf 88' lang='lat' dir='ltr'>omnibus</span> <span class='ocrx_word' id='word_1_305' title='bbox 1608 3068 1751 3129; x_wconf 89' lang='lat' dir='ltr'>erat,</span> <span class='ocrx_word' id='word_1_306' title='bbox 1775 3064 1931 3134; x_wconf 87' lang='lat' dir='ltr'>quod</span> 
     </span>
    </p>
   </div>
   <div class='ocr_carea' id='block_1_47' title="bbox 283 3148 1931 3217">
    <p class='ocr_par' dir='ltr' id='par_1_47' title="bbox 283 3148 1931 3217">
     <span class='ocr_line' id='line_1_47' title="bbox 283 3148 1931 3217; baseline -0.004 -6"><span class='ocrx_word' id='word_1_307' title='bbox 283 3173 420 3211; x_wconf 91' lang='lat' dir='ltr'>cum</span> <span class='ocrx_word' id='word_1_308' title='bbox 443 3155 502 3210; x_wconf 92' lang='lat' dir='ltr'>in</span> <span class='ocrx_word' id='word_1_309' title='bbox 535 3153 628 3209; x_wconf 84' lang='lat' dir='ltr'>his</span> <span class='ocrx_word' id='word_1_310' title='bbox 658 3155 889 3207; x_wconf 85' lang='lat' dir='ltr'>tantum</span> <span class='ocrx_word' id='word_1_311' title='bbox 919 3148 1175 3206; x_wconf 89' lang='lat' dir='ltr'>exercitii</span> <span class='ocrx_word' id='word_1_312' title='bbox 1207 3149 1466 3217; x_wconf 88' lang='lat' dir='ltr'>haberet,</span> <span class='ocrx_word' id='word_1_313' title='bbox 1490 3149 1704 3205; x_wconf 78' lang='lat' dir='ltr'>nicliilo</span> <span class='ocrx_word' id='word_1_314' title='bbox 1734 3154 1931 3206; x_wconf 88' lang='lat' dir='ltr'>tamen</span> 
     </span>
    </p>
   </div>
   <div class='ocr_carea' id='block_1_48' title="bbox 279 3236 1930 3314">
    <p class='ocr_par' dir='ltr' id='par_1_48' title="bbox 279 3236 1930 3314">
     <span class='ocr_line' id='line_1_48' title="bbox 279 3236 1930 3314; baseline -0.003 -17"><span class='ocrx_word' id='word_1_315' title='bbox 279 3256 667 3314; x_wconf 69' lang='lat' dir='ltr'>quaecumque</span> <span class='ocrx_word' id='word_1_316' title='bbox 687 3238 749 3294; x_wconf 90' lang='lat' dir='ltr'>in</span> <span class='ocrx_word' id='word_1_317' title='bbox 775 3237 949 3293; x_wconf 85' lang='lat' dir='ltr'>rebus</span> <span class='ocrx_word' id='word_1_318' title='bbox 980 3236 1363 3292; x_wconf 77' lang='lat' dir='ltr'>exterioribus</span> <span class='ocrx_word' id='word_1_319' title='bbox 1384 3238 1611 3308; x_wconf 85' lang='lat' dir='ltr'>agenda</span> <span class='ocrx_word' id='word_1_320' title='bbox 1630 3242 1828 3293; x_wconf 85' lang='lat' dir='ltr'>essent</span> <span class='ocrx_word' id='word_1_321' title='bbox 1843 3255 1930 3293; x_wconf 88' lang='lat' dir='ltr'>re-</span> 
     </span>
    </p>
   </div>
   <div class='ocr_carea' id='block_1_49' title="bbox 280 3324 1930 3400">
    <p class='ocr_par' dir='ltr' id='par_1_49' title="bbox 280 3324 1930 3400">
     <span class='ocr_line' id='line_1_49' title="bbox 280 3324 1930 3400; baseline -0.002 -14"><span class='ocrx_word' id='word_1_322' title='bbox 280 3330 567 3396; x_wconf 84' lang='lat' dir='ltr'>mittebat,</span> <span class='ocrx_word' id='word_1_323' title='bbox 600 3326 744 3400; x_wconf 88' lang='lat' dir='ltr'>quin</span> <span class='ocrx_word' id='word_1_324' title='bbox 767 3326 925 3381; x_wconf 87' lang='lat' dir='ltr'>circa</span> <span class='ocrx_word' id='word_1_325' title='bbox 971 3325 1198 3380; x_wconf 89' lang='lat' dir='ltr'>diversa</span> <span class='ocrx_word' id='word_1_326' title='bbox 1228 3324 1563 3380; x_wconf 85' lang='lat' dir='ltr'>discurrens</span> <span class='ocrx_word' id='word_1_327' title='bbox 1594 3331 1650 3380; x_wconf 90' lang='lat' dir='ltr'>et</span> <span class='ocrx_word' id='word_1_328' title='bbox 1680 3326 1930 3399; x_wconf 86' lang='lat' dir='ltr'>singulis</span> 
     </span>
    </p>
   </div>
   <div class='ocr_carea' id='block_1_50' title="bbox 279 3413 1932 3487">
    <p class='ocr_par' dir='ltr' id='par_1_50' title="bbox 279 3413 1932 3487">
     <span class='ocr_line' id='line_1_50' title="bbox 279 3413 1932 3487; baseline -0.001 -14"><span class='ocrx_word' id='word_1_329' title='bbox 279 3416 626 3475; x_wconf 88' lang='lat' dir='ltr'>ordinandis</span> <span class='ocrx_word' id='word_1_330' title='bbox 656 3418 945 3487; x_wconf 77' lang='lat' dir='ltr'>prmcepta</span> <span class='ocrx_word' id='word_1_331' title='bbox 965 3413 1587 3480; x_wconf 88' lang='lat' dir='ltr'>constituens,omnem</span> <span class='ocrx_word' id='word_1_332' title='bbox 1610 3415 1790 3470; x_wconf 86' lang='lat' dir='ltr'>totius</span> <span class='ocrx_word' id='word_1_333' title='bbox 1812 3433 1932 3471; x_wconf 85' lang='lat' dir='ltr'>mo-</span> 
     </span>
    </p>
   </div>
   <div class='ocr_carea' id='block_1_51' title="bbox 278 3501 1928 3574">
    <p class='ocr_par' dir='ltr' id='par_1_51' title="bbox 278 3501 1928 3574">
     <span class='ocr_line' id='line_1_51' title="bbox 278 3501 1928 3574; baseline -0.001 -12"><span class='ocrx_word' id='word_1_334' title='bbox 278 3505 517 3562; x_wconf 89' lang='lat' dir='ltr'>nasterii</span> <span class='ocrx_word' id='word_1_335' title='bbox 537 3504 595 3559; x_wconf 91' lang='lat' dir='ltr'>in</span> <span class='ocrx_word' id='word_1_336' title='bbox 618 3509 740 3559; x_wconf 88' lang='lat' dir='ltr'>tam</span> <span class='ocrx_word' id='word_1_337' title='bbox 770 3501 1199 3574; x_wconf 89' lang='lat' dir='ltr'>multiplicibus</span> <span class='ocrx_word' id='word_1_338' title='bbox 1229 3501 1455 3557; x_wconf 88' lang='lat' dir='ltr'>artibus</span> <span class='ocrx_word' id='word_1_339' title='bbox 1471 3502 1557 3558; x_wconf 88' lang='lat' dir='ltr'>vel</span> <span class='ocrx_word' id='word_1_340' title='bbox 1579 3503 1788 3559; x_wconf 80' lang='lat' dir='ltr'>officiis</span> <span class='ocrx_word' id='word_1_341' title='bbox 1807 3521 1928 3561; x_wconf 91' lang='lat' dir='ltr'>rem</span> 
     </span>
    </p>
   </div>
   <div class='ocr_carea' id='block_1_52' title="bbox 278 3590 1932 3665">
    <p class='ocr_par' dir='ltr' id='par_1_52' title="bbox 278 3590 1932 3665">
     <span class='ocr_line' id='line_1_52' title="bbox 278 3590 1932 3665; baseline -0.001 -14"><span class='ocrx_word' id='word_1_342' title='bbox 278 3600 517 3651; x_wconf 87' lang='lat' dir='ltr'>strenue</span> <span class='ocrx_word' id='word_1_343' title='bbox 536 3590 1166 3665; x_wconf 87' lang='lat' dir='ltr'>procuraret.Cumque</span> <span class='ocrx_word' id='word_1_344' title='bbox 1182 3590 1622 3663; x_wconf 90' lang='lat' dir='ltr'>possessionum</span> <span class='ocrx_word' id='word_1_345' title='bbox 1642 3599 1932 3650; x_wconf 71' lang='lat' dir='ltr'>monaste-</span> 
     </span>
    </p>
   </div>
   <div class='ocr_carea' id='block_1_53' title="bbox 278 3679 1928 3745">
    <p class='ocr_par' dir='ltr' id='par_1_53' title="bbox 278 3679 1928 3745">
     <span class='ocr_line' id='line_1_53' title="bbox 278 3679 1928 3745; baseline -0.001 -5"><span class='ocrx_word' id='word_1_346' title='bbox 278 3686 349 3740; x_wconf 89' lang='lat' dir='ltr'>rii</span> <span class='ocrx_word' id='word_1_347' title='bbox 381 3683 653 3739; x_wconf 87' lang='lat' dir='ltr'>universa</span> <span class='ocrx_word' id='word_1_348' title='bbox 682 3680 740 3735; x_wconf 91' lang='lat' dir='ltr'>in</span> <span class='ocrx_word' id='word_1_349' title='bbox 773 3696 908 3735; x_wconf 90' lang='lat' dir='ltr'>eum</span> <span class='ocrx_word' id='word_1_350' title='bbox 939 3696 1081 3735; x_wconf 88' lang='lat' dir='ltr'>cura</span> <span class='ocrx_word' id='word_1_351' title='bbox 1116 3679 1500 3745; x_wconf 85' lang='lat' dir='ltr'>recumberet,</span> <span class='ocrx_word' id='word_1_352' title='bbox 1532 3697 1702 3737; x_wconf 90' lang='lat' dir='ltr'>rarus</span> <span class='ocrx_word' id='word_1_353' title='bbox 1731 3687 1928 3738; x_wconf 90' lang='lat' dir='ltr'>tamen</span> 
     </span>
    </p>
   </div>
   <div class='ocr_carea' id='block_1_54' title="bbox 275 3768 1929 3843">
    <p class='ocr_par' dir='ltr' id='par_1_54' title="bbox 275 3768 1929 3843">
     <span class='ocr_line' id='line_1_54' title="bbox 275 3768 1929 3843; baseline -0.002 -14"><span class='ocrx_word' id='word_1_354' title='bbox 275 3773 357 3829; x_wconf 89' lang='lat' dir='ltr'>illi</span> <span class='ocrx_word' id='word_1_355' title='bbox 384 3773 453 3830; x_wconf 86' lang='lat' dir='ltr'>ad</span> <span class='ocrx_word' id='word_1_356' title='bbox 484 3789 583 3828; x_wconf 90' lang='lat' dir='ltr'>eas</span> <span class='ocrx_word' id='word_1_357' title='bbox 615 3785 945 3843; x_wconf 86' lang='lat' dir='ltr'>processus,</span> <span class='ocrx_word' id='word_1_358' title='bbox 981 3769 1295 3839; x_wconf 87' lang='lat' dir='ltr'>potiusque</span> <span class='ocrx_word' id='word_1_359' title='bbox 1317 3769 1388 3824; x_wconf 91' lang='lat' dir='ltr'>de</span> <span class='ocrx_word' id='word_1_360' title='bbox 1419 3768 1546 3839; x_wconf 91' lang='lat' dir='ltr'>ipso</span> <span class='ocrx_word' id='word_1_361' title='bbox 1576 3769 1929 3829; x_wconf 84' lang='lat' dir='ltr'>monasterio</span> 
     </span>
    </p>
   </div>
   <div class='ocr_carea' id='block_1_55' title="bbox 276 3856 1928 3936">
    <p class='ocr_par' dir='ltr' id='par_1_55' title="bbox 276 3856 1928 3936">
     <span class='ocr_line' id='line_1_55' title="bbox 276 3856 1928 3936; baseline -0.002 -18"><span class='ocrx_word' id='word_1_362' title='bbox 276 3878 507 3936; x_wconf 91' lang='lat' dir='ltr'>queque</span> <span class='ocrx_word' id='word_1_363' title='bbox 537 3860 679 3916; x_wconf 89' lang='lat' dir='ltr'>foris</span> <span class='ocrx_word' id='word_1_364' title='bbox 724 3858 948 3930; x_wconf 85' lang='lat' dir='ltr'>agenda</span> <span class='ocrx_word' id='word_1_365' title='bbox 976 3862 1174 3912; x_wconf 82' lang='lat' dir='ltr'>essent</span> <span class='ocrx_word' id='word_1_366' title='bbox 1203 3856 1482 3924; x_wconf 87' lang='lat' dir='ltr'>dictabat,</span> <span class='ocrx_word' id='word_1_367' title='bbox 1513 3858 1787 3929; x_wconf 87' lang='lat' dir='ltr'>brevique</span> <span class='ocrx_word' id='word_1_368' title='bbox 1819 3859 1928 3914; x_wconf 88' lang='lat' dir='ltr'>sub</span> 
     </span>
    </p>
   </div>
   <div class='ocr_carea' id='block_1_56' title="bbox 276 3944 1927 4022">
    <p class='ocr_par' dir='ltr' id='par_1_56' title="bbox 276 3944 1927 4022">
     <span class='ocr_line' id='line_1_56' title="bbox 276 3944 1927 4022; baseline -0.002 -15"><span class='ocrx_word' id='word_1_369' title='bbox 276 3957 536 4022; x_wconf 89' lang='lat' dir='ltr'>tempore</span> <span class='ocrx_word' id='word_1_370' title='bbox 552 3946 839 4003; x_wconf 87' lang='lat' dir='ltr'>ministris</span> <span class='ocrx_word' id='word_1_371' title='bbox 861 3944 1363 4011; x_wconf 88' lang='lat' dir='ltr'>evocatis,mensis</span> <span class='ocrx_word' id='word_1_372' title='bbox 1378 3949 1480 4000; x_wconf 88' lang='lat' dir='ltr'>aut</span> <span class='ocrx_word' id='word_1_373' title='bbox 1494 3962 1587 4000; x_wconf 90' lang='lat' dir='ltr'>am</span> <span class='ocrx_word' id='word_1_374' title='bbox 1598 3944 1749 4017; x_wconf 91' lang='lat' dir='ltr'>plius</span> <span class='ocrx_word' id='word_1_375' title='bbox 1771 3948 1927 4017; x_wconf 90' lang='lat' dir='ltr'>quod</span> 
     </span>
    </p>
   </div>
   <div class='ocr_carea' id='block_1_57' title="bbox 277 4032 1931 4111">
    <p class='ocr_par' dir='ltr' id='par_1_57' title="bbox 277 4032 1931 4111">
     <span class='ocr_line' id='line_1_57' title="bbox 277 4032 1931 4111; baseline -0.003 -16"><span class='ocrx_word' id='word_1_376' title='bbox 277 4039 390 4111; x_wconf 89' lang='lat' dir='ltr'>ipsi</span> <span class='ocrx_word' id='word_1_377' title='bbox 419 4037 715 4110; x_wconf 88' lang='lat' dir='ltr'>expletum</span> <span class='ocrx_word' id='word_1_378' title='bbox 749 4036 1032 4090; x_wconf 87' lang='lat' dir='ltr'>referrent</span> <span class='ocrx_word' id='word_1_379' title='bbox 1071 4032 1355 4088; x_wconf 85' lang='lat' dir='ltr'>edicebat.</span> <span class='ocrx_word' id='word_1_380' title='bbox 1385 4034 1529 4089; x_wconf 88' lang='lat' dir='ltr'>Cum</span> <span class='ocrx_word' id='word_1_381' title='bbox 1579 4035 1931 4091; x_wconf 89' lang='lat' dir='ltr'>eminentior</span> 
     </span>
    </p>
   </div>
   <div class='ocr_carea' id='block_1_58' title="bbox 276 4121 1931 4199">
    <p class='ocr_par' dir='ltr' id='par_1_58' title="bbox 276 4121 1931 4199">
     <span class='ocr_line' id='line_1_58' title="bbox 276 4121 1931 4199; baseline -0.001 -17"><span class='ocrx_word' id='word_1_382' title='bbox 276 4127 552 4199; x_wconf 65' lang='lat' dir='ltr'>quaelibet</span> <span class='ocrx_word' id='word_1_383' title='bbox 581 4140 761 4180; x_wconf 89' lang='lat' dir='ltr'>causa</span> <span class='ocrx_word' id='word_1_384' title='bbox 789 4139 923 4178; x_wconf 91' lang='lat' dir='ltr'>eum</span> <span class='ocrx_word' id='word_1_385' title='bbox 955 4121 1383 4187; x_wconf 79' lang='lat' dir='ltr'>extraxisset,et</span> <span class='ocrx_word' id='word_1_386' title='bbox 1409 4123 1481 4177; x_wconf 90' lang='lat' dir='ltr'>ad</span> <span class='ocrx_word' id='word_1_387' title='bbox 1516 4139 1726 4179; x_wconf 85' lang='lat' dir='ltr'>causas</span> <span class='ocrx_word' id='word_1_388' title='bbox 1760 4140 1931 4195; x_wconf 82' lang='lat' dir='ltr'>agen-</span> 
     </span>
    </p>
   </div>
   <div class='ocr_carea' id='block_1_59' title="bbox 274 4209 1927 4282">
    <p class='ocr_par' dir='ltr' id='par_1_59' title="bbox 274 4209 1927 4282">
     <span class='ocr_line' id='line_1_59' title="bbox 274 4209 1927 4282; baseline -0.002 -11"><span class='ocrx_word' id='word_1_389' title='bbox 274 4217 382 4271; x_wconf 87' lang='lat' dir='ltr'>das</span> <span class='ocrx_word' id='word_1_390' title='bbox 414 4213 664 4268; x_wconf 87' lang='lat' dir='ltr'>residere</span> <span class='ocrx_word' id='word_1_391' title='bbox 695 4227 829 4267; x_wconf 92' lang='lat' dir='ltr'>eum</span> <span class='ocrx_word' id='word_1_392' title='bbox 863 4209 1183 4265; x_wconf 84' lang='lat' dir='ltr'>necessitas</span> <span class='ocrx_word' id='word_1_393' title='bbox 1216 4209 1568 4281; x_wconf 88' lang='lat' dir='ltr'>impulisset,</span> <span class='ocrx_word' id='word_1_394' title='bbox 1602 4210 1661 4265; x_wconf 91' lang='lat' dir='ltr'>id</span> <span class='ocrx_word' id='word_1_395' title='bbox 1707 4218 1927 4282; x_wconf 89' lang='lat' dir='ltr'>quanto</span> 
     </span>
    </p>
   </div>
   <div class='ocr_carea' id='block_1_60' title="bbox 275 4297 1925 4370">
    <p class='ocr_par' dir='ltr' id='par_1_60' title="bbox 275 4297 1925 4370">
     <span class='ocr_line' id='line_1_60' title="bbox 275 4297 1925 4370; baseline -0.002 -12"><span class='ocrx_word' id='word_1_396' title='bbox 275 4303 451 4359; x_wconf 83' lang='lat' dir='ltr'>citius</span> <span class='ocrx_word' id='word_1_397' title='bbox 481 4299 721 4369; x_wconf 82' lang='lat' dir='ltr'>negocia</span> <span class='ocrx_word' id='word_1_398' title='bbox 752 4315 943 4354; x_wconf 91' lang='lat' dir='ltr'>rerum</span> <span class='ocrx_word' id='word_1_399' title='bbox 978 4297 1318 4370; x_wconf 89' lang='lat' dir='ltr'>paciebatur</span> <span class='ocrx_word' id='word_1_400' title='bbox 1347 4298 1925 4365; x_wconf 63' lang='lat' dir='ltr'>acceleratumJ&#39;esti-</span> 
     </span>
    </p>
   </div>
   <div class='ocr_carea' id='block_1_61' title="bbox 276 4388 1925 4459">
    <p class='ocr_par' dir='ltr' id='par_1_61' title="bbox 276 4388 1925 4459">
     <span class='ocr_line' id='line_1_61' title="bbox 276 4388 1925 4459; baseline -0.002 -11"><span class='ocrx_word' id='word_1_401' title='bbox 276 4410 409 4459; x_wconf 90' lang='lat' dir='ltr'>nus,</span> <span class='ocrx_word' id='word_1_402' title='bbox 454 4390 749 4445; x_wconf 88' lang='lat' dir='ltr'>interdum</span> <span class='ocrx_word' id='word_1_403' title='bbox 799 4403 1031 4459; x_wconf 90' lang='lat' dir='ltr'>quoque</span> <span class='ocrx_word' id='word_1_404' title='bbox 1071 4388 1155 4420; x_wconf 65' lang='lat'>‘5‘”</span> <span class='ocrx_word' id='word_1_405' title='bbox 1188 4403 1294 4441; x_wconf 90' lang='lat' dir='ltr'>nec</span> <span class='ocrx_word' id='word_1_406' title='bbox 1325 4403 1598 4458; x_wconf 89' lang='lat' dir='ltr'>pransus,</span> <span class='ocrx_word' id='word_1_407' title='bbox 1635 4393 1925 4444; x_wconf 86' lang='lat' dir='ltr'>monaste-</span> 
     </span>
    </p>
   </div>
   <div class='ocr_carea' id='block_1_62' title="bbox 276 4476 1930 4552">
    <p class='ocr_par' dir='ltr' id='par_1_62' title="bbox 276 4476 1930 4552">
     <span class='ocr_line' id='line_1_62' title="bbox 276 4476 1930 4552; baseline -0.003 -15"><span class='ocrx_word' id='word_1_408' title='bbox 276 4482 428 4537; x_wconf 90' lang='lat' dir='ltr'>rium</span> <span class='ocrx_word' id='word_1_409' title='bbox 462 4480 777 4552; x_wconf 88' lang='lat' dir='ltr'>repetebat.</span> <span class='ocrx_word' id='word_1_410' title='bbox 812 4478 870 4533; x_wconf 89' lang='lat' dir='ltr'>Si</span> <span class='ocrx_word' id='word_1_411' title='bbox 905 4476 1141 4548; x_wconf 80' lang='lat' dir='ltr'>quando</span> <span class='ocrx_word' id='word_1_412' title='bbox 1200 4476 1341 4531; x_wconf 82' lang='lat' dir='ltr'>t&#39;oris</span> <span class='ocrx_word' id='word_1_413' title='bbox 1399 4492 1635 4531; x_wconf 90' lang='lat' dir='ltr'>manere</span> <span class='ocrx_word' id='word_1_414' title='bbox 1696 4494 1786 4532; x_wconf 89' lang='lat' dir='ltr'>res</span> <span class='ocrx_word' id='word_1_415' title='bbox 1827 4481 1930 4533; x_wconf 88' lang='lat' dir='ltr'>aut</span> 
     </span>
    </p>
   </div>
   <div class='ocr_carea' id='block_1_63' title="bbox 276 4564 1926 4643">
    <p class='ocr_par' dir='ltr' id='par_1_63' title="bbox 276 4564 1926 4643">
     <span class='ocr_line' id='line_1_63' title="bbox 276 4564 1926 4643; baseline -0.004 -16"><span class='ocrx_word' id='word_1_416' title='bbox 276 4576 510 4643; x_wconf 88' lang='lat' dir='ltr'>tempus</span> <span class='ocrx_word' id='word_1_417' title='bbox 540 4568 815 4639; x_wconf 79' lang='lat' dir='ltr'>exigeret,</span> <span class='ocrx_word' id='word_1_418' title='bbox 839 4566 899 4621; x_wconf 90' lang='lat' dir='ltr'>in</span> <span class='ocrx_word' id='word_1_419' title='bbox 930 4569 1218 4637; x_wconf 89' lang='lat' dir='ltr'>quantum</span> <span class='ocrx_word' id='word_1_420' title='bbox 1241 4569 1467 4635; x_wconf 88' lang='lat' dir='ltr'>poterat</span> <span class='ocrx_word' id='word_1_421' title='bbox 1487 4565 1613 4636; x_wconf 80' lang='lat' dir='ltr'>cybi</span> <span class='ocrx_word' id='word_1_422' title='bbox 1644 4564 1729 4621; x_wconf 88' lang='lat' dir='ltr'>vel</span> <span class='ocrx_word' id='word_1_423' title='bbox 1753 4572 1926 4637; x_wconf 89' lang='lat' dir='ltr'>potus</span> 
     </span>
    </p>
   </div>
   <div class='ocr_carea' id='block_1_64' title="bbox 2056 2000 3708 2073">
    <p class='ocr_par' dir='ltr' id='par_1_64' title="bbox 2056 2000 3708 2073">
     <span class='ocr_line' id='line_1_64' title="bbox 2056 2000 3708 2073; baseline 0 -17"><span class='ocrx_word' id='word_1_424' title='bbox 2056 2008 2113 2056; x_wconf 92' lang='lat' dir='ltr'>et</span> <span class='ocrx_word' id='word_1_425' title='bbox 2146 2018 2343 2056; x_wconf 87' lang='lat' dir='ltr'>revera</span> <span class='ocrx_word' id='word_1_426' title='bbox 2374 2000 2472 2072; x_wconf 90' lang='lat' dir='ltr'>qui</span> <span class='ocrx_word' id='word_1_427' title='bbox 2508 2003 2737 2073; x_wconf 89' lang='lat' dir='ltr'>parcior</span> <span class='ocrx_word' id='word_1_428' title='bbox 2761 2002 2846 2036; x_wconf 79' lang='grc'>¹⁶⁰⁸</span> <span class='ocrx_word' id='word_1_429' title='bbox 2881 2002 3021 2057; x_wconf 86' lang='lat' dir='ltr'>foris</span> <span class='ocrx_word' id='word_1_430' title='bbox 3051 2004 3225 2066; x_wconf 89' lang='lat' dir='ltr'>esset,</span> <span class='ocrx_word' id='word_1_431' title='bbox 3249 2000 3572 2057; x_wconf 89' lang='lat' dir='ltr'>dummodo</span> <span class='ocrx_word' id='word_1_432' title='bbox 3592 2016 3708 2056; x_wconf 84' lang='lat' dir='ltr'>mo-</span> 
     </span>
    </p>
   </div>
   <div class='ocr_carea' id='block_1_65' title="bbox 2053 2088 3706 2161">
    <p class='ocr_par' dir='ltr' id='par_1_65' title="bbox 2053 2088 3706 2161">
     <span class='ocr_line' id='line_1_65' title="bbox 2053 2088 3706 2161; baseline 0.001 -16"><span class='ocrx_word' id='word_1_433' title='bbox 2053 2090 2306 2145; x_wconf 88' lang='lat' dir='ltr'>nasterio</span> <span class='ocrx_word' id='word_1_434' title='bbox 2341 2096 2552 2156; x_wconf 88' lang='lat' dir='ltr'>totum,</span> <span class='ocrx_word' id='word_1_435' title='bbox 2577 2096 2641 2145; x_wconf 92' lang='lat' dir='ltr'>ut</span> <span class='ocrx_word' id='word_1_436' title='bbox 2663 2108 2811 2161; x_wconf 88' lang='lat' dir='ltr'>opus</span> <span class='ocrx_word' id='word_1_437' title='bbox 2835 2108 2963 2145; x_wconf 91' lang='lat' dir='ltr'>esse</span> <span class='ocrx_word' id='word_1_438' title='bbox 2994 2090 3324 2156; x_wconf 88' lang='lat' dir='ltr'>cernebam,</span> <span class='ocrx_word' id='word_1_439' title='bbox 3357 2088 3706 2155; x_wconf 78' lang='lat' dir='ltr'>convehere-</span> 
     </span>
    </p>
   </div>
   <div class='ocr_carea' id='block_1_66' title="bbox 2052 2177 3705 2251">
    <p class='ocr_par' dir='ltr' id='par_1_66' title="bbox 2052 2177 3705 2251">
     <span class='ocr_line' id='line_1_66' title="bbox 2052 2177 3705 2251; baseline 0.001 -19"><span class='ocrx_word' id='word_1_440' title='bbox 2052 2184 2165 2233; x_wconf 91' lang='lat' dir='ltr'>tur.</span> <span class='ocrx_word' id='word_1_441' title='bbox 2192 2179 2302 2233; x_wconf 89' lang='lat' dir='ltr'>Sed</span> <span class='ocrx_word' id='word_1_442' title='bbox 2335 2196 2681 2250; x_wconf 90' lang='lat' dir='ltr'>numquam,</span> <span class='ocrx_word' id='word_1_443' title='bbox 2717 2179 2948 2249; x_wconf 88' lang='lat' dir='ltr'>inquid,</span> <span class='ocrx_word' id='word_1_444' title='bbox 2980 2177 3141 2251; x_wconf 89' lang='lat' dir='ltr'>potui</span> <span class='ocrx_word' id='word_1_445' title='bbox 3177 2181 3397 2232; x_wconf 86' lang='lat' dir='ltr'>tantam</span> <span class='ocrx_word' id='word_1_446' title='bbox 3429 2177 3705 2234; x_wconf 85' lang='lat' dir='ltr'>adhibere</span> 
     </span>
    </p>
   </div>
   <div class='ocr_carea' id='block_1_67' title="bbox 2049 2265 3706 2338">
    <p class='ocr_par' dir='ltr' id='par_1_67' title="bbox 2049 2265 3706 2338">
     <span class='ocr_line' id='line_1_67' title="bbox 2049 2265 3706 2338; baseline 0.001 -16"><span class='ocrx_word' id='word_1_447' title='bbox 2049 2266 2434 2337; x_wconf 78' lang='lat' dir='ltr'>diligentiam,</span> <span class='ocrx_word' id='word_1_448' title='bbox 2471 2273 2534 2322; x_wconf 92' lang='lat' dir='ltr'>ut</span> <span class='ocrx_word' id='word_1_449' title='bbox 2564 2268 2843 2338; x_wconf 89' lang='lat' dir='ltr'>quociens</span> <span class='ocrx_word' id='word_1_450' title='bbox 2874 2284 3009 2321; x_wconf 89' lang='lat' dir='ltr'>cum</span> <span class='ocrx_word' id='word_1_451' title='bbox 3042 2267 3126 2322; x_wconf 90' lang='lat' dir='ltr'>eis</span> <span class='ocrx_word' id='word_1_452' title='bbox 3156 2265 3403 2335; x_wconf 87' lang='lat' dir='ltr'>comedi,</span> <span class='ocrx_word' id='word_1_453' title='bbox 3438 2282 3558 2322; x_wconf 88' lang='lat' dir='ltr'>non</span> <span class='ocrx_word' id='word_1_454' title='bbox 3589 2266 3706 2323; x_wconf 80' lang='lat' dir='ltr'>fere</span> 
     </span>
    </p>
   </div>
   <div class='ocr_carea' id='block_1_68' title="bbox 2050 2353 3702 2427">
    <p class='ocr_par' dir='ltr' id='par_1_68' title="bbox 2050 2353 3702 2427">
     <span class='ocr_line' id='line_1_68' title="bbox 2050 2353 3702 2427; baseline 0.001 -16"><span class='ocrx_word' id='word_1_455' title='bbox 2050 2361 2211 2411; x_wconf 87' lang='lat' dir='ltr'>tanta</span> <span class='ocrx_word' id='word_1_456' title='bbox 2241 2357 2874 2427; x_wconf 85' lang='lat' dir='ltr'>expenderem,quanta</span> <span class='ocrx_word' id='word_1_457' title='bbox 2907 2355 3187 2411; x_wconf 89' lang='lat' dir='ltr'>fratribus</span> <span class='ocrx_word' id='word_1_458' title='bbox 3218 2353 3402 2411; x_wconf 88' lang='lat' dir='ltr'>diario</span> <span class='ocrx_word' id='word_1_459' title='bbox 3426 2359 3702 2413; x_wconf 73' lang='lat' dir='ltr'>consueto</span> 
     </span>
    </p>
   </div>
   <div class='ocr_carea' id='block_1_69' title="bbox 2048 2443 3707 2517">
    <p class='ocr_par' dir='ltr' id='par_1_69' title="bbox 2048 2443 3707 2517">
     <span class='ocr_line' id='line_1_69' title="bbox 2048 2443 3707 2517; baseline 0.001 -17"><span class='ocrx_word' id='word_1_460' title='bbox 2048 2446 2559 2501; x_wconf 86' lang='lat' dir='ltr'>sutticercnt.Cum</span> <span class='ocrx_word' id='word_1_461' title='bbox 2591 2445 2748 2501; x_wconf 90' lang='lat' dir='ltr'>enim</span> <span class='ocrx_word' id='word_1_462' title='bbox 2782 2445 3049 2516; x_wconf 89' lang='lat' dir='ltr'>quilibet,</span> <span class='ocrx_word' id='word_1_463' title='bbox 3084 2444 3314 2516; x_wconf 88' lang='lat' dir='ltr'>inquid,</span> <span class='ocrx_word' id='word_1_464' title='bbox 3345 2444 3571 2499; x_wconf 87' lang='lat' dir='ltr'>viantes</span> <span class='ocrx_word' id='word_1_465' title='bbox 3594 2443 3707 2517; x_wconf 80' lang='lat' dir='ltr'>pri-</span> 
     </span>
    </p>
   </div>
   <div class='ocr_carea' id='block_1_70' title="bbox 2047 2532 3705 2605">
    <p class='ocr_par' dir='ltr' id='par_1_70' title="bbox 2047 2532 3705 2605">
     <span class='ocr_line' id='line_1_70' title="bbox 2047 2532 3705 2605; baseline 0.002 -18"><span class='ocrx_word' id='word_1_466' title='bbox 2047 2538 2315 2588; x_wconf 89' lang='lat' dir='ltr'>vatorum</span> <span class='ocrx_word' id='word_1_467' title='bbox 2340 2551 2441 2588; x_wconf 88' lang='lat' dir='ltr'>seu</span> <span class='ocrx_word' id='word_1_468' title='bbox 2466 2536 2779 2603; x_wconf 85' lang='lat' dir='ltr'>majorum,</span> <span class='ocrx_word' id='word_1_469' title='bbox 2808 2534 2973 2605; x_wconf 89' lang='lat' dir='ltr'>siqui</span> <span class='ocrx_word' id='word_1_470' title='bbox 3008 2533 3065 2587; x_wconf 89' lang='lat' dir='ltr'>in</span> <span class='ocrx_word' id='word_1_471' title='bbox 3101 2533 3201 2587; x_wconf 90' lang='lat' dir='ltr'>illa</span> <span class='ocrx_word' id='word_1_472' title='bbox 3229 2532 3314 2587; x_wconf 85' lang='lat' dir='ltr'>vel</span> <span class='ocrx_word' id='word_1_473' title='bbox 3350 2532 3450 2589; x_wconf 85' lang='lat' dir='ltr'>illa</span> <span class='ocrx_word' id='word_1_474' title='bbox 3474 2549 3705 2604; x_wconf 79' lang='lat' dir='ltr'>posses-</span> 
     </span>
    </p>
   </div>
   <div class='ocr_carea' id='block_1_71' title="bbox 2048 2621 3703 2693">
    <p class='ocr_par' dir='ltr' id='par_1_71' title="bbox 2048 2621 3703 2693">
     <span class='ocr_line' id='line_1_71' title="bbox 2048 2621 3703 2693; baseline 0 -17"><span class='ocrx_word' id='word_1_475' title='bbox 2048 2623 2233 2687; x_wconf 84' lang='lat' dir='ltr'>sione,</span> <span class='ocrx_word' id='word_1_476' title='bbox 2265 2640 2392 2693; x_wconf 69' lang='lat' dir='ltr'>quae</span> <span class='ocrx_word' id='word_1_477' title='bbox 2427 2628 2581 2678; x_wconf 87' lang='lat' dir='ltr'>esset</span> <span class='ocrx_word' id='word_1_478' title='bbox 2604 2623 2966 2689; x_wconf 88' lang='lat' dir='ltr'>monasterii,</span> <span class='ocrx_word' id='word_1_479' title='bbox 3003 2640 3071 2678; x_wconf 85' lang='lat' dir='ltr'>ex</span> <span class='ocrx_word' id='word_1_480' title='bbox 3100 2621 3407 2678; x_wconf 87' lang='lat' dir='ltr'>monachis</span> <span class='ocrx_word' id='word_1_481' title='bbox 3448 2622 3703 2690; x_wconf 81' lang='lat' dir='ltr'>adesset,</span> 
     </span>
    </p>
   </div>
   <div class='ocr_carea' id='block_1_72' title="bbox 2047 2711 3707 2784">
    <p class='ocr_par' dir='ltr' id='par_1_72' title="bbox 2047 2711 3707 2784">
     <span class='ocr_line' id='line_1_72' title="bbox 2047 2711 3707 2784; baseline 0.001 -19"><span class='ocrx_word' id='word_1_482' title='bbox 2047 2711 2467 2783; x_wconf 88' lang='lat' dir='ltr'>perquirerent,</span> <span class='ocrx_word' id='word_1_483' title='bbox 2506 2718 2567 2767; x_wconf 87' lang='lat' dir='ltr'>ut</span> <span class='ocrx_word' id='word_1_484' title='bbox 2601 2715 2748 2767; x_wconf 83' lang='lat' dir='ltr'>forte</span> <span class='ocrx_word' id='word_1_485' title='bbox 2777 2729 2870 2767; x_wconf 90' lang='lat' dir='ltr'>me</span> <span class='ocrx_word' id='word_1_486' title='bbox 2913 2713 2991 2768; x_wconf 89' lang='lat' dir='ltr'>ibi</span> <span class='ocrx_word' id='word_1_487' title='bbox 3052 2714 3476 2783; x_wconf 83' lang='lat' dir='ltr'>compererant,</span> <span class='ocrx_word' id='word_1_488' title='bbox 3509 2711 3707 2784; x_wconf 82' lang='lat' dir='ltr'>specie</span> 
     </span>
    </p>
   </div>
   <div class='ocr_carea' id='block_1_73' title="bbox 2047 2799 3708 2871">
    <p class='ocr_par' dir='ltr' id='par_1_73' title="bbox 2047 2799 3708 2871">
     <span class='ocr_line' id='line_1_73' title="bbox 2047 2799 3708 2871; baseline 0.001 -16"><span class='ocrx_word' id='word_1_489' title='bbox 2047 2800 2339 2855; x_wconf 89' lang='lat' dir='ltr'>salutandi</span> <span class='ocrx_word' id='word_1_490' title='bbox 2375 2801 2744 2867; x_wconf 85' lang='lat' dir='ltr'>divertentes,</span> <span class='ocrx_word' id='word_1_491' title='bbox 2780 2819 2895 2856; x_wconf 90' lang='lat' dir='ltr'>non</span> <span class='ocrx_word' id='word_1_492' title='bbox 2930 2816 3185 2871; x_wconf 80' lang='lat' dir='ltr'>congrue</span> <span class='ocrx_word' id='word_1_493' title='bbox 3215 2799 3465 2871; x_wconf 89' lang='lat' dir='ltr'>inrogati</span> <span class='ocrx_word' id='word_1_494' title='bbox 3495 2815 3708 2856; x_wconf 81' lang='lat' dir='ltr'>mensa</span> 
     </span>
    </p>
   </div>
   <div class='ocr_carea' id='block_1_74' title="bbox 2046 2888 3706 2960">
    <p class='ocr_par' dir='ltr' id='par_1_74' title="bbox 2046 2888 3706 2960">
     <span class='ocr_line' id='line_1_74' title="bbox 2046 2888 3706 2960; baseline -0.002 -15"><span class='ocrx_word' id='word_1_495' title='bbox 2046 2893 2314 2960; x_wconf 81' lang='lat' dir='ltr'>poterant</span> <span class='ocrx_word' id='word_1_496' title='bbox 2344 2889 2697 2959; x_wconf 85' lang='lat' dir='ltr'>ablegari.Et</span> <span class='ocrx_word' id='word_1_497' title='bbox 2718 2890 2803 2945; x_wconf 91' lang='lat' dir='ltr'>sic</span> <span class='ocrx_word' id='word_1_498' title='bbox 2827 2889 3029 2960; x_wconf 88' lang='lat' dir='ltr'>utique</span> <span class='ocrx_word' id='word_1_499' title='bbox 3062 2906 3174 2944; x_wconf 91' lang='lat' dir='ltr'>non</span> <span class='ocrx_word' id='word_1_500' title='bbox 3210 2893 3474 2959; x_wconf 86' lang='lat' dir='ltr'>poteram</span> <span class='ocrx_word' id='word_1_501' title='bbox 3501 2888 3706 2943; x_wconf 85' lang='lat' dir='ltr'>obser-</span> 
     </span>
    </p>
   </div>
   <div class='ocr_carea' id='block_1_75' title="bbox 2044 2976 3710 3047">
    <p class='ocr_par' dir='ltr' id='par_1_75' title="bbox 2044 2976 3710 3047">
     <span class='ocr_line' id='line_1_75' title="bbox 2044 2976 3710 3047; baseline 0.001 -17"><span class='ocrx_word' id='word_1_502' title='bbox 2044 2994 2195 3041; x_wconf 89' lang='lat' dir='ltr'>vare,</span> <span class='ocrx_word' id='word_1_503' title='bbox 2232 2981 2295 3031; x_wconf 91' lang='lat' dir='ltr'>ut</span> <span class='ocrx_word' id='word_1_504' title='bbox 2323 2994 2553 3047; x_wconf 89' lang='lat' dir='ltr'>queque</span> <span class='ocrx_word' id='word_1_505' title='bbox 2610 2978 2861 3032; x_wconf 87' lang='lat' dir='ltr'>fratrum</span> <span class='ocrx_word' id='word_1_506' title='bbox 2922 2977 3063 3032; x_wconf 88' lang='lat' dir='ltr'>foris</span> <span class='ocrx_word' id='word_1_507' title='bbox 3123 2982 3307 3043; x_wconf 85' lang='lat' dir='ltr'>erant,</span> <span class='ocrx_word' id='word_1_508' title='bbox 3336 2976 3426 3032; x_wconf 89' lang='lat' dir='ltr'>vel</span> <span class='ocrx_word' id='word_1_509' title='bbox 3458 2978 3710 3047; x_wconf 64' lang='lat' dir='ltr'>quaeque</span> 
     </span>
    </p>
   </div>
   <div class='ocr_carea' id='block_1_76' title="bbox 2042 3064 3708 3137">
    <p class='ocr_par' dir='ltr' id='par_1_76' title="bbox 2042 3064 3708 3137">
     <span class='ocr_line' id='line_1_76' title="bbox 2042 3064 3708 3137; baseline 0.001 -19"><span class='ocrx_word' id='word_1_510' title='bbox 2042 3081 2279 3136; x_wconf 91' lang='lat' dir='ltr'>quoquo</span> <span class='ocrx_word' id='word_1_511' title='bbox 2312 3064 2545 3136; x_wconf 90' lang='lat' dir='ltr'>ingenio</span> <span class='ocrx_word' id='word_1_512' title='bbox 2578 3064 3058 3136; x_wconf 87' lang='lat' dir='ltr'>adquirebantur,</span> <span class='ocrx_word' id='word_1_513' title='bbox 3096 3066 3340 3137; x_wconf 87' lang='lat' dir='ltr'>integre,</span> <span class='ocrx_word' id='word_1_514' title='bbox 3367 3070 3431 3121; x_wconf 89' lang='lat' dir='ltr'>ut</span> <span class='ocrx_word' id='word_1_515' title='bbox 3461 3066 3708 3121; x_wconf 86' lang='lat' dir='ltr'>animus</span> 
     </span>
    </p>
   </div>
   <div class='ocr_carea' id='block_1_77' title="bbox 2041 3153 3086 3221">
    <p class='ocr_par' dir='ltr' id='par_1_77' title="bbox 2041 3153 3086 3221">
     <span class='ocr_line' id='line_1_77' title="bbox 2041 3153 3086 3221; baseline 0 -13"><span class='ocrx_word' id='word_1_516' title='bbox 2041 3158 2183 3221; x_wconf 88' lang='lat' dir='ltr'>erat,</span> <span class='ocrx_word' id='word_1_517' title='bbox 2220 3154 2575 3209; x_wconf 85' lang='lat' dir='ltr'>monasterio</span> <span class='ocrx_word' id='word_1_518' title='bbox 2605 3153 2961 3209; x_wconf 87' lang='lat' dir='ltr'>inferrentur</span> <span class='ocrx_word' id='word_1_519' title='bbox 2979 3156 3086 3208; x_wconf 60' lang='lat'>“3°”.</span> 
     </span>
    </p>
   </div>
   <div class='ocr_carea' id='block_1_78' title="bbox 2110 3240 3711 3313">
    <p class='ocr_par' dir='ltr' id='par_1_78' title="bbox 2110 3240 3711 3313">
     <span class='ocr_line' id='line_1_78' title="bbox 2110 3240 3711 3313; baseline 0.001 -17"><span class='ocrx_word' id='word_1_520' title='bbox 2110 3244 2201 3296; x_wconf 90' lang='lat'>87.</span> <span class='ocrx_word' id='word_1_521' title='bbox 2238 3242 2298 3295; x_wconf 93' lang='lat' dir='ltr'>In</span> <span class='ocrx_word' id='word_1_522' title='bbox 2336 3240 2478 3311; x_wconf 88' lang='lat' dir='ltr'>ipsis</span> <span class='ocrx_word' id='word_1_523' title='bbox 2502 3241 2768 3311; x_wconf 89' lang='lat' dir='ltr'>judiciis,</span> <span class='ocrx_word' id='word_1_524' title='bbox 2796 3242 2906 3297; x_wconf 78' lang='lat' dir='ltr'>etsi</span> <span class='ocrx_word' id='word_1_525' title='bbox 2938 3244 3010 3297; x_wconf 88' lang='lat' dir='ltr'>ab</span> <span class='ocrx_word' id='word_1_526' title='bbox 3043 3242 3340 3313; x_wconf 82' lang='lat' dir='ltr'>aliquibus</span> <span class='ocrx_word' id='word_1_527' title='bbox 3373 3247 3711 3311; x_wconf 86' lang='lat' dir='ltr'>notaretur,</span> 
     </span>
    </p>
   </div>
   <div class='ocr_carea' id='block_1_79' title="bbox 1961 3309 3717 3397">
    <p class='ocr_par' dir='ltr' id='par_1_79' title="bbox 1961 3309 3717 3397">
     <span class='ocr_line' id='line_1_79' title="bbox 1961 3309 3717 3397; baseline 0.003 -16"><span class='ocrx_word' id='word_1_528' title='bbox 1961 3309 2003 3374; x_wconf 61' lang='grc' dir='ltr'>(αἶ</span> <span class='ocrx_word' id='word_1_529' title='bbox 2042 3309 2413 3383; x_wconf 83' lang='lat' dir='ltr'>rectitudinis</span> <span class='ocrx_word' id='word_1_530' title='bbox 2443 3309 2530 3382; x_wconf 79' lang='lat' dir='ltr'>vel</span> <span class='ocrx_word' id='word_1_531' title='bbox 2545 3327 2791 3397; x_wconf 70' lang='lat' dir='ltr'>justitiaa</span> <span class='ocrx_word' id='word_1_532' title='bbox 2824 3327 3068 3383; x_wconf 90' lang='lat' dir='ltr'>limitem</span> <span class='ocrx_word' id='word_1_533' title='bbox 3102 3309 3441 3383; x_wconf 74' lang='lat' dir='ltr'>nullatenus</span> <span class='ocrx_word' id='word_1_534' title='bbox 3464 3309 3717 3386; x_wconf 74' lang='lat' dir='ltr'>excedo-</span> 
     </span>
    </p>
   </div>
   <div class='ocr_carea' id='block_1_80' title="bbox 2040 3415 3715 3489">
    <p class='ocr_par' dir='ltr' id='par_1_80' title="bbox 2040 3415 3715 3489">
     <span class='ocr_line' id='line_1_80' title="bbox 2040 3415 3715 3489; baseline 0.004 -19"><span class='ocrx_word' id='word_1_535' title='bbox 2040 3416 2280 3472; x_wconf 91' lang='lat' dir='ltr'>bat.Ubi</span> <span class='ocrx_word' id='word_1_536' title='bbox 2305 3415 2581 3487; x_wconf 89' lang='lat' dir='ltr'>superbia</span> <span class='ocrx_word' id='word_1_537' title='bbox 2608 3416 2694 3471; x_wconf 87' lang='lat' dir='ltr'>vel</span> <span class='ocrx_word' id='word_1_538' title='bbox 2727 3416 3097 3471; x_wconf 88' lang='lat' dir='ltr'>contumacia</span> <span class='ocrx_word' id='word_1_539' title='bbox 3126 3416 3415 3487; x_wconf 89' lang='lat' dir='ltr'>quosdam</span> <span class='ocrx_word' id='word_1_540' title='bbox 3450 3418 3715 3489; x_wconf 86' lang='lat' dir='ltr'>supinos</span> 
     </span>
    </p>
   </div>
   <div class='ocr_carea' id='block_1_81' title="bbox 2038 3504 3713 3576">
    <p class='ocr_par' dir='ltr' id='par_1_81' title="bbox 2038 3504 3713 3576">
     <span class='ocr_line' id='line_1_81' title="bbox 2038 3504 3713 3576; baseline 0.004 -19"><span class='ocrx_word' id='word_1_541' title='bbox 2038 3504 2125 3559; x_wconf 89' lang='lat' dir='ltr'>vel</span> <span class='ocrx_word' id='word_1_542' title='bbox 2157 3506 2416 3560; x_wconf 72' lang='lat' dir='ltr'>etfraenes</span> <span class='ocrx_word' id='word_1_543' title='bbox 2448 3504 2800 3571; x_wconf 89' lang='lat' dir='ltr'>reddiderat,</span> <span class='ocrx_word' id='word_1_544' title='bbox 2835 3506 2975 3560; x_wconf 91' lang='lat' dir='ltr'>dum</span> <span class='ocrx_word' id='word_1_545' title='bbox 3027 3508 3241 3576; x_wconf 86' lang='lat' dir='ltr'>equata</span> <span class='ocrx_word' id='word_1_546' title='bbox 3291 3506 3438 3559; x_wconf 83' lang='lat' dir='ltr'>forte</span> <span class='ocrx_word' id='word_1_547' title='bbox 3490 3506 3713 3563; x_wconf 77' lang='lat' dir='ltr'>ceteris</span> 
     </span>
    </p>
   </div>
   <div class='ocr_carea' id='block_1_82' title="bbox 2039 3593 3715 3666">
    <p class='ocr_par' dir='ltr' id='par_1_82' title="bbox 2039 3593 3715 3666">
     <span class='ocr_line' id='line_1_82' title="bbox 2039 3593 3715 3666; baseline 0 -16"><span class='ocrx_word' id='word_1_548' title='bbox 2039 3593 2188 3650; x_wconf 90' lang='lat' dir='ltr'>colla</span> <span class='ocrx_word' id='word_1_549' title='bbox 2217 3593 2582 3666; x_wconf 80' lang='lat' dir='ltr'>refringeret,</span> <span class='ocrx_word' id='word_1_550' title='bbox 2616 3594 2794 3649; x_wconf 88' lang='lat' dir='ltr'>etiam</span> <span class='ocrx_word' id='word_1_551' title='bbox 2829 3594 2878 3649; x_wconf 91' lang='lat' dir='ltr'>si</span> <span class='ocrx_word' id='word_1_552' title='bbox 2920 3594 3315 3666; x_wconf 90' lang='lat' dir='ltr'>potentiorum</span> <span class='ocrx_word' id='word_1_553' title='bbox 3374 3596 3715 3666; x_wconf 86' lang='lat' dir='ltr'>patrocinia</span> 
     </span>
    </p>
   </div>
   <div class='ocr_carea' id='block_1_83' title="bbox 2040 3680 3709 3754">
    <p class='ocr_par' dir='ltr' id='par_1_83' title="bbox 2040 3680 3709 3754">
     <span class='ocr_line' id='line_1_83' title="bbox 2040 3680 3709 3754; baseline 0.003 -18"><span class='ocrx_word' id='word_1_554' title='bbox 2040 3683 2153 3738; x_wconf 90' lang='lat' dir='ltr'>sibi</span> <span class='ocrx_word' id='word_1_555' title='bbox 2186 3698 2389 3753; x_wconf 88' lang='lat' dir='ltr'>parare</span> <span class='ocrx_word' id='word_1_556' title='bbox 2418 3683 3032 3750; x_wconf 89' lang='lat' dir='ltr'>contenderent,nullo</span> <span class='ocrx_word' id='word_1_557' title='bbox 3058 3686 3283 3754; x_wconf 87' lang='lat' dir='ltr'>poterat</span> <span class='ocrx_word' id='word_1_558' title='bbox 3300 3680 3599 3737; x_wconf 88' lang='lat' dir='ltr'>inclinari.</span> <span class='ocrx_word' id='word_1_559' title='bbox 3619 3686 3709 3741; x_wconf 87' lang='lat' dir='ltr'>Ad</span> 
     </span>
    </p>
   </div>
   <div class='ocr_carea' id='block_1_84' title="bbox 2040 3770 3713 3844">
    <p class='ocr_par' dir='ltr' id='par_1_84' title="bbox 2040 3770 3713 3844">
     <span class='ocr_line' id='line_1_84' title="bbox 2040 3770 3713 3844; baseline 0.001 -18"><span class='ocrx_word' id='word_1_560' title='bbox 2040 3772 2098 3826; x_wconf 92' lang='lat' dir='ltr'>id</span> <span class='ocrx_word' id='word_1_561' title='bbox 2132 3771 2371 3826; x_wconf 91' lang='lat' dir='ltr'>demum</span> <span class='ocrx_word' id='word_1_562' title='bbox 2402 3775 2525 3827; x_wconf 89' lang='lat' dir='ltr'>tota</span> <span class='ocrx_word' id='word_1_563' title='bbox 2548 3771 2668 3825; x_wconf 87' lang='lat' dir='ltr'>sibi</span> <span class='ocrx_word' id='word_1_564' title='bbox 2697 3773 3004 3844; x_wconf 87' lang='lat' dir='ltr'>spectabat</span> <span class='ocrx_word' id='word_1_565' title='bbox 3032 3770 3592 3843; x_wconf 78' lang='lat' dir='ltr'>intentio,quicquid</span> <span class='ocrx_word' id='word_1_566' title='bbox 3612 3773 3713 3843; x_wconf 85' lang='lat' dir='ltr'>ju-</span> 
     </span>
    </p>
   </div>
   <div class='ocr_carea' id='block_1_85' title="bbox 2040 3858 3710 3930">
    <p class='ocr_par' dir='ltr' id='par_1_85' title="bbox 2040 3858 3710 3930">
     <span class='ocr_line' id='line_1_85' title="bbox 2040 3858 3710 3930; baseline 0.001 -15"><span class='ocrx_word' id='word_1_567' title='bbox 2040 3859 2201 3916; x_wconf 87' lang='lat' dir='ltr'>stitia</span> <span class='ocrx_word' id='word_1_568' title='bbox 2221 3858 2576 3930; x_wconf 89' lang='lat' dir='ltr'>adquireret,</span> <span class='ocrx_word' id='word_1_569' title='bbox 2599 3863 2789 3915; x_wconf 90' lang='lat' dir='ltr'>totum</span> <span class='ocrx_word' id='word_1_570' title='bbox 2809 3860 3058 3915; x_wconf 84' lang='lat' dir='ltr'>ﬁdeliter</span> <span class='ocrx_word' id='word_1_571' title='bbox 3079 3859 3433 3915; x_wconf 90' lang='lat' dir='ltr'>monasterio</span> <span class='ocrx_word' id='word_1_572' title='bbox 3452 3859 3710 3929; x_wconf 87' lang='lat' dir='ltr'>inferre;</span> 
     </span>
    </p>
   </div>
   <div class='ocr_carea' id='block_1_86' title="bbox 2040 3938 3711 4019">
    <p class='ocr_par' dir='ltr' id='par_1_86' title="bbox 2040 3938 3711 4019">
     <span class='ocr_line' id='line_1_86' title="bbox 2040 3938 3711 4019; baseline 0 -15"><span class='ocrx_word' id='word_1_573' title='bbox 2040 3952 2097 4004; x_wconf 90' lang='lat' dir='ltr'>et</span> <span class='ocrx_word' id='word_1_574' title='bbox 2128 3946 2272 4002; x_wconf 90' lang='lat' dir='ltr'>illud</span> <span class='ocrx_word' id='word_1_575' title='bbox 2303 3938 2522 4019; x_wconf 86' lang='lat' dir='ltr'>optime</span> <span class='ocrx_word' id='word_1_576' title='bbox 2553 3947 2809 4014; x_wconf 86' lang='lat' dir='ltr'>cavit,ne</span> <span class='ocrx_word' id='word_1_577' title='bbox 2841 3947 3114 4005; x_wconf 87' lang='lat' dir='ltr'>sacculus</span> <span class='ocrx_word' id='word_1_578' title='bbox 3145 3948 3484 4004; x_wconf 88' lang='lat' dir='ltr'>monasterii</span> <span class='ocrx_word' id='word_1_579' title='bbox 3512 3947 3711 4019; x_wconf 87' lang='lat' dir='ltr'>quali-</span> 
     </span>
    </p>
   </div>
   <div class='ocr_carea' id='block_1_87' title="bbox 2040 4032 3713 4105">
    <p class='ocr_par' dir='ltr' id='par_1_87' title="bbox 2040 4032 3713 4105">
     <span class='ocr_line' id='line_1_87' title="bbox 2040 4032 3713 4105; baseline 0 -16"><span class='ocrx_word' id='word_1_580' title='bbox 2040 4035 2138 4089; x_wconf 89' lang='lat' dir='ltr'>bet</span> <span class='ocrx_word' id='word_1_581' title='bbox 2169 4050 2451 4105; x_wconf 91' lang='lat' dir='ltr'>umquam</span> <span class='ocrx_word' id='word_1_582' title='bbox 2483 4034 2599 4089; x_wconf 91' lang='lat' dir='ltr'>doli</span> <span class='ocrx_word' id='word_1_583' title='bbox 2631 4035 2715 4090; x_wconf 90' lang='lat' dir='ltr'>vel</span> <span class='ocrx_word' id='word_1_584' title='bbox 2750 4035 3099 4090; x_wconf 89' lang='lat' dir='ltr'>miserorum</span> <span class='ocrx_word' id='word_1_585' title='bbox 3131 4034 3335 4090; x_wconf 90' lang='lat' dir='ltr'>fraude</span> <span class='ocrx_word' id='word_1_586' title='bbox 3354 4033 3439 4090; x_wconf 91' lang='lat' dir='ltr'>vel</span> <span class='ocrx_word' id='word_1_587' title='bbox 3460 4032 3713 4089; x_wconf 87' lang='lat' dir='ltr'>calami-</span> 
     </span>
    </p>
   </div>
   <div class='ocr_carea' id='block_1_88' title="bbox 2039 4121 3711 4194">
    <p class='ocr_par' dir='ltr' id='par_1_88' title="bbox 2039 4121 3711 4194">
     <span class='ocr_line' id='line_1_88' title="bbox 2039 4121 3711 4194; baseline 0.002 -18"><span class='ocrx_word' id='word_1_588' title='bbox 2039 4127 2157 4177; x_wconf 87' lang='lat' dir='ltr'>tate</span> <span class='ocrx_word' id='word_1_589' title='bbox 2177 4122 2702 4178; x_wconf 86' lang='lat' dir='ltr'>contaminaretur.</span> <span class='ocrx_word' id='word_1_590' title='bbox 2735 4122 3128 4178; x_wconf 66' lang='lat' dir='ltr'>IEstimaverit</span> <span class='ocrx_word' id='word_1_591' title='bbox 3149 4121 3403 4194; x_wconf 89' lang='lat' dir='ltr'>quisque</span> <span class='ocrx_word' id='word_1_592' title='bbox 3427 4123 3589 4193; x_wconf 86' lang='lat' dir='ltr'>quod</span> <span class='ocrx_word' id='word_1_593' title='bbox 3613 4138 3711 4179; x_wconf 86' lang='lat' dir='ltr'>ve-</span> 
     </span>
    </p>
   </div>
   <div class='ocr_carea' id='block_1_89' title="bbox 2039 4210 3711 4287">
    <p class='ocr_par' dir='ltr' id='par_1_89' title="bbox 2039 4210 3711 4287">
     <span class='ocr_line' id='line_1_89' title="bbox 2039 4210 3711 4287; baseline 0.001 -21"><span class='ocrx_word' id='word_1_594' title='bbox 2039 4211 2123 4279; x_wconf 89' lang='lat' dir='ltr'>lit,</span> <span class='ocrx_word' id='word_1_595' title='bbox 2157 4229 2263 4283; x_wconf 87' lang='lat' dir='ltr'>ego</span> <span class='ocrx_word' id='word_1_596' title='bbox 2296 4217 2455 4267; x_wconf 88' lang='lat' dir='ltr'>certa</span> <span class='ocrx_word' id='word_1_597' title='bbox 2484 4212 2598 4287; x_wconf 79' lang='lat' dir='ltr'>fide</span> <span class='ocrx_word' id='word_1_598' title='bbox 2648 4211 2829 4267; x_wconf 87' lang='lat' dir='ltr'>libere</span> <span class='ocrx_word' id='word_1_599' title='bbox 2880 4212 3406 4284; x_wconf 89' lang='lat' dir='ltr'>pronuntiaverim,</span> <span class='ocrx_word' id='word_1_600' title='bbox 3439 4210 3613 4265; x_wconf 87' lang='lat' dir='ltr'>illum</span> <span class='ocrx_word' id='word_1_601' title='bbox 3650 4216 3711 4267; x_wconf 89' lang='lat' dir='ltr'>et</span> 
     </span>
    </p>
   </div>
   <div class='ocr_carea' id='block_1_90' title="bbox 2039 4299 3706 4372">
    <p class='ocr_par' dir='ltr' id='par_1_90' title="bbox 2039 4299 3706 4372">
     <span class='ocr_line' id='line_1_90' title="bbox 2039 4299 3706 4372; baseline 0 -16"><span class='ocrx_word' id='word_1_602' title='bbox 2039 4317 2271 4372; x_wconf 88' lang='lat' dir='ltr'>semper</span> <span class='ocrx_word' id='word_1_603' title='bbox 2317 4300 2512 4356; x_wconf 91' lang='lat' dir='ltr'>odisse</span> <span class='ocrx_word' id='word_1_604' title='bbox 2563 4300 2934 4371; x_wconf 86' lang='lat' dir='ltr'>iniquitatem</span> <span class='ocrx_word' id='word_1_605' title='bbox 2983 4304 3041 4355; x_wconf 90' lang='lat' dir='ltr'>et</span> <span class='ocrx_word' id='word_1_606' title='bbox 3085 4300 3328 4367; x_wconf 88' lang='lat' dir='ltr'>cavisse,</span> <span class='ocrx_word' id='word_1_607' title='bbox 3360 4304 3417 4355; x_wconf 89' lang='lat' dir='ltr'>et</span> <span class='ocrx_word' id='word_1_608' title='bbox 3446 4299 3706 4356; x_wconf 84' lang='lat' dir='ltr'>Domino</span> 
     </span>
    </p>
   </div>
   <div class='ocr_carea' id='block_1_91' title="bbox 2036 4388 3707 4461">
    <p class='ocr_par' dir='ltr' id='par_1_91' title="bbox 2036 4388 3707 4461">
     <span class='ocr_line' id='line_1_91' title="bbox 2036 4388 3707 4461; baseline -0.001 -18"><span class='ocrx_word' id='word_1_609' title='bbox 2036 4404 2277 4461; x_wconf 84' lang='lat' dir='ltr'>gressus</span> <span class='ocrx_word' id='word_1_610' title='bbox 2295 4390 2423 4460; x_wconf 89' lang='lat' dir='ltr'>ejus</span> <span class='ocrx_word' id='word_1_611' title='bbox 2445 4389 2770 4444; x_wconf 90' lang='lat' dir='ltr'>secundum</span> <span class='ocrx_word' id='word_1_612' title='bbox 2788 4388 3088 4461; x_wconf 90' lang='lat' dir='ltr'>eloquium</span> <span class='ocrx_word' id='word_1_613' title='bbox 3111 4388 3539 4461; x_wconf 87' lang='lat' dir='ltr'>dirigente,non</span> <span class='ocrx_word' id='word_1_614' title='bbox 3564 4404 3707 4442; x_wconf 87' lang='lat' dir='ltr'>eam</span> 
     </span>
    </p>
   </div>
   <div class='ocr_carea' id='block_1_92' title="bbox 2036 4474 3703 4549">
    <p class='ocr_par' dir='ltr' id='par_1_92' title="bbox 2036 4474 3703 4549">
     <span class='ocr_line' id='line_1_92' title="bbox 2036 4474 3703 4549; baseline -0.002 -16"><span class='ocrx_word' id='word_1_615' title='bbox 2036 4477 2120 4533; x_wconf 90' lang='lat' dir='ltr'>illi</span> <span class='ocrx_word' id='word_1_616' title='bbox 2139 4482 2430 4548; x_wconf 90' lang='lat' dir='ltr'>quantum</span> <span class='ocrx_word' id='word_1_617' title='bbox 2445 4477 2705 4532; x_wconf 89' lang='lat' dir='ltr'>humana</span> <span class='ocrx_word' id='word_1_618' title='bbox 2718 4477 3470 4549; x_wconf 87' lang='lat' dir='ltr'>paciebanturdominatam</span> <span class='ocrx_word' id='word_1_619' title='bbox 3488 4474 3703 4532; x_wconf 86' lang='lat' dir='ltr'>fuisse.</span> 
     </span>
    </p>
   </div>
   <div class='ocr_carea' id='block_1_93' title="bbox 2037 4564 3705 4639">
    <p class='ocr_par' dir='ltr' id='par_1_93' title="bbox 2037 4564 3705 4639">
     <span class='ocr_line' id='line_1_93' title="bbox 2037 4564 3705 4639; baseline -0.002 -18"><span class='ocrx_word' id='word_1_620' title='bbox 2037 4566 2146 4632; x_wconf 86' lang='lat' dir='ltr'>Qui</span> <span class='ocrx_word' id='word_1_621' title='bbox 2178 4566 2376 4622; x_wconf 89' lang='lat' dir='ltr'>usuris</span> <span class='ocrx_word' id='word_1_622' title='bbox 2406 4582 2541 4620; x_wconf 91' lang='lat' dir='ltr'>eum</span> <span class='ocrx_word' id='word_1_623' title='bbox 2574 4565 2971 4634; x_wconf 88' lang='lat' dir='ltr'>inservisse,et</span> <span class='ocrx_word' id='word_1_624' title='bbox 2995 4567 3105 4622; x_wconf 90' lang='lat' dir='ltr'>sub</span> <span class='ocrx_word' id='word_1_625' title='bbox 3127 4566 3319 4639; x_wconf 89' lang='lat' dir='ltr'>specie</span> <span class='ocrx_word' id='word_1_626' title='bbox 3348 4564 3705 4622; x_wconf 84' lang='lat' dir='ltr'>monasterii</span> 
     </span>
    </p>
   </div>
   <div class='ocr_carea' id='block_1_94' title="bbox 275 4651 3708 4740">
    <p class='ocr_par' dir='ltr' id='par_1_94' title="bbox 275 4651 3708 4740">
     <span class='ocr_line' id='line_1_94' title="bbox 275 4651 3708 4740; baseline -0.001 -25"><span class='ocrx_word' id='word_1_627' title='bbox 275 4674 611 4715; x_wconf 88' lang='lat' dir='ltr'>mensuram</span> <span class='ocrx_word' id='word_1_628' title='bbox 625 4652 980 4712; x_wconf 87' lang='lat' dir='ltr'>monasterio</span> <span class='ocrx_word' id='word_1_629' title='bbox 1001 4652 1233 4707; x_wconf 86' lang='lat' dir='ltr'>solitam</span> <span class='ocrx_word' id='word_1_630' title='bbox 1253 4651 1762 4708; x_wconf 88' lang='lat' dir='ltr'>continebat.Nam</span> <span class='ocrx_word' id='word_1_631' title='bbox 1787 4658 1928 4709; x_wconf 88' lang='lat' dir='ltr'>stra-</span> <span class='ocrx_word' id='word_1_632' title='bbox 1961 4675 2005 4740; x_wconf 70' lang='grc' dir='ltr'>ι)</span> <span class='ocrx_word' id='word_1_633' title='bbox 2039 4653 2461 4711; x_wconf 87' lang='lat' dir='ltr'>necessitatum</span> <span class='ocrx_word' id='word_1_634' title='bbox 2492 4654 2657 4711; x_wconf 88' lang='lat' dir='ltr'>lucra</span> <span class='ocrx_word' id='word_1_635' title='bbox 2686 4655 3100 4726; x_wconf 87' lang='lat' dir='ltr'>undecumque</span> <span class='ocrx_word' id='word_1_636' title='bbox 3130 4654 3424 4710; x_wconf 71' lang='lat' dir='ltr'>mstimant</span> <span class='ocrx_word' id='word_1_637' title='bbox 3452 4671 3708 4727; x_wconf 77' lang='lat' dir='ltr'>congcs-</span> 
     </span>
    </p>
   </div>
   <div class='ocr_carea' id='block_1_95' title="bbox 273 4740 1925 4818">
    <p class='ocr_par' dir='ltr' id='par_1_95' title="bbox 273 4740 1925 4818">
     <span class='ocr_line' id='line_1_95' title="bbox 273 4740 1925 4818; baseline -0.005 -15"><span class='ocrx_word' id='word_1_638' title='bbox 273 4754 369 4803; x_wconf 88' lang='lat' dir='ltr'>tus</span> <span class='ocrx_word' id='word_1_639' title='bbox 389 4761 717 4818; x_wconf 89' lang='lat' dir='ltr'>numquam</span> <span class='ocrx_word' id='word_1_640' title='bbox 733 4742 996 4815; x_wconf 83' lang='lat' dir='ltr'>regulam</span> <span class='ocrx_word' id='word_1_641' title='bbox 1021 4740 1420 4806; x_wconf 87' lang='lat' dir='ltr'>commutavit,</span> <span class='ocrx_word' id='word_1_642' title='bbox 1443 4745 1508 4794; x_wconf 88' lang='lat' dir='ltr'>ut</span> <span class='ocrx_word' id='word_1_643' title='bbox 1528 4740 1791 4812; x_wconf 88' lang='lat' dir='ltr'>plumam</span> <span class='ocrx_word' id='word_1_644' title='bbox 1814 4742 1925 4797; x_wconf 90' lang='lat' dir='ltr'>sibi</span> 
     </span>
    </p>
   </div>
   <div class='ocr_carea' id='block_1_96' title="bbox 275 4828 1925 4905">
    <p class='ocr_par' dir='ltr' id='par_1_96' title="bbox 275 4828 1925 4905">
     <span class='ocr_line' id='line_1_96' title="bbox 275 4828 1925 4905; baseline -0.004 -14"><span class='ocrx_word' id='word_1_645' title='bbox 275 4836 571 4891; x_wconf 86' lang='lat' dir='ltr'>ullatenus</span> <span class='ocrx_word' id='word_1_646' title='bbox 592 4836 800 4905; x_wconf 51' lang='lat' dir='ltr'>praeter</span> <span class='ocrx_word' id='word_1_647' title='bbox 828 4828 1002 4902; x_wconf 91' lang='lat' dir='ltr'>capiti</span> <span class='ocrx_word' id='word_1_648' title='bbox 1036 4832 1267 4884; x_wconf 86' lang='lat' dir='ltr'>tantum</span> <span class='ocrx_word' id='word_1_649' title='bbox 1299 4828 1597 4884; x_wconf 88' lang='lat' dir='ltr'>substerni</span> <span class='ocrx_word' id='word_1_650' title='bbox 1630 4829 1925 4900; x_wconf 87' lang='lat' dir='ltr'>permitte-</span> 
     </span>
    </p>
   </div>
   <div class='ocr_carea' id='block_1_97' title="bbox 275 4916 1926 4990">
    <p class='ocr_par' dir='ltr' id='par_1_97' title="bbox 275 4916 1926 4990">
     <span class='ocr_line' id='line_1_97' title="bbox 275 4916 1926 4990; baseline -0.004 -12"><span class='ocrx_word' id='word_1_651' title='bbox 275 4926 378 4979; x_wconf 85' lang='lat' dir='ltr'>ret.</span> <span class='ocrx_word' id='word_1_652' title='bbox 413 4921 575 4986; x_wconf 83' lang='lat' dir='ltr'>Quod</span> <span class='ocrx_word' id='word_1_653' title='bbox 605 4937 675 4975; x_wconf 85' lang='lat' dir='ltr'>ex</span> <span class='ocrx_word' id='word_1_654' title='bbox 704 4919 833 4990; x_wconf 91' lang='lat' dir='ltr'>ipso</span> <span class='ocrx_word' id='word_1_655' title='bbox 864 4917 1146 4989; x_wconf 85' lang='lat' dir='ltr'>magistro</span> <span class='ocrx_word' id='word_1_656' title='bbox 1177 4933 1284 4971; x_wconf 89' lang='lat' dir='ltr'>suo</span> <span class='ocrx_word' id='word_1_657' title='bbox 1315 4917 1531 4971; x_wconf 89' lang='lat' dir='ltr'>domno</span> <span class='ocrx_word' id='word_1_658' title='bbox 1554 4916 1926 4989; x_wconf 89' lang='lat' dir='ltr'>Einoldo,qui</span> 
     </span>
    </p>
   </div>
   <div class='ocr_carea' id='block_1_98' title="bbox 274 5004 1929 5080">
    <p class='ocr_par' dir='ltr' id='par_1_98' title="bbox 274 5004 1929 5080">
     <span class='ocr_line' id='line_1_98' title="bbox 274 5004 1929 5080; baseline -0.002 -15"><span class='ocrx_word' id='word_1_659' title='bbox 274 5027 344 5065; x_wconf 83' lang='lat' dir='ltr'>ex</span> <span class='ocrx_word' id='word_1_660' title='bbox 373 5009 521 5080; x_wconf 87' lang='lat' dir='ltr'>ipsis</span> <span class='ocrx_word' id='word_1_661' title='bbox 548 5006 741 5062; x_wconf 92' lang='lat' dir='ltr'>iniciis</span> <span class='ocrx_word' id='word_1_662' title='bbox 774 5006 881 5061; x_wconf 90' lang='lat' dir='ltr'>hoc</span> <span class='ocrx_word' id='word_1_663' title='bbox 912 5005 973 5059; x_wconf 89' lang='lat' dir='ltr'>in</span> <span class='ocrx_word' id='word_1_664' title='bbox 1006 5008 1181 5059; x_wconf 84' lang='lat' dir='ltr'>tinem</span> <span class='ocrx_word' id='word_1_665' title='bbox 1224 5020 1412 5075; x_wconf 84' lang='lat' dir='ltr'>usque</span> <span class='ocrx_word' id='word_1_666' title='bbox 1462 5004 1619 5060; x_wconf 90' lang='lat' dir='ltr'>domi</span> <span class='ocrx_word' id='word_1_667' title='bbox 1671 5005 1929 5078; x_wconf 87' lang='lat' dir='ltr'>forisque</span> 
     </span>
    </p>
   </div>
   <div class='ocr_carea' id='block_1_99' title="bbox 275 5092 1927 5166">
    <p class='ocr_par' dir='ltr' id='par_1_99' title="bbox 275 5092 1927 5166">
     <span class='ocr_line' id='line_1_99' title="bbox 275 5092 1927 5166; baseline -0.003 -12"><span class='ocrx_word' id='word_1_668' title='bbox 275 5096 615 5161; x_wconf 86' lang='lat' dir='ltr'>servavit,ut</span> <span class='ocrx_word' id='word_1_669' title='bbox 635 5111 764 5150; x_wconf 89' lang='lat' dir='ltr'>vere</span> <span class='ocrx_word' id='word_1_670' title='bbox 790 5092 1119 5165; x_wconf 88' lang='lat' dir='ltr'>discipulus</span> <span class='ocrx_word' id='word_1_671' title='bbox 1149 5093 1371 5148; x_wconf 89' lang='lat' dir='ltr'>doctori</span> <span class='ocrx_word' id='word_1_672' title='bbox 1394 5110 1745 5166; x_wconf 84' lang='lat' dir='ltr'>regenerans</span> <span class='ocrx_word' id='word_1_673' title='bbox 1769 5093 1927 5166; x_wconf 90' lang='lat' dir='ltr'>pedi-</span> 
     </span>
    </p>
   </div>
   <div class='ocr_carea' id='block_1_100' title="bbox 275 5184 911 5242">
    <p class='ocr_par' dir='ltr' id='par_1_100' title="bbox 275 5184 911 5242">
     <span class='ocr_line' id='line_1_100' title="bbox 275 5184 911 5242; baseline -0.008 -1"><span class='ocrx_word' id='word_1_674' title='bbox 275 5187 389 5242; x_wconf 91' lang='lat' dir='ltr'>bus</span> <span class='ocrx_word' id='word_1_675' title='bbox 418 5189 508 5240; x_wconf 92' lang='lat' dir='ltr'>cst</span> <span class='ocrx_word' id='word_1_676' title='bbox 536 5184 911 5238; x_wconf 90' lang='lat' dir='ltr'>subsecutus.</span> 
     </span>
    </p>
   </div>
   <div class='ocr_carea' id='block_1_101' title="bbox 343 5267 1929 5345">
    <p class='ocr_par' dir='ltr' id='par_1_101' title="bbox 343 5267 1929 5345">
     <span class='ocr_line' id='line_1_101' title="bbox 343 5267 1929 5345; baseline -0.001 -16"><span class='ocrx_word' id='word_1_677' title='bbox 343 5276 434 5329; x_wconf 83' lang='lat'>86.</span> <span class='ocrx_word' id='word_1_678' title='bbox 468 5273 581 5328; x_wconf 88' lang='lat' dir='ltr'>Sed</span> <span class='ocrx_word' id='word_1_679' title='bbox 613 5275 671 5328; x_wconf 88' lang='lat' dir='ltr'>et</span> <span class='ocrx_word' id='word_1_680' title='bbox 689 5270 750 5326; x_wconf 91' lang='lat' dir='ltr'>in</span> <span class='ocrx_word' id='word_1_681' title='bbox 772 5267 917 5343; x_wconf 90' lang='lat' dir='ltr'>ipsis</span> <span class='ocrx_word' id='word_1_682' title='bbox 941 5268 1206 5342; x_wconf 88' lang='lat' dir='ltr'>prandiis</span> <span class='ocrx_word' id='word_1_683' title='bbox 1227 5268 1583 5326; x_wconf 88' lang='lat' dir='ltr'>secularium</span> <span class='ocrx_word' id='word_1_684' title='bbox 1605 5287 1786 5327; x_wconf 88' lang='lat' dir='ltr'>causa</span> <span class='ocrx_word' id='word_1_685' title='bbox 1808 5272 1929 5345; x_wconf 88' lang='lat' dir='ltr'>plu-</span> 
     </span>
    </p>
   </div>
   <div class='ocr_carea' id='block_1_102' title="bbox 2042 4741 3413 4815">
    <p class='ocr_par' dir='ltr' id='par_1_102' title="bbox 2042 4741 3413 4815">
     <span class='ocr_line' id='line_1_102' title="bbox 2042 4741 3413 4815; baseline -0.001 -16"><span class='ocrx_word' id='word_1_686' title='bbox 2042 4742 2209 4812; x_wconf 84' lang='lat' dir='ltr'>sisse,</span> <span class='ocrx_word' id='word_1_687' title='bbox 2241 4759 2312 4798; x_wconf 84' lang='lat' dir='ltr'>ex</span> <span class='ocrx_word' id='word_1_688' title='bbox 2342 4748 2574 4798; x_wconf 90' lang='lat' dir='ltr'>suomet</span> <span class='ocrx_word' id='word_1_689' title='bbox 2604 4741 2772 4799; x_wconf 90' lang='lat' dir='ltr'>illum</span> <span class='ocrx_word' id='word_1_690' title='bbox 2803 4743 3037 4815; x_wconf 83' lang='lat' dir='ltr'>ingenio</span> <span class='ocrx_word' id='word_1_691' title='bbox 3072 4742 3413 4798; x_wconf 90' lang='lat' dir='ltr'>metiuntur.</span> 
     </span>
    </p>
   </div>
   <div class='ocr_carea' id='block_1_103' title="bbox 2106 4830 3702 4903">
    <p class='ocr_par' dir='ltr' id='par_1_103' title="bbox 2106 4830 3702 4903">
     <span class='ocr_line' id='line_1_103' title="bbox 2106 4830 3702 4903; baseline 0.002 -17"><span class='ocrx_word' id='word_1_692' title='bbox 2106 4834 2196 4886; x_wconf 87' lang='lat'>88.</span> <span class='ocrx_word' id='word_1_693' title='bbox 2212 4831 2338 4886; x_wconf 91' lang='lat' dir='ltr'>Non</span> <span class='ocrx_word' id='word_1_694' title='bbox 2361 4832 2517 4903; x_wconf 91' lang='lat' dir='ltr'>quod</span> <span class='ocrx_word' id='word_1_695' title='bbox 2540 4830 2599 4886; x_wconf 91' lang='lat' dir='ltr'>in</span> <span class='ocrx_word' id='word_1_696' title='bbox 2625 4847 2691 4886; x_wconf 90' lang='lat' dir='ltr'>eo</span> <span class='ocrx_word' id='word_1_697' title='bbox 2720 4831 2837 4887; x_wconf 90' lang='lat' dir='ltr'>tale</span> <span class='ocrx_word' id='word_1_698' title='bbox 2856 4831 2985 4903; x_wconf 90' lang='lat' dir='ltr'>quit</span> <span class='ocrx_word' id='word_1_699' title='bbox 3008 4834 3111 4886; x_wconf 89' lang='lat' dir='ltr'>aut</span> <span class='ocrx_word' id='word_1_700' title='bbox 3138 4831 3392 4887; x_wconf 86' lang='lat' dir='ltr'>viderint</span> <span class='ocrx_word' id='word_1_701' title='bbox 3413 4836 3515 4887; x_wconf 87' lang='lat' dir='ltr'>aut</span> <span class='ocrx_word' id='word_1_702' title='bbox 3536 4838 3702 4889; x_wconf 82' lang='lat' dir='ltr'>certo</span> 
     </span>
    </p>
   </div>
   <div class='ocr_carea' id='block_1_104' title="bbox 2036 4919 3702 4992">
    <p class='ocr_par' dir='ltr' id='par_1_104' title="bbox 2036 4919 3702 4992">
     <span class='ocr_line' id='line_1_104' title="bbox 2036 4919 3702 4992; baseline 0.001 -17"><span class='ocrx_word' id='word_1_703' title='bbox 2036 4919 2372 4976; x_wconf 89' lang='lat' dir='ltr'>didicerint.</span> <span class='ocrx_word' id='word_1_704' title='bbox 2407 4920 2831 4976; x_wconf 82' lang='lat' dir='ltr'>Commodabat</span> <span class='ocrx_word' id='word_1_705' title='bbox 2865 4919 3137 4992; x_wconf 88' lang='lat' dir='ltr'>equidem</span> <span class='ocrx_word' id='word_1_706' title='bbox 3169 4920 3425 4992; x_wconf 89' lang='lat' dir='ltr'>plurima</span> <span class='ocrx_word' id='word_1_707' title='bbox 3454 4924 3513 4975; x_wconf 90' lang='lat' dir='ltr'>et</span> <span class='ocrx_word' id='word_1_708' title='bbox 3545 4921 3702 4977; x_wconf 89' lang='lat' dir='ltr'>reci-</span> 
     </span>
    </p>
   </div>
   <div class='ocr_carea' id='block_1_105' title="bbox 2038 5007 3707 5081">
    <p class='ocr_par' dir='ltr' id='par_1_105' title="bbox 2038 5007 3707 5081">
     <span class='ocr_line' id='line_1_105' title="bbox 2038 5007 3707 5081; baseline 0.001 -17"><span class='ocrx_word' id='word_1_709' title='bbox 2038 5007 2258 5081; x_wconf 88' lang='lat' dir='ltr'>piebat,</span> <span class='ocrx_word' id='word_1_710' title='bbox 2279 5012 2489 5064; x_wconf 89' lang='lat' dir='ltr'>cautus</span> <span class='ocrx_word' id='word_1_711' title='bbox 2520 5026 2593 5065; x_wconf 90' lang='lat' dir='ltr'>ne</span> <span class='ocrx_word' id='word_1_712' title='bbox 2624 5026 2739 5080; x_wconf 92' lang='lat' dir='ltr'>quo</span> <span class='ocrx_word' id='word_1_713' title='bbox 2769 5009 2902 5066; x_wconf 90' lang='lat' dir='ltr'>dolo</span> <span class='ocrx_word' id='word_1_714' title='bbox 2933 5010 3265 5065; x_wconf 88' lang='lat' dir='ltr'>debitorum</span> <span class='ocrx_word' id='word_1_715' title='bbox 3290 5008 3615 5079; x_wconf 87' lang='lat' dir='ltr'>falleretur,</span> <span class='ocrx_word' id='word_1_716' title='bbox 3645 5014 3707 5066; x_wconf 89' lang='lat' dir='ltr'>et</span> 
     </span>
    </p>
   </div>
   <div class='ocr_carea' id='block_1_106' title="bbox 2040 5097 2963 5170">
    <p class='ocr_par' dir='ltr' id='par_1_106' title="bbox 2040 5097 2963 5170">
     <span class='ocr_line' id='line_1_106' title="bbox 2040 5097 2963 5170; baseline 0.001 -17"><span class='ocrx_word' id='word_1_717' title='bbox 2040 5097 2365 5153; x_wconf 88' lang='lat' dir='ltr'>secundum</span> <span class='ocrx_word' id='word_1_718' title='bbox 2393 5097 2526 5154; x_wconf 88' lang='lat' dir='ltr'>illut</span> <span class='ocrx_word' id='word_1_719' title='bbox 2558 5098 2739 5154; x_wconf 86' lang='lat' dir='ltr'>Persii</span> <span class='ocrx_word' id='word_1_720' title='bbox 2767 5098 2917 5170; x_wconf 71' lang='lat'>(396)</span> <span class='ocrx_word' id='word_1_721' title='bbox 2952 5116 2963 5154; x_wconf 89' lang='lat'>:</span> 
     </span>
    </p>
   </div>
   <div class='ocr_carea' id='block_1_107' title="bbox 2172 5231 3506 5297">
    <p class='ocr_par' dir='ltr' id='par_1_107' title="bbox 2172 5231 3506 5297">
     <span class='ocr_line' id='line_1_107' title="bbox 2172 5231 3506 5297; baseline -0.001 -17"><span class='ocrx_word' id='word_1_722' title='bbox 2172 5231 2370 5282; x_wconf 85' lang='lat' dir='ltr'>Doctus</span> <span class='ocrx_word' id='word_1_723' title='bbox 2399 5236 2453 5283; x_wconf 87' lang='lat' dir='ltr'>et</span> <span class='ocrx_word' id='word_1_724' title='bbox 2482 5231 2548 5283; x_wconf 86' lang='lat' dir='ltr'>ad</span> <span class='ocrx_word' id='word_1_725' title='bbox 2578 5231 2800 5283; x_wconf 80' lang='lat' dir='ltr'>calicem</span> <span class='ocrx_word' id='word_1_726' title='bbox 2828 5231 3072 5297; x_wconf 80' lang='lat' dir='ltr'>vigilanti</span> <span class='ocrx_word' id='word_1_727' title='bbox 3102 5234 3320 5282; x_wconf 85' lang='lat' dir='ltr'>stertere</span> <span class='ocrx_word' id='word_1_728' title='bbox 3352 5244 3506 5289; x_wconf 85' lang='lat' dir='ltr'>naso,</span> 
     </span>
    </p>
   </div>
   <div class='ocr_carea' id='block_1_108' title="bbox 1626 5411 2328 5475">
    <p class='ocr_par' dir='ltr' id='par_1_108' title="bbox 1626 5411 2328 5475">
     <span class='ocr_line' id='line_1_108' title="bbox 1626 5411 2328 5475; baseline 0.009 -9"><span class='ocrx_word' id='word_1_729' title='bbox 1626 5411 1869 5469; x_wconf 70' lang='grc' dir='ltr'><strong>νΑΒΙιΕ</strong></span> <span class='ocrx_word' id='word_1_730' title='bbox 1910 5416 2328 5475; x_wconf 85' lang='lat' dir='ltr'>LECTIONES.</span> 
     </span>
    </p>
   </div>
   <div class='ocr_carea' id='block_1_109' title="bbox 348 5514 1916 5587">
    <p class='ocr_par' dir='ltr' id='par_1_109' title="bbox 348 5514 1916 5587">
     <span class='ocr_line' id='line_1_109' title="bbox 348 5514 1916 5587; baseline 0.002 -12"><span class='ocrx_word' id='word_1_731' title='bbox 348 5521 436 5556; x_wconf 76' lang='grc'>¹⁶⁰⁶</span> <span class='ocrx_word' id='word_1_732' title='bbox 469 5520 527 5575; x_wconf 91' lang='lat' dir='ltr'>in</span> <span class='ocrx_word' id='word_1_733' title='bbox 560 5536 604 5575; x_wconf 83' lang='grc' dir='ltr'>ε.</span> <span class='ocrx_word' id='word_1_734' title='bbox 648 5518 736 5553; x_wconf 81' lang='grc'>¹⁶⁰⁷</span> <span class='ocrx_word' id='word_1_735' title='bbox 761 5532 888 5587; x_wconf 90' lang='lat' dir='ltr'>qqc.</span> <span class='ocrx_word' id='word_1_736' title='bbox 934 5515 1021 5550; x_wconf 80' lang='grc'>¹⁶⁰⁸</span> <span class='ocrx_word' id='word_1_737' title='bbox 1052 5514 1274 5586; x_wconf 85' lang='lat' dir='ltr'>partior</span> <span class='ocrx_word' id='word_1_738' title='bbox 1303 5530 1349 5571; x_wconf 78' lang='grc' dir='ltr'>ο.</span> <span class='ocrx_word' id='word_1_739' title='bbox 1394 5515 1483 5550; x_wconf 82' lang='grc'>¹⁶⁰⁹</span> <span class='ocrx_word' id='word_1_740' title='bbox 1512 5514 1840 5576; x_wconf 83' lang='lat' dir='ltr'>inferentur</span> <span class='ocrx_word' id='word_1_741' title='bbox 1870 5539 1916 5578; x_wconf 88' lang='lat' dir='ltr'>c.</span> 
     </span>
    </p>
   </div>
   <div class='ocr_carea' id='block_1_110' title="bbox 351 5735 1322 5815">
    <p class='ocr_par' dir='ltr' id='par_1_110' title="bbox 351 5735 1322 5815">
     <span class='ocr_line' id='line_1_110' title="bbox 351 5735 1322 5815; baseline -0.005 -16"><span class='ocrx_word' id='word_1_742' title='bbox 351 5743 495 5815; x_wconf 83' lang='lat'>(396)</span> <span class='ocrx_word' id='word_1_743' title='bbox 528 5742 649 5799; x_wconf 90' lang='lat' dir='ltr'>Imo</span> <span class='ocrx_word' id='word_1_744' title='bbox 674 5735 974 5799; x_wconf 87' lang='lat' dir='ltr'>Juvenalis</span> <span class='ocrx_word' id='word_1_745' title='bbox 1007 5737 1125 5793; x_wconf 88' lang='lat' dir='ltr'>Sat.</span> <span class='ocrx_word' id='word_1_746' title='bbox 1160 5752 1203 5806; x_wconf 81' lang='grc' dir='ltr'>ι,</span> <span class='ocrx_word' id='word_1_747' title='bbox 1233 5736 1322 5794; x_wconf 86' lang='grc'>57.</span> 
     </span>
    </p>
   </div>
   <div class='ocr_carea' id='block_1_111' title="bbox 1863 5645 2097 5705">
    <p class='ocr_par' dir='ltr' id='par_1_111' title="bbox 1863 5645 2097 5705">
     <span class='ocr_line' id='line_1_111' title="bbox 1863 5645 2097 5705; baseline 0.021 -4"><span class='ocrx_word' id='word_1_748' title='bbox 1863 5645 2097 5705; x_wconf 80' lang='lat' dir='ltr'>NOT/E.</span> 
     </span>
    </p>
   </div>
  </div>
