3912 6426
161 487 274 549 285
1054 487 1157 549 DE
1200 487 1387 548 VITA
1430 484 1760 549 JOANNIS
1804 484 2133 547 ABBATIS
2182 488 2672 551 GORZIIENSIS.
3453 494 3570 555 286

161 620 311 693 quod
342 618 452 676 iste
473 617 698 676 meliori
717 624 1043 676 mutaverat
1058 623 1282 689 arte,ut
1294 621 1552 693 prudens
1565 618 1801 691 dispen-
1830 617 1888 685 Α
1915 618 2167 674 durabili
2191 620 2396 676 robore
2426 622 2738 694 compegit.
2764 623 2949 679 Taceo
2979 640 3223 680 coronas
3253 629 3373 681 tam
3403 623 3574 683 lumi-

161 714 315 765 sator
343 708 649 764 dominieaa
673 708 1595 775 substantiae,summaindustria
1615 709 1808 764 obser-
1916 725 2058 762 noso
2093 708 2316 781 fulgore
2347 727 2381 763 a
2410 709 2788 781 laquearibus
2811 711 3227 783 dependentes,
3271 714 3571 787 lampades

158 798 346 864 vahat,
381 815 453 854 ne
479 797 621 870 quid
668 815 862 854 rerum
915 798 1255 854 monasterii
1303 798 1625 870 deperiret;
1658 796 1805 852 illud
1916 794 2059 852 locis
2086 801 2142 851 et
2174 797 2482 852 ordinibus
2513 801 2633 853 tam
2659 799 2742 833 ¹⁶¹¹
2767 799 3047 867 diversas,
3068 802 3417 857 candelabra
3441 806 3569 858 tan-

161 904 293 959 sepe
325 887 394 944 de
425 886 600 943 dictis
631 887 783 942 beati
805 888 1065 959 Gregorii
1085 887 1156 943 ad
1175 888 1467 960 quendam
1490 886 1804 942 diaconum
1913 888 2108 940 torum
2138 887 2461 958 ponderum
2495 904 2561 941 ac
2584 887 2933 958 specierum,
2961 888 3137 944 simul
3161 908 3294 945 cum
3319 891 3412 946 his
3432 909 3573 947 vasa

157 993 247 1032 res
277 976 702 1033 ecclesiasticas
734 982 1035 1032 curantem
1070 993 1539 1033 commemorans
1574 992 1586 1029 :
1617 999 1643 1025 ‹‹
1669 976 1801 1042 Res,
1915 991 2062 1047 pene
2094 974 2218 1030 sine
2250 976 2505 1040 nomine,
2538 976 2737 1031 omnia
2767 983 3008 1049 argento
3049 978 3233 1034 solide
3282 980 3568 1051 perfecta;

157 1064 365 1137 inquit,
400 1066 487 1120 har.
509 1082 613 1121 nec
646 1083 786 1121 mea:
815 1071 955 1121 sunt
986 1085 1091 1121 nec
1114 1070 1261 1133 tum;
1292 1066 1375 1120 ita
1396 1082 1520 1137 age,
1539 1069 1604 1120 ut
1620 1064 1690 1119 de
1713 1063 1805 1119 his
1895 1064 1985 1126 ad
2024 1062 2299 1118 ultimum
2327 1081 2745 1136 campanarum
2765 1082 2894 1120 eam
2917 1083 3045 1137 quae
3068 1067 3276 1123 visitur
3295 1073 3351 1124 et
3375 1087 3574 1125 nume-

156 1155 206 1210 ei
237 1155 407 1226 cujus
427 1160 566 1210 sunt
588 1155 873 1210 rationem
897 1154 1309 1211 redditurus.»
1332 1154 1391 1211 Si
1415 1154 1800 1219 frumentum,
1916 1151 2216 1207 rositatem
2245 1157 2301 1207 et
2330 1154 2762 1221 enormitatem,
2797 1160 3103 1228 ceteraque
3152 1174 3395 1229 operum
3444 1159 3573 1229 ejus

155 1243 376 1311 vinum,
406 1242 513 1310 sal,
548 1243 635 1299 vel
666 1261 1052 1316 quiscumque
1085 1245 1156 1299 ad
1187 1244 1385 1300 cibum
1432 1241 1801 1316 pertinentia,
1914 1239 2192 1311 insignia,
2229 1240 2446 1312 quibus
2480 1241 2906 1313 peritissimum
2940 1244 3087 1312 ejus,
3116 1249 3179 1300 ut
3207 1249 3330 1300 erat
3360 1245 3421 1301 in
3455 1264 3574 1301 om-

156 1329 504 1385 similiterad
521 1329 797 1386 vestitum
812 1331 1634 1401 commodahantur,ejusdem
1649 1348 1805 1385 men-
1915 1328 2088 1383 nibus
2122 1330 2236 1388 fere
2268 1328 2514 1396 artibus,
2549 1329 2760 1383 enituit
2792 1330 3114 1401 ingenium.

155 1435 303 1475 sura:
331 1419 416 1475 vel
452 1419 797 1493 quantitatis
832 1422 1306 1493 reposcebantur,
1344 1426 1409 1476 ut.
1442 1420 1583 1476 nihil
1625 1437 1807 1492 supra
1983 1418 2072 1471 91.
2108 1420 2229 1482 Que
2259 1418 2461 1500 utique
2500 1422 2558 1473 et
2584 1419 2929 1474 memoriam
2982 1421 3493 1492 prieterlabuntur,
3516 1428 3574 1477 et

151 1506 498 1579 exigeretur.
531 1508 851 1579 Argentum
885 1509 1140 1580 pondere
1178 1510 1341 1581 justo
1389 1509 1801 1565 commodaba-
1913 1506 1964 1562 si
1995 1524 2107 1577 que
2138 1507 2446 1562 succedere
2480 1512 2747 1578 possunt,
2776 1507 3045 1579 persequi
3080 1512 3573 1581 temptavero,nee

153 1599 252 1651 tur
283 1596 402 1664 ¹⁶¹⁰;
437 1613 543 1652 nec
574 1595 770 1669 ipsum
810 1598 965 1670 quod
1018 1603 1255 1654 moneta
1293 1598 1428 1670 jure
1478 1601 1799 1670 extorquet,
1914 1611 2153 1667 prorsus
2176 1596 2245 1649 ad
2270 1594 3571 1667 explendumsul'licietpaupcrrimisermonis

150 1683 448 1741 ullatenus
481 1686 808 1759 petebatur,
844 1687 944 1742 sed
981 1691 1271 1759 quantum
1317 1689 1449 1759 quis
1481 1686 1803 1759 accipiebat
1912 1684 2220 1757 angustia;
2254 1690 2317 1740 ot
2347 1684 2403 1740 in
2430 1688 2654 1740 tantum
2688 1702 2755 1740 ea
2785 1686 3104 1741 exuberant
3126 1686 3571 1758 copiam,utetsi

149 1778 253 1829 aut
283 1774 478 1842 dabat,
512 1791 680 1846 requa
709 1774 873 1831 lance
906 1775 1344 1831 refundebatur.
1912 1773 1985 1829 ab
2019 1772 2216 1845 aliquo
2240 1773 2483 1829 forsitan
2516 1777 2759 1846 possent
2790 1772 3088 1846 explicari,
3124 1791 3241 1829 non
3272 1774 3570 1831 ediﬁcato-

217 1864 312 1920 89.
347 1865 493 1921 Nam
527 1882 594 1920 ex
624 1864 925 1921 laboribus
957 1882 1231 1939 agrorum
1262 1866 1348 1921 vel
1387 1865 1709 1932 vinearum,
1742 1865 1802 1922 in
1913 1861 2060 1917 riam
2084 1862 2555 1930 oblectationem,
2589 1863 2690 1917 sed
2715 1867 2780 1917 ut
2803 1862 2987 1917 nostri
3020 1880 3214 1918 mores
3232 1862 3351 1920 scio
3373 1863 3569 1929 etatis,

146 1954 374 2025 quibus
403 1970 655 2052 summa.
670 1958 795 2010 arte
826 1954 1576 2052 praecellebat‘summoque
1606 1955 1802 2052 studio
1836 1987 1883 2052 Β
1912 1951 2196 2006 tediosam
2230 1951 2483 2052 omnino.
2506 1950 2763 2052 facerent
2799 1950 3138 2052 lectionem:
3166 1952 3327 2008 Unde
3359 1953 3430 2008 ad
3461 1951 3576 2008 alia

142 2046 277 2096 erat
309 2040 609 2110 assiduus,
642 2040 701 2095 in
726 2044 951 2096 tantam
984 2041 1288 2114 suppellex
1335 2041 1677 2098 monasterii
1709 2058 1802 2096 co-
1836 2038 1882 2052 “’
1925 2055 2133 2096 censeo
2166 2039 2615 2094 transeundum.
2642 2038 2753 2094 Sed
2781 2056 2852 2094 ne
2875 2040 3019 2095 forte
3040 2040 3173 2112 quis
3196 2058 3376 2113 supra
3396 2056 3572 2112 quam

140 2127 307 2200 piam
333 2128 382 2182 ei
416 2128 613 2183 divina
643 2133 993 2201 cooperante
1036 2129 1230 2201 gratia
1279 2129 1714 2197 exuberaverat,
1750 2131 1816 2183 ut
1925 2146 2019 2185 res
2048 2146 2111 2184 se
2141 2128 2398 2185 habeant
2428 2128 2486 2184 in
2518 2128 2698 2200 hujus
2718 2127 2825 2183 viri
2845 2122 3098 2185 favorem
3118 2130 3251 2185 ferri
3273 2149 3378 2186 nos
3402 2131 3575 2187 tacite

143 2215 312 2273 nulla
342 2232 475 2271 eum
510 2216 716 2288 inopiae
750 2234 928 2272 causa
957 2218 1029 2272 ad
1060 2217 1285 2290 aliquid
1318 2234 1522 2273 eorum
1556 2216 1818 2289 impelle-
1924 2218 2359 2287 denotet,eihec
2375 2236 2490 2289 que
2506 2218 2644 2273 huic
2667 2215 3049 2275 asscribimus
3082 2219 3349 2293 magistri
3372 2218 3575 2293 pocius

142 2310 251 2373 ret,
290 2304 431 2377 quin
463 2304 659 2377 potius
690 2322 758 2360 ex
796 2304 944 2378 ipsis
990 2306 1294 2363 laboribus
1352 2323 1487 2363 cum
1532 2306 1815 2362 fratribus
1923 2309 3578 2383 cunctafuisse,idnequaquamabnuimus,immoitaesse

140 2394 517 2450 abundanter
558 2398 951 2465 superessent,
986 2394 1244 2467 plurima
1289 2397 1629 2452 venundata
1681 2396 1810 2467 qui-
1923 2398 2093 2470 plane
2124 2398 2441 2455 efferimus.
2474 2400 2754 2471 Ejusdem
2784 2398 2939 2455 enim
2973 2401 3159 2473 patris
3204 2406 3262 2457 et
3309 2402 3577 2476 magistri

138 2483 515 2554 buscumque
548 2482 725 2538 rebus
752 2482 838 2537 vel
863 2483 921 2537 in
941 2484 1331 2556 praesentibus
1354 2485 1438 2542 vel
1462 2487 1520 2540 in
1545 2486 1809 2540 futurum
1922 2486 2122 2542 domui
2140 2485 2755 2557 Einoldijussionibus
2776 2492 2832 2542 et
2853 2488 3218 2545 ordinatione
3232 2495 3580 2563 cunctaper-

140 2570 519 2644 proventuris
550 2571 939 2627 sufﬁciebant.
977 2574 1116 2630 Inde
1147 2578 1204 2629 et
1226 2591 1317 2629 res
1343 2575 1536 2630 omnis
1566 2575 1814 2630 familia—
1921 2574 2403 2643 ﬁciebantur,nec
2417 2574 2637 2646 aliquid
2652 2574 3077 2648 hicaliquando
3099 2580 3315 2634 temere
3336 2579 3577 2651 arripie-

140 2660 225 2717 ris
256 2661 551 2729 alebatur,
586 2666 643 2717 et
673 2662 904 2717 ornatui
949 2663 1137 2719 multa
1184 2666 1661 2737 suppeditabant.
1695 2666 1809 2721 Nec
1920 2662 2040 2732 hat,
2067 2664 2177 2719 nisi
2201 2665 2355 2737 quod
2391 2681 2489 2719 ore
2512 2663 2672 2720 illius
2696 2665 2882 2737 primo
2913 2666 3378 2724 cxisset.Verum
3403 2669 3579 2725 citius

139 2749 260 2805 alia
290 2752 461 2803 erant
492 2748 542 2804 ei
578 2766 772 2804 rerum
807 2749 1219 2823 temporalium
1250 2752 1432 2822 lucra,
1457 2771 1635 2826 quam
1661 2771 1809 2827 opus
1920 2753 2012 2809 his
2034 2752 2667 2825 oceurritur,quoniam
2691 2753 3579 2827 factadiscipuloruminlaudes

139 2838 300 2893 ruris
353 2840 592 2893 strenue
634 2855 918 2909 exercere,
948 2840 1189 2911 saliuas,
1232 2859 1359 2915 qua:
1409 2861 1529 2899 una
1575 2848 1807 2902 tantum
1919 2846 2253 2901 redundant
2284 2844 2790 2916 magistrorum,et
2822 2862 2925 2899 nec
2948 2844 3073 2916 ipse
3094 2846 3346 2901 domnus
3364 2846 3580 2903 Johan-

137 2930 310 2998 parte
343 2926 600 2999 regionis
628 2926 819 2999 ipsius
843 2946 956 3001 que
978 2929 1156 2987 Vicus
1179 2932 1324 3004 (397)
1349 2933 1568 2989 dicitur
1594 2934 1809 2992 haben-
1919 2951 2024 2989 nes
2056 2935 2128 2989 ad
2162 2952 2223 2990 se
2253 2949 2537 3005 umquam
2562 2932 2843 3005 quicquid
2865 2938 3063 3005 egerat
3083 2934 3532 3006 replicabat,sed
3561 2955 3573 2992 :

136 3018 262 3080 tur,
297 3018 587 3082 extruere,
623 3020 687 3070 ut
718 3015 776 3071 in
810 3016 935 3072 loco
967 3019 1170 3073 eodem
1199 3018 1397 3092 plures
1425 3037 1573 3091 quas
1605 3020 1810 3077 dicunt
1918 3023 2010 3079 Sic
2059 3025 2192 3095 ipse,
2224 3022 2519 3094 inquiens,
2541 3024 2730 3093 jussit,
2759 3024 2837 3078 ita
2883 3030 2935 3078 et
2981 3040 3264 3096 exsequor.
3299 3025 3408 3080 Sed
3461 3044 3575 3082 non

134 3102 643 3176 patellas,partim
664 3104 970 3178 exintegro
987 3123 1121 3162 cum
1142 3107 1286 3180 ipsis
1304 3108 1804 3182 sedibusemptas,
1918 3110 1990 3165 oh
2023 3109 2079 3164 id
2113 3109 2223 3164 iste
2253 3126 2457 3180 expers
2488 3125 2731 3182 operum
2753 3110 3074 3166 eorundem
3098 3110 3307 3167 merito
3330 3112 3576 3183 dicetur,

134 3192 369 3265 partim
402 3192 689 3265 quejuris
720 3196 1061 3251 monasterii
1092 3202 1259 3253 erant
1290 3199 1807 3270 reparatas,multo
1918 3199 2011 3255 cui
2044 3198 2209 3254 labor
2262 3202 2417 3253 totus
2455 3198 2709 3265 sudavit,
2744 3196 2842 3253 illo
2892 3199 3114 3255 dictata
3166 3204 3578 3259 tantummodo

135 3281 276 3337 usui
312 3283 707 3353 imposterum
730 3284 1069 3356 profuturas
1092 3287 1409 3357 paraverit;
1434 3304 1569 3342 cum
1591 3287 1809 3343 molen-
1918 3288 2114 3343 dante.
2140 3286 2287 3353 Quid
2314 3303 2447 3342 vero
2470 3285 2621 3342 inter
2640 3304 2971 3359 quosquam
2995 3288 3129 3345 hinc
3152 3289 3373 3345 frustra
3400 3308 3580 3347 causa

133 3371 298 3428 dinis
316 3370 670 3427 fluminibus
686 3388 864 3429 causa
879 3373 1131 3446 piscium
1150 3374 1807 3449 obcludendis,piscinis
1838 3365 1880 3431 C
1917 3376 2305 3444 contrahitur,
2339 3393 2472 3432 cum
2505 3375 2658 3431 inter
2686 3376 2847 3448 ipsos
2869 3382 3079 3433 neuter
3100 3378 3290 3433 neutri
3314 3379 3456 3450 quid
3481 3379 3581 3435 ali-

134 3460 390 3533 privatis
414 3460 711 3533 parandis,
734 3461 1013 3536 gregibus
1044 3469 1465 3534 armentorum,
1489 3468 1805 3539 pecudum,
1917 3466 2155 3537 quando
2195 3465 2625 3521 disconveniret
2667 3464 2971 3520 invenerit.
3006 3466 3176 3522 Pater
3221 3484 3399 3522 suum
3447 3486 3578 3525 esse

133 3550 340 3607 avium
358 3549 819 3608 domesticarum
845 3569 949 3608 seu
973 3553 1319 3627 agrestium,
1335 3558 1462 3610 tum
1483 3572 1718 3629 quoque
1736 3558 1812 3612 fe—
1920 3554 2075 3626 quod
2108 3553 2284 3621 filius,
2304 3552 2460 3608 ﬁlius
2482 3552 2763 3625 quicquid
2785 3552 2911 3625 ipse
2931 3571 3185 3626 congrue
3208 3559 3404 3628 egerat
3424 3556 3574 3627 patri

131 3654 342 3695 rarum
380 3637 612 3695 alendis
634 3638 957 3709 instare,ut
974 3642 1448 3715 quibuscumque
1467 3643 1675 3701 usibus
1696 3646 1807 3702 fra-
1920 3642 2250 3713 reputabat.
2284 3640 2401 3696 Nec
2432 3640 2840 3711 conjunctiora
2869 3658 2904 3696 a
2932 3641 3146 3697 seculis
3177 3642 3406 3698 Christo
3429 3647 3575 3699 teste

132 3732 295 3786 trum
329 3733 442 3785 aut
469 3728 1235 3801 inﬁrmorum,extrinsecus
1267 3749 1520 3805 quoque,
1546 3734 1630 3789 vel
1663 3751 1809 3807 prm-
1921 3731 2084 3803 paria
2114 3728 2225 3784 sibi
2257 3728 2599 3784 convenisse
2632 3729 2873 3785 fatebor.
2899 3728 2957 3784 Si
2981 3729 3399 3799 creditur,fidei
3423 3748 3575 3787 mer-

130 3820 406 3876 sentium
443 3818 532 3874 vel
583 3822 1141 3892 supervenientium,
1175 3823 1246 3877 ad
1297 3838 1530 3878 omnem
1578 3840 1812 3898 semper
1919 3835 2016 3874 ces
2044 3821 2234 3885 certa;
2268 3816 2360 3871 sin
2395 3816 2974 3889 minus,nohis,quod
2995 3822 3150 3875 certo
3173 3818 3574 3892 cognovimus,

129 3909 372 3981 copiam
410 3912 764 3981 superesset.
1920 3912 2078 3963 certo
2109 3911 2168 3961 et
2197 3906 2455 3978 proferre
2480 3921 2650 3961 nemo
2683 3905 2996 3961 obstiterit.

195 3995 617 4069 90.Magistris
630 3997 843 4053 artium
868 3998 1236 4054 diversarum
1250 4000 1659 4072 undecumque
1673 4017 1808 4056 con-
1989 3996 2080 4051 92.
2117 3996 2263 4051 Cum
2294 4012 2463 4051 mens
2494 3993 2681 4050 multa
2709 3999 3071 4068 suggerat,et
3096 3997 3169 4052 ad
3206 3996 3483 4070 specialia
3512 4016 3578 4054 ac

126 4085 627 4158 duetis,primum
658 4085 981 4142 claustrum
1019 4105 1188 4143 muro
1227 4088 1286 4143 in
1341 4089 1581 4143 modum
1632 4090 1809 4145 castri
1921 4082 2245 4159 singularia
2274 4085 2529 4156 quedam
2563 4082 2751 4157 ipsius
2782 4085 3073 4157 tangenda
3095 4085 3223 4156 jam
3258 4086 3579 4159 impaciens

126 4175 410 4247 undique
430 4172 865 4248 circumsepsit,
899 4177 1055 4249 quod
1087 4176 1377 4249 hodieque
1409 4194 1524 4233 non
1568 4179 1809 4234 modum
1921 4192 2037 4231 non
2057 4173 2402 4240 retineat,de
2419 4171 2544 4245 lege
2557 4172 2925 4244 jejuniorum
2942 4190 3121 4247 quam
3137 4175 3249 4230 sibi
3269 4176 3575 4245 indixerat,

130 4264 491 4331 munitioni,
522 4264 625 4319 sed
653 4269 713 4320 et
740 4264 788 4321 si
821 4283 970 4338 opus
1010 4266 1088 4323 sit
1132 4266 1554 4341 oppugnationi
1605 4268 1811 4325 adesse
1920 4262 2059 4336 quia
2089 4280 2269 4335 supra
2301 4279 2445 4334 pene
2467 4261 2881 4333 praeterieram,
2907 4279 3085 4335 quam
3109 4264 3360 4320 breviter
3379 4270 3579 4338 potero

128 4354 524 4428 perspicitur.
541 4353 759 4411 Deinde
779 4355 1032 4411 ofﬁcinis
1064 4356 1419 4413 intrinsecus
1442 4356 1807 4427 necessariis,
1921 4351 2085 4423 prius
2117 4348 2505 4423 perstringere
2536 4349 2727 4421 cupio.
2766 4350 2827 4405 In
2859 4348 2986 4422 ipso
3019 4368 3151 4407 mox
3183 4352 3578 4408 conversionis

128 4444 432 4515 quoniam
463 4443 842 4515 antiquarum
875 4445 1042 4501 ruine
1070 4446 1368 4518 patebant,
1391 4447 1534 4503 dum
1564 4464 1633 4503 ex
1665 4465 1811 4505 novo
1920 4440 2109 4508 initio,
2131 4442 2319 4494 totum
2341 4439 2616 4510 deinceps
2640 4440 3164 4513 tempus,exceptis
3182 4440 3346 4496 festis
3370 4440 3578 4497 diebus

129 4536 544 4605 resurgerent,
570 4533 786 4588 institit
814 4534 1166 4591 indefessus.
1185 4537 1337 4591 Tum
1355 4536 1595 4591 demum
1615 4536 1809 4592 decori
1918 4530 2006 4586 vel
2037 4528 2341 4586 occasione
2370 4526 2625 4599 alicujus
2653 4526 3008 4583 inevitabilis
3040 4545 3178 4584 cure
3209 4529 3467 4601 corporis
3490 4529 3575 4586 vel

128 4621 356 4677 domus
382 4620 489 4677 Dei
512 4621 571 4677 in
590 4622 835 4679 diversis
856 4629 1337 4680 ornamentorum
1356 4626 1671 4698 generibus

2031 4617 2260 4673 rmitate
2308 4632 2411 4671 seu
2461 4614 2763 4687 hospitum
2812 4614 3324 4683 condescensione,
3348 4615 3576 4687 jejunio

126 4709 303 4766 dium
338 4709 1184 4781 adjecit.Pallia,diversorum
1196 4730 1481 4787 generum
1496 4715 1807 4784 velamina,
1839 4739 1888 4805 Β
1920 4706 2292 4805 disposuerat
2320 4703 2608 4805 dedicare.
2632 4704 2795 4804 Quod
2825 4707 2884 4759 et
2909 4702 3354 4805 aliquandiu,‘et
3369 4704 3580 4805 robore

127 4796 189 4853 in
223 4815 384 4854 usus
409 4814 611 4855 sacros
639 4799 799 4856 varia
846 4799 1214 4871 indumenta,
1250 4807 1316 4858 ut
1347 4803 1810 4861 sacerdotalibus
1839 4792 1885 4805 ”
1919 4798 2112 4855 adhuc
2134 4793 2464 4868 juventutis
2493 4798 2549 4851 et
2583 4792 2829 4865 pristine
2872 4793 3010 4850 olim
3044 4793 3104 4849 in
3137 4793 3332 4851 seculo
3365 4794 3581 4850 ﬁducia

125 4885 500 4942 ministeriis
532 4885 696 4943 nulla
714 4888 1006 4957 deessent,
1023 4893 1148 4945 tum
1167 4895 1225 4945 et
1246 4907 1382 4946 vasa
1403 4890 1611 4948 usibus
1629 4908 1818 4949 sacro-
1925 4882 2349 4959 castigationis,
2382 4881 2660 4938 vivaciter
2709 4881 2915 4951 tenuit,
2969 4886 3026 4938 et
3073 4887 3379 4956 tamquam
3431 4882 3579 4939 nihil

126 4992 264 5031 rum
303 4994 378 5031 ex
410 4979 675 5049 argento,
710 4977 909 5033 omnia
938 4994 1112 5051 opere
1142 4978 1330 5035 solido
1361 4984 1536 5053 atque
1563 4980 1815 5055 eleganti
1923 4974 2163 5034 omnino
2193 4974 2557 5046 gravaretur,
2588 4975 2655 5027 ut
2684 4970 2808 5027 leve
2838 4971 3124 5045 quiddam
3158 4990 3263 5028 nec
3300 4972 3417 5029 fere
3448 4990 3579 5030 sen~

126 5064 394 5136 paravit.
433 5063 572 5120 inde
619 5068 675 5122 et
720 5067 989 5122 tumbam
1044 5067 1303 5124 martiris
1361 5086 1658 5141 agressus,
1692 5077 1814 5128 tam
1924 5067 2097 5133 tiens,
2132 5062 2271 5137 agili
2301 5077 2562 5133 corpore,
2586 5060 2759 5116 corde
2779 5061 3064 5134 vultuque
3085 5060 3302 5119 laztiore
3322 5061 3580 5135 peregit;

126 5152 331 5224 ipsam
367 5170 555 5226 quam
577 5170 965 5228 quascumque
989 5155 1046 5210 in
1070 5155 1317 5212 diversis
1346 5157 1620 5215 oratoriis
1648 5166 1817 5217 erant
1925 5156 2137 5227 hisque
2158 5152 2365 5208 diebus
2380 5149 2525 5205 nihil
2540 5152 2973 5224 praaterpanem
2992 5153 3579 5223 sumebatetaquam,

125 5236 377 5309 altaria,
392 5242 702 5300 lamminis
725 5244 1018 5320 argenteis
1035 5262 1178 5301 auro
1200 5247 1813 5323 docenterinsignitis,
1925 5251 1985 5303 et
2012 5245 2072 5300 in
2103 5243 2250 5316 ipsis
2280 5255 2514 5312 quoque
2543 5238 2705 5295 omni
2736 5240 3020 5313 parcitate
3051 5240 3337 5306 adhibita,
3371 5244 3437 5296 ut
3466 5256 3583 5296 non

126 5331 204 5387 ad
237 5331 361 5388 hoc
393 5335 458 5388 et
484 5333 797 5390 ambonem
829 5333 1125 5408 evangelio
1157 5335 1453 5393 recitando
1484 5338 1732 5410 operuit,
1758 5345 1817 5397 et
1926 5339 2044 5394 fere
2075 5333 2208 5407 plus
2239 5328 2551 5387 medietate
2574 5329 2744 5405 panis
2766 5329 2870 5406 qui
2891 5329 3117 5408 integer
3137 5329 3290 5389 libra
3310 5328 3587 5405 appendi-

1512 5464 1754 5522 VARIZE
1793 5462 2100 5524 LECTION
2109 5460 2214 5517 ES.

204 5571 300 5607 ¹⁶¹⁰
332 5574 834 5632 commodabatur
866 5575 914 5633 1.
947 5577 1037 5634 vel
1068 5580 1545 5637 commutabatur
1574 5583 1635 5636 in
1662 5599 1840 5655 marg.
1922 5581 2006 5618 ¹⁶¹¹
2040 5592 2169 5636 eam
2202 5577 2279 5631 0.?

206 5776 370 5848 (397)
406 5775 536 5834 Vic.
1230 5738 1243 5747 ’
1606 5707 1842 5768 NOTE'
