3912 6436
371 508 486 574 28Ἷ

1242 509 1569 573 JOANNIS
1611 509 1943 573 ABBA'I‘IS
1988 508 2053 572 S.
2103 511 2447 575 ABNULFI
2490 511 2909 576 METENSIS.

3663 514 3774 578 288

367 650 468 705 tur
495 649 741 720 caperet,
775 660 938 716 aquae
970 659 1203 717 quoque
1242 643 1511 700 similiter
1554 643 1709 700 ultra
1757 642 2018 699 medium
2048 642 2104 710 Α
2133 643 2425 702 seculares
2444 645 2695 703 arbitros
2712 662 2840 703 esse
2861 646 3118 704 cavebat.
3135 647 3501 720 Quamquam
3526 649 3708 721 igitur
3723 653 3771 707 et

368 752 657 794 mensura:
671 753 799 808 quae
816 732 1096 789 fratribus
1113 733 1428 805 apponitur
1442 732 1678 801 vini,vix
1699 732 2012 805 quicquam

368 825 641 881 adiceret.
678 823 849 890 Salis,
883 822 1199 879 herbarum
1246 821 1581 888 virentium,
1617 824 1719 877 aut
1764 820 2017 894 alicujus

365 913 596 981 talium,
629 929 758 985 quae
792 910 1225 969 abstinentibus
1257 929 1372 967 non
1401 909 2015 983 interdicuntur,quic-

363 1020 541 1074 quam
574 1003 810 1077 penitus
842 1017 947 1056 nec
979 1000 1338 1074 adtingcbat.
1371 1000 1489 1056 Hoc
1520 1005 1576 1056 et
1605 999 1730 1073 ipse
1760 1001 2015 1057 domnus

363 1093 664 1160 Einoldus,
697 1093 840 1148 dum
870 1092 996 1164 ipse
1028 1108 1090 1147 se
1124 1090 1321 1163 ipsum
1370 1089 1749 1163 experiretur,
1778 1088 2014 1145 interim

363 1181 793 1259 permisit.Post
805 1180 1043 1253 aliquod
1061 1178 1268 1235 deinde
1286 1183 1518 1250 tempus
1540 1193 1671 1233 eum
1692 1194 1827 1233 eum
1848 1177 2015 1233 valde

362 1274 717 1347 pchpicerct
763 1270 1069 1335 defecisse,
1106 1284 1211 1323 nec
1258 1271 1454 1324 tamen
1483 1285 1517 1322 a
1546 1269 1733 1339 coepto
1785 1283 2014 1323 cessare

362 1362 463 1419 sed
496 1361 651 1417 ultra
687 1360 837 1416 vires
884 1358 1250 1425 contendere,
1286 1357 1584 1411 moderate
1629 1356 2010 1428 compescuit,

359 1455 418 1508 et
447 1455 513 1506 ut
539 1449 731 1522 magis
762 1447 915 1521 quod
947 1447 1096 1503 ferre
1139 1449 1337 1518 posset
1383 1443 1621 1518 eligeret
1667 1444 1913 1500 monuit.
1949 1444 2012 1500 In

359 1543 593 1596 tantum
623 1553 880 1609 namque
892 1537 1017 1607 jam
1041 1551 1168 1592 sesc
1189 1534 1537 1601 confecerat,
1555 1535 1620 1588 ut
1642 1532 1735 1589 die
1757 1534 2011 1605 quadam

358 1644 495 1685 cum
528 1626 807 1683 fratribus
837 1627 908 1682 ad
930 1629 1125 1681 ortum
1148 1640 1420 1697 egressus
1437 1623 1581 1678 dum
1603 1622 1760 1694 operi
1784 1621 2014 1679 enixius

359 1715 647 1784 incubuit,
671 1715 843 1771 corde
874 1716 1108 1787 repente
1138 1711 1418 1769 deficiens
1438 1710 1732 1782 citiusque
1754 1711 2011 1767 claustro

358 1812 421 1863 se
452 1805 737 1862 festinans
785 1803 1059 1876 recipere,
1093 1801 1153 1857 in
1200 1800 1397 1859 media
1438 1801 1531 1857 via
1579 1800 1891 1876 prolapsus
1933 1801 2012 1857 sit

356 1898 531 1969 atque
562 1893 716 1951 inter
745 1909 958 1949 manus
987 1891 1297 1948 deductus.

424 1984 515 2041 93.
550 1985 754 2056 Itaque
785 1978 1050 2055 regulam
1081 1978 1533 2036 tolerabiliorem
1566 1979 1910 2053 assumpsit,
1944 1982 2011 2035 ut

354 2075 506 2131 duas
562 2076 796 2129 tantum
844 2068 1329 2144 quadragesimas
1358 2066 1419 2124 in
1477 2084 1631 2124 anno
1685 2072 2008 2142 perageret,

355 2178 537 2221 unam
580 2164 715 2218 ante
762 2158 1124 2216 nativitatem
1170 2156 1546 2225 dominicam,
1580 2156 1824 2214 alteram
1875 2163 2009 2214 ante

355 2252 594 2328 pascha.
629 2249 885 2307 Priorem
918 2246 1158 2321 quidem
1190 2248 1264 2303 ab
1295 2245 1499 2303 Idibus
1539 2244 2004 2319 Septembribus,

355 2358 492 2400 cum
524 2357 680 2397 nona
711 2339 856 2396 hora
902 2336 1114 2393 fratres
1164 2335 1481 2409 prandium
1533 2338 1824 2408 repetunt,
1860 2334 2005 2391 inci-

355 2430 544 2507 piens,
578 2430 857 2503 sequente
890 2442 1024 2482 mox
1046 2425 1117 2481 ab
1140 2424 1360 2481 octavis
1380 2423 1804 2498 epiphaniaem’
1826 2424 2009 2480 domi-

355 2519 490 2579 nica
516 2518 690 2577 tertia
708 2521 766 2575 et
783 2515 992 2591 quinta
1011 2532 1139 2572 com
1150 2530 1388 2571 munem
1412 2513 1619 2570 ceteris
1641 2516 1846 2570 tenens
1867 2514 2009 2570 refe-

359 2611 636 2678 Ctionem,
660 2605 917 2681 reliquos
938 2604 1054 2641 ""3
1073 2608 1327 2677 quatuor
1348 2603 1681 2660 abstinebat
1702 2604 2006 2676 dies,pane

356 2703 587 2757 tantum
617 2701 675 2754 et
705 2712 860 2770 aqua
882 2694 1009 2768 lege
1040 2694 1168 2767 ipsa
1190 2695 1500 2749 contentus
1522 2708 1701 2764 quam
1723 2690 2001 2748 diximus.

356 2788 459 2846 Sin
487 2803 622 2844 vero
656 2786 839 2843 festus
869 2783 1117 2857 quilibet
1144 2781 1268 2838 dies
1299 2780 1601 2837 incidisset
1620 2784 1723 2837 aut
1741 2780 2005 2854 hospites

358 2866 1103 2951 supervenissent,eosdem
1127 2888 1361 2946 quoque
1382 2870 1694 2927 refectione
1716 2870 1999 2927 mutabat.

358 2966 420 3023 In
453 2963 764 3039 sanguinis
794 2978 1027 3036 quoque
1057 2960 1405 3029 minutione,
1441 2976 1619 3032 quam
1646 2959 1782 3032 plus
1803 2973 2007 3016 mense

354 3055 587 3113 ditl‘erre
608 3051 703 3109 vix
730 3053 980 3124 poterat,
1012 3064 1216 3106 curam
1246 3048 1508 3123 corporis
1529 3065 1644 3104 non
1666 3048 2000 3121 respuebat.

358 3144 491 3200 Ideo
522 3145 719 3198 autem
749 3143 912 3195 tanto
944 3137 1109 3210 prius
1139 3140 1406 3210 tempora
1452 3136 1862 3209 praeveniebat,
1897 3152 2003 3192 nec

356 3227 774 3306 propinquiora
796 3226 942 3300 ipsis
966 3227 1054 3262 ¹⁶¹⁴
1073 3224 1587 3298 solcmpnitatibus
1606 3224 2000 3297 exspectabat,

356 3325 421 3377 ut
452 3319 499 3375 si
534 3319 681 3374 forte
711 3331 1146 3389 quemcumque
1176 3314 1405 3370 dierum
1440 3312 1860 3386 dispositorum
1895 3311 2001 3369 ali-

355 3410 526 3482 cujus
556 3406 766 3464 talium
797 3421 971 3461 casus
1007 3402 1707 3477 praeciperehsuperesset
1741 3400 1792 3456 ei
1821 3400 1882 3456 in
1909 3418 1998 3457 rc-
2030 3382 2073 3452 C

354 3496 605 3572 liquum,
641 3513 755 3569 quo
785 3494 1019 3550 eosdem
1051 3491 1175 3549 dies
1205 3507 1648 3564 recompensare
1669 3491 1759 3526 ¹⁶¹⁵
1780 3490 2006 3547 sufﬁce-

356 3592 462 3645 ret.
513 3585 677 3643 Unde
724 3582 1069 3640 multotiens
1128 3597 1264 3637 cum
1313 3579 1395 3636 ita
1443 3578 1805 3653 contigisset,
1840 3583 1906 3634 ut
1936 3595 2004 3636 ex

356 3674 650 3749 praedictis
669 3669 1078 3729 occasionibus
1100 3672 1203 3725 aut
1226 3667 1357 3725 aliis
1383 3667 1720 3741 quibusque
1741 3668 2005 3723 acciden-

352 3764 513 3821 tibus
533 3767 655 3819 tota
680 3760 794 3817 sibi
829 3758 1157 3817 ebdomada
1186 3760 1287 3815 aut
1317 3758 1462 3814 forte
1485 3757 1612 3812 dua:
1635 3755 1724 3813 vel
1746 3756 2003 3829 amplius

352 3859 483 3911 voto
513 3851 796 3925 explendo
827 3846 1270 3922 impedirentur,
1304 3862 1440 3902 mox
1489 3846 1688 3902 obtata
1737 3845 2002 3902 redditus

354 3942 640 4009 libertate,
671 3954 986 3996 numerum
1007 3934 1532 4010 praetermissorum
1558 3934 2001 4002 dierum,couti-

353 4035 534 4088 nuata
553 4028 708 4086 binis
729 4032 833 4084 aut
852 4025 1236 4099 amplioribus
1258 4022 1684 4080 cbdomadibus
1706 4023 2005 4079 continen-

351 4120 457 4187 tia,
491 4117 787 4175 dominica
814 4116 1122 4172 dumtaxat
1149 4115 1410 4181 vacante,
1446 4111 1676 4168 cunctis
1706 4112 1807 4184 qui
1840 4112 2001 4168 vide-

353 4210 493 4264 bant
506 4205 880 4279 stupentibus
892 4202 978 4259 vel
992 4202 1328 4259 dolentibus
1348 4200 1721 4256 instaurabat
1741 4219 1753 4267 ;
1778 4201 1999 4273 itaque,

353 4315 425 4354 ne
455 4314 522 4353 ex
549 4293 758 4352 votivis
790 4292 1182 4366 quadraginta
1215 4290 1423 4346 diebus
1465 4288 1564 4343 illo
1594 4288 1680 4344 vel
1716 4288 1817 4345 illo
1848 4293 2000 4344 tem-

352 4403 489 4459 pore
501 4384 817 4459 quisquam
841 4380 1180 4455 praeteriret,
1197 4377 1448 4435 callidus
1472 4377 1722 4433 nimium
1737 4378 2002 4434 observa-

308 4530 311 4535 .
351 4480 443 4532 tor
469 4473 826 4547 invigilabat.
864 4469 1215 4542 Plerumque
1245 4483 1480 4524 cernere
1520 4473 1646 4522 erat
1675 4466 1839 4522 illum
1872 4468 2003 4540 ipsa

351 4581 586 4638 quoque
611 4561 881 4636 prmscire
904 4560 1121 4626 futura,
1143 4574 1278 4614 cum
1303 4555 1477 4612 talem
1501 4556 1999 4613 continuationem

342 4653 554 4726 jejunii
587 4656 891 4724 tamquam
923 4666 992 4706 ex
1020 4646 1340 4720 improviso
1371 4646 1629 4719 arripere
1674 4644 1998 4702 videbatur.

350 4743 497 4799 Nam
529 4741 610 4798 ita
638 4754 1024 4812 sepenumero
1057 4735 1534 4805 animadversum
1558 4738 1665 4802 est,
1685 4735 1840 4806 quod
1865 4749 1999 4790 cum
2031 4757 2080 4823 Β

351 4831 434 4888 sic
466 4831 659 4886 omnis
687 4823 1057 4884 remissionis
1099 4824 1342 4898 ignarus
1392 4823 1657 4897 ferveret,
1690 4824 2003 4880 subsenter

352 4924 454 4976 aut
481 4916 688 4975 nuntio
717 4920 820 4973 aut
845 4914 1043 4988 aliqua
1071 4900 1389 4969 inevitabili
1422 4911 1771 4968 necessitate
1803 4928 2004 4968 mona-

353 5006 530 5064 sterio
561 5004 827 5079 progredi
851 5003 1199 5076 cogebatur;
1224 5017 1362 5056 nam
1386 5001 1668 5073 quamdiu
1691 5000 1832 5057 foris
1852 5006 1997 5071 erat,

352 5086 597 5150 humani
631 5091 745 5148 diei
775 5091 921 5164 (398)
940 5088 1246 5145 latrocinia
1269 5089 1357 5125 ¹⁸¹⁶
1378 5088 1645 5146 sollerter
1666 5091 1997 5159 attendens,

354 5181 561 5239 secreti
591 5181 703 5249 sui,
735 5180 905 5252 cujus
936 5180 1052 5235 Deo
1082 5181 1313 5235 tantum
1345 5180 1675 5235 mercedem
1706 5179 1997 5250 servabat,

2126 733 2375 790 aliorum
2407 739 2739 808 temporum
2770 740 2929 792 certa
2947 735 3196 809 jejunia,
3231 740 3334 793 aut
3363 742 3617 811 quatuor
3641 740 3769 796 anni

2124 826 2457 896 temporum
2471 828 2528 880 et
2541 823 3023 897 solempnitatum
3050 826 3301 899 sparsim
3325 844 3429 901 per
3448 844 3669 884 annum
3688 848 3767 885 or-

2126 911 2517 969 dine‘suo'm"
2545 914 2902 984 occurentia,
2941 919 3198 981 strenue,
3232 916 3281 971 si
3313 920 3548 973 tantum
3580 936 3767 975 secum

2127 1018 2220 1058 res
2249 1000 2300 1058 ei
2332 1003 3014 1078 esset,peregerit—~nam
3045 1005 3154 1062 etsi
3176 1007 3302 1043 "6“
3321 1007 3519 1080 gloriae
3549 1027 3771 1083 semper

2126 1090 2404 1163 fugitans,
2424 1092 2632 1149 itinere
2652 1093 2741 1150 vel
2766 1093 2996 1168 hospite
3018 1112 3154 1168 sepe
3176 1096 3558 1164 resolvit,haec
3579 1102 3763 1156 tamen

2125 1181 2377 1263 duarum
2408 1180 2467 1236 in
2500 1199 2653 1238 auno
2686 1183 3275 1257 quadragesimarum
3303 1189 3437 1242 vota
3468 1188 3586 1244 fere
3616 1181 3768 1244 numl

2124 1287 2304 1342 quam
2350 1270 2628 1344 praeteriit
2658 1303 2748 1340 ——,
2783 1272 3009 1345 reliquo
3055 1274 3191 1330 anni
3242 1278 3525 1349 tempore,
3559 1283 3764 1351 quanto

2123 1358 2344 1415 scilicet
2372 1360 2619 1417 fratrum
2651 1360 2793 1417 bina
2824 1362 3060 1419 refectio
3082 1363 3364 1431 tenditur,
3388 1369 3768 1423 communiter

2122 1447 2249 1504 sine
2280 1447 2478 1521 aliqua
2508 1449 2836 1522 adjectione
2864 1451 2949 1507 vel
2986 1452 3321 1510 diversitate
3359 1454 3631 1512 convixit.

2190 1537 2279 1592 94.
2307 1537 2597 1612 Cyborum
2628 1538 2911 1611 quicquid
2935 1541 3274 1613 parabatur,
3297 1541 3522 1599 nullam
3554 1544 3767 1601 faciens

2120 1625 2535 1696 differentiam,
2566 1644 2673 1683 nec
2703 1627 2910 1685 viliora
2941 1629 3053 1685 sibi
3080 1631 3495 1697 aﬁ'ectans,nec
3524 1633 3767 1691 lautiora

2119 1716 2471 1773 detrectans.
2506 1717 2784 1784 Qualitati
2816 1718 3119 1789 coctionis,
3153 1736 3272 1792 qua
3310 1721 3531 1779 cazteris
3560 1723 3768 1779 minis-

2119 1808 2342 1861 tratum
2368 1808 2477 1874 est,
2511 1806 2722 1864 usibus
2753 1807 2880 1864 suis
2909 1823 3193 1882 umquam
3243 1808 3466 1882 aliquid
3507 1811 3658 1868 adici
3686 1812 3768 1870 vel

2119 1893 2337 1950 mutari
2366 1895 2456 1931 ¹⁶¹⁹
2474 1895 2762 1969 permisit.
2788 1896 2963 1954 Panis
2994 1897 3237 1970 aequalis
3257 1902 3314 1954 et
3333 1899 3769 1967 similis,vinum

2119 1983 2383 2054 ejusdem
2434 1999 2710 2041 mensura
2757 1988 2816 2041 et
2852 1986 3100 2058 saporis,
3133 1985 3293 2043 nullo
3351 1988 3770 2047 universalitati

2119 2071 2414 2128 diversum
2431 2071 2748 2146 aliquando
2763 2074 2894 2130 fuit.
2911 2075 3098 2131 Festis
3120 2075 3351 2145 diebus,
3365 2076 3584 2150 quibus
3597 2095 3771 2151 quam

2115 2158 2337 2217 lautius
2354 2163 2412 2218 et
2428 2160 2779 2234 exquisitius
2798 2163 3054 2220 fraterna
3056 2164 3081 2237 j
3092 2165 3403 2222 ucunditas
3418 2166 3477 2221 in
3492 2166 3769 2224 honorem

2116 2247 2347 2305 Domini
2377 2249 2465 2306 vel
2497 2255 2830 2308 sanctorcm
2879 2255 3073 2325 potest
3122 2269 3404 2327 apparare
3450 2258 3770 2326 consuevit,

2117 2338 2484 2411 quzecunque
2513 2341 2960 2412 apponebantur
2986 2340 3169 2399 libere
3199 2345 3495 2401 sumebat.
3527 2345 3637 2402 Hoc
3665 2363 3773 2403 non

2115 2434 2258 2493 utor,
2294 2427 2436 2483 illud
2464 2428 2601 2501 aﬁ'er
2630 2429 2715 2485 vel
2737 2446 2898 2501 para,
2934 2446 3262 2505 numquam
3292 2448 3360 2489 ex
3378 2450 3446 2489 eo
3478 2434 3772 2490 auditum.

2117 2516 2203 2571 Ita
2230 2515 2291 2571 in
2314 2515 2476 2573 nullo
2499 2516 2818 2590 aliquando
2840 2519 2969 2575 cibo
2990 2521 3049 2575 et
3068 2526 3210 2593 potu
3234 2521 3510 2579 notabilis
3529 2540 3774 2596 appare-

2115 2605 2233 2661 bat.
2270 2603 2420 2672 Quin
2453 2609 2511 2661 et
2544 2605 2689 2679 ipse,
2714 2611 2780 2662 ut
2804 2606 3009 2663 talium
3033 2609 3301 2682 adprime
3322 2610 3773 2685 peritus,parari

2113 2694 2221 2750 hec
2252 2710 2426 2765 quam
2457 2692 2791 2753 lautissime
2828 2696 2924 2752 his
2964 2696 3174 2752 diebus
3226 2697 3495 2767 faciebat,
3527 2705 3585 2757 et
3615 2701 3777 2756 nullo

2114 2788 2432 2857 apparente
2460 2787 2598 2859 typo
2629 2784 2925 2842 sumebat.
2956 2783 3183 2855 Corpus
3214 2785 3264 2839 ei
3314 2801 3463 2855 pene
3513 2787 3778 2846 naturali

2113 2889 2346 2946 semper
2375 2872 2799 2930 insolubilitate
2823 2872 3125 2939 duruerat,
3152 2875 3217 2927 ut
3247 2871 3485 2928 difficile
3517 2877 3705 2934 cibus
3726 2878 3777 2933 in

2110 2977 2179 3018 eo
2209 2962 2651 3035 decoqueretur.
2683 2960 2823 3017 Inde
2852 2958 3132 3032 pocioncs
3165 2959 3483 3017 herbarum
3512 2968 3625 3018 aut
3660 2964 3779 3038 plc-

2112 3064 2363 3123 rumque
2383 3066 2512 3123 qua:
2534 3050 2606 3106 ad
2626 3048 2685 3104 id
2709 3048 2964 3104 facerent
2986 3046 3074 3104 vel
3096 3048 3491 3105 conducerent
3512 3051 3784 3127 pigmen-

2110 3142 2328 3208 torum,
2353 3137 2603 3194 libenter
2630 3135 2938 3205 sumebat;
2971 3135 3068 3192 his
3099 3140 3333 3193 tantum
3367 3138 3780 3213 admissis,rc-

2108 3224 2272 3298 liqua
2301 3225 2661 3282 medicorum
2691 3227 2811 3281 tam
2844 3223 3074 3282 diversa
3095 3229 3217 3281 arte
3239 3226 3505 3283 confecta
3533 3246 3781 3286 recusa-

2109 3314 2228 3369 bat.
2262 3312 2409 3368 Illud
2435 3314 2525 3349 ¹⁶²⁰
2555 3317 2709 3369 certe
2740 3329 2975 3370 summo
2997 3313 3132 3370 nisu
3155 3318 3451 3372 servatum
3475 3321 3667 3385 est,ut
3683 3318 3777 3374 vix

2110 3406 2215 3458 aut
2234 3417 2561 3474 numquam
2582 3401 2641 3456 in
2658 3401 2999 3458 ebrietatem
3022 3407 3125 3457 aut
3145 3403 3449 3477 crapulam
3473 3423 3541 3462 cx
3558 3422 3778 3479 quam-

2110 3489 2254 3546 libet
2281 3493 2489 3563 przeter
2506 3489 2744 3545 solitum
2766 3493 3005 3563 sumpto
3022 3491 3165 3564 eybo
3182 3491 3270 3547 vel
3288 3496 3427 3565 potu
3445 3494 3779 3551 deducere-

2111 3582 2228 3647 tur,
2259 3576 2346 3634 vel
2380 3579 2535 3634 unde
2566 3577 2885 3650 quicquam
2918 3580 3181 3635 consueti
3215 3581 3410 3653 operis
3441 3582 3519 3638 rei
3554 3582 3777 3639 divinre

2112 3671 2288 3724 noctu
2336 3664 2426 3722 vel
2474 3667 2731 3723 interdiu
2788 3667 3175 3724 intermittere
3230 3674 3553 3744 cogeretur.
3590 3671 3683 3727 Ita
3724 3676 3781 3728 et

2112 3756 2254 3813 foris
2285 3755 2678 3812 communiter
2707 3755 2915 3812 ceteris
2947 3756 3240 3813 convivari
3270 3758 3602 3823 videbatur,
3638 3767 3699 3817 et
3720 3762 3779 3816 in

2112 3846 2241 3919 ipso
2263 3843 2530 3902 convictu
2553 3843 2663 3900 sibi
2688 3848 2973 3901 statutam
2994 3846 3506 3919 percipiendorum
3529 3847 3783 3905 alimen-

2111 3940 2306 3991 torum
2338 3950 2680 3991 mensuram
2711 3951 2830 3990 non
2863 3935 3197 3991 excedebat.
3221 3935 3283 3991 In
3307 3935 3451 3992 illud
3479 3939 3741 4009 apostoli
3766 3955 3781 3994 :

2111 4023 2234 4080 Scio
2271 4031 2323 4079 et
2349 4024 2562 4079 esurire
2589 4030 2641 4079 et
2668 4024 2868 4079 satiari
2898 4022 3070 4096 (Phil.
3103 4041 3181 4090 1v,
3217 4022 3326 4095 i2),
3361 4041 3495 4081 eum
3535 4043 3663 4098 pra:
3699 4044 3788 4083 ce-

2112 4112 2254 4169 teris
2284 4112 2464 4183 hujus
2496 4110 2784 4184 temporis
2811 4127 3048 4167 summa
3078 4116 3200 4167 arte
3230 4115 3289 4167 et
3319 4113 3574 4186 quadam
3598 4116 3783 4171 veluti

2112 4200 2425 4273 disciplina
2454 4199 2793 4256 institutum
2817 4205 2875 4256 et
2894 4205 3372 4258 consummatum
3412 4201 3611 4276 palam
3657 4206 3785 4260 eni-

2110 4291 2244 4347 tuit.
2277 4290 2393 4346 Nec
2425 4289 2580 4345 enim
2610 4289 2804 4345 esurio
2834 4288 3166 4357 demissior,
3199 4306 3303 4346 nec
3335 4291 3779 4349 mfectisnc‘m'

2112 4394 2396 4451 umquam
2418 4378 2693 4451 apparuit
2717 4378 2940 4434 elatior.
2964 4379 3049 4434 Ad
3074 4396 3394 4445 summam,
3417 4382 3781 4453 poenitentia:

2112 4468 2363 4541 rigorem
2395 4468 2647 4524 eundem
2680 4468 2769 4503 ¹⁶²²
2803 4483 2992 4539 usque
3021 4468 3092 4523 ad
3120 4467 3298 4523 ﬁnem
3319 4468 3448 4523 vitae
3476 4469 3635 4527 mira
3658 4489 3783 4544 per-

2111 4557 2437 4614 severantia
2465 4556 2671 4625 tenuit,
2698 4557 2974 4629 quodque
3004 4559 3235 4613 tantum
3267 4559 3779 4631 superexcellit,ut

2112 4664 2147 4702 a
2174 4645 2343 4703 nobis
2374 4645 2636 4718 quolibet
2666 4660 2935 4702 sermone
2965 4644 3183 4718 expleri
3219 4663 3331 4703 non
3362 4648 3572 4720 possit.
3612 4650 3779 4705 Unde

2110 4735 2206 4792 his
2235 4734 2408 4792 modo
2440 4734 2739 4807 imposito,
2772 4734 2845 4789 ad
2875 4751 2944 4789 ea
2968 4751 3094 4806 quae
3116 4736 3186 4791 de
3207 4735 3597 4793 exterioribus
3647 4739 3779 4811 ejus

2110 4823 2296 4897 gestis
2328 4823 2478 4880 scire
2506 4822 2812 4895 potuimus
2843 4822 3047 4878 stilum
3098 4829 3421 4880 vertamus.
3456 4824 3517 4880 In
3553 4828 3781 4898 quibus

2112 4912 2327 4986 partim
2362 4911 2676 4984 prudentia
2706 4912 2937 4985 sagacis
2975 4911 3195 4986 ingenii
3245 4916 3304 4969 et
3352 4912 3534 4969 robur
3583 4915 3774 4970 animi

2109 5000 2296 5057 virilis
2327 5001 2527 5074 gratiae
2558 5016 2825 5073 supernae
2872 5000 3081 5074 adjuti,
3117 5000 3332 5074 partim
3382 5002 3507 5058 sola
3554 5004 3770 5059 divina:

2108 5091 2348 5146 virtutis
2378 5090 2657 5162 operatio,
2694 5090 2795 5146 ubi
2826 5090 3089 5147 humana
3119 5091 3325 5148 adesse
3356 5109 3472 5148 non
3504 5097 3785 5166 poterant

2114 5179 2356 5249 auxilia,
2390 5183 2531 5234 sunt
2561 5180 2984 5235 demonstrata.

1702 5302 1948 5359 VARI/E
2002 5304 2422 5361 LECTIONES.

428 5404 516 5439 ιω
545 5404 621 5457 ita
654 5401 709 5473 ι.
742 5418 881 5473 ep...
912 5415 962 5473 _c.

1040 5400 1242 5475 “fita
1299 5399 1436 5475 litat).
1496 5399 1600 5454 reli
1647 5402 1785 5475 jam
1825 5401 2120 5468 deest;vel
2172 5418 2321 5473 quos
2351 5403 2411 5457 L.
2443 5403 2607 5457 male.
2687 5402 2777 5438 ιθυ
2805 5401 2919 5474 ipsi
2978 5420 3024 5458 c.
3104 5403 3192 5475 ¹⁶ξδ
3222 5411 3706 5475 recompensaret
3733 5425 3779 5463 c.

356 5475 445 5509 ¹⁶¹⁶
478 5472 749 5549 impediam
762 5470 796 5549 ί
811 5487 886 5525 an
912 5470 1243 5549 lenocinia?
1318 5471 1587 5549 ‘M'fnvpces
1617 5470 1846 5549 αζςιβνίεο
1874 5480 2097 5549 noth
2122 5470 2778 5549 e.e_conjectur_'a_.scripsi,
2811 5470 3267 5549 lacunasrodicis
3296 5470 3515 5546 cxplcre
3556 5495 3781 5549 aggres-

355 5562 469 5602 sus.
501 5617 504 5618 ν
548 5544 745 5618 ωειλ-αα
768 5543 828 5595 L.
862 5558 966 5596 vox
982 5544 1105 5612 jam
1145 5542 1307 5597 deest.
1388 5542 1477 5576 ¹⁶¹⁹
1507 5559 1622 5597 non
1672 5543 1834 5598 deest.
1914 5545 2005 5579 ¹⁶²θ
2035 5544 2184 5602 Illud
2218 5577 2287 5585 —
2314 5542 2631 5603 excedebat
2668 5542 2872 5603 desunt
2914 5545 3062 5618 apud
3113 5542 3401 5603 Labbeuni.
3483 5549 3569 5583 ¹⁶²¹
3591 5542 3695 5605 ἳὶα
3721 5554 3778 5607 ι.

356 5632 461 5674 vox
480 5617 601 5689 jam
626 5614 787 5669 deest.

1943 5712 1989 5769 Ν
1995 5712 2176 5769 ΟΤᾹΕ.
2661 5735 2699 5762 ι

1943 5714 2089 5770 NOT
2165 5756 2176 5769 .

429 5810 576 5885 (398)
609 5808 670 5866 Id
701 5810 789 5865 est
818 5804 1065 5863 humani
1096 5807 1321 5879 operis;
1356 5807 1428 5863 cf.
1457 5807 1620 5865 Pauli
1651 5808 1754 5882 Ep.
1790 5808 1832 5877 Ῑ,
1864 5810 1935 5867 ad
1968 5714 2229 5871 Gorﬁh.
2265 5828 2344 5881 ιν,
2377 5813 2430 5866 3.
