3912 6438
176 519 296 577 289

1081 516 1183 577 DE
1227 516 1409 577 VlTA
1451 516 1779 579 JOANNIS
1824 515 2158 579 ABBA'I‘IS
2206 516 2689 580 GORZIENSIS.
2734 572 2739 577 .

3475 527 3594 586 290

246 649 336 704 95.
369 648 516 704 Cum
550 647 697 721 (399)
730 648 942 720 primo,
976 653 1040 703 ut
1071 648 1335 720 superior
1364 653 1553 704 textus
1604 648 1824 715 docuit,
1860 654 1912 719 Α
1945 665 2043 703 eos
2069 648 2418 715 stimularet,
2437 655 2492 705 et
2515 651 2642 721 jam
2667 653 2845 706 ferme
2866 652 3118 708 triennio
3134 653 3445 727 episcopus
3468 657 3592 714 loco

176 738 397 793 ibidem
425 737 614 793 sancti
638 736 744 792 viri
768 742 1040 809 prompta
1064 738 1264 793 domni
1298 738 1675 793 Adelberonis
1704 737 1827 809 cpi-

175 825 337 898 scopi
366 825 666 883 voluntate
688 826 760 881 ad
793 824 987 880 locum
1008 826 1415 898 Gorziamjam
1447 826 1669 882 dictum
1692 844 1829 882 con-

170 915 490 984 venissent,
526 914 872 987 aliquandiu
906 914 1145 987 quidcm
1192 932 1299 987 ope
1342 916 1472 986 ejus
1522 916 1582 971 in
1620 915 1830 987 primis

171 1003 488 1061 sustentati
518 1007 676 1070 sunt,
698 1003 843 1076 quia
872 1003 1124 1058 necdum
1156 1003 1407 1059 facultas
1438 1004 1488 1059 ei
1523 1003 1731 1070 fuerat,
1767 1006 1833 1058 ut

173 1092 247 1149 de
263 1091 740 1165 possessionibus
763 1092 1125 1159 monasterii,
1142 1110 1270 1165 qua:
1292 1093 1407 1165 iam
1427 1091 1640 1147 abhinc
1659 1092 1830 1165 longe

174 1184 331 1236 retro
380 1180 663 1236 beneﬁcio
712 1180 1065 1236 secularium
1114 1187 1429 1249 cesserant,
1469 1181 1555 1236 eis
1607 1181 1829 1252 aliquid

174 1268 524 1324 restitueret.
546 1270 684 1325 Inde
706 1270 849 1325 dum
863 1270 1045 1341 aliqui
1069 1270 1351 1326 divinitus
1372 1269 1638 1342 inspirati
1675 1270 1831 1326 fama

173 1358 341 1413 bonae
372 1357 664 1429 opinionis
694 1357 835 1414 illuc
863 1360 1154 1414 conﬂuere
1196 1360 1508 1431 cepissent,
1542 1362 1597 1414 et
1630 1364 1829 1414 sancte

172 1447 643 1520 congregationis
690 1451 1031 1521 augesceret
1080 1448 1419 1513 multitudo,
1453 1466 1549 1503 rex
1590 1448 1829 1505 vixdum

170 1535 372 1591 tenuis
403 1536 682 1608 exiguum
716 1554 832 1610 prae
854 1553 923 1594 ea
944 1554 1072 1609 quze
1096 1542 1236 1593 tunc
1265 1555 1383 1594 non
1411 1542 1593 1608 tanta,
1608 1539 1828 1595 nedum

170 1625 247 1681 ad
275 1641 406 1681 eam
436 1641 565 1697 qua
595 1630 731 1698 post
760 1626 963 1682 futura
1008 1627 1358 1698 sperabatur
1388 1626 1448 1682 in
1474 1628 1600 1684 dies
1640 1627 1830 1700 magis

171 1713 485 1787 magisque
531 1714 864 1787 augendam
918 1713 1423 1783 numerositatem,
1447 1715 1833 1788 pollicebatur

167 1800 557 1874 stipendium.
590 1802 678 1858 Ad
716 1801 828 1858 hoc
871 1806 929 1858 et
957 1802 1112 1858 idem
1134 1803 1226 1859 vir
1249 1808 1490 1860 sanctus
1521 1803 1825 1862 Adelbero.

165 1906 354 1963 regno
370 1895 512 1947 tunc
532 1888 782 1946 diversis
802 1890 1350 1962 perturbationibus
1372 1892 1658 1949 concitato
1675 1892 1831 1949 circa

165 1978 463 2051 plurimas
490 1994 664 2035 curas
695 1979 1011 2047 distentus,
1041 1980 1242 2036 minus
1273 1980 1357 2037 eis
1389 1982 1559 2038 solito
1591 1980 1826 2054 prospi-

166 2084 302 2123 cere
322 2071 567 2140 poterat.
586 2067 724 2123 Inde
756 2066 1067 2141 compulsi,
1075 2069 1202 2139 jam
1219 2069 1413 2126 aliena
1437 2069 1648 2126 solatia
1676 2088 1824 2144 pene

166 2173 431 2228 quaerere
453 2157 907 2212 destinaverant.
924 2158 994 2212 Et
1014 2158 1151 2229 quia
1172 2158 1283 2214 sub
1307 2158 1463 2214 idem
1485 2160 1666 2215 ferme
1687 2164 1827 2215 tem-

166 2259 284 2316 pus
306 2243 749 2317 (DCCCXXXIV)
770 2245 890 2318 Ogo
910 2247 1255 2318 praepositus
1270 2250 1410 2302 tunc
1433 2249 1622 2304 sancti
1645 2248 1825 2303 Maxi-

167 2331 340 2400 mini,
371 2332 556 2388 felicis
588 2335 967 2406 postmodum
997 2335 1271 2408 exempli,
1303 2353 1338 2392 a
1369 2336 1632 2394 seeculari
1683 2355 1825 2393 con-

163 2419 497 2478 versatione
528 2438 590 2478 se
622 2422 1018 2491 restrinxerat,
1054 2428 1112 2479 et
1153 2441 1261 2496 ope
1310 2424 1478 2482 ducis
1518 2424 1825 2483 Gisleberti

165 2510 328 2565 idem
361 2510 786 2567 monasterium
828 2512 900 2567 ad
946 2512 1276 2584 regularem
1327 2514 1824 2571 conversationem

164 2599 481 2655 reduxerat
511 2599 681 2672 (400),
715 2601 980 2672 ejusdem
1034 2602 1129 2675 pio
1175 2601 1478 2673 molimine
1528 2601 1825 2676 praepositi

162 2687 271 2743 illo
305 2704 365 2744 se
396 2690 713 2745 transferre
761 2690 1191 2765 aliquantisper
1234 2708 1546 2749 assensum
1596 2691 1825 2765 ﬂagita-

159 2782 372 2835 verant
390 2781 411 2802 '
429 2779 538 2832 ‘5".

239 2865 335 2920 96.
369 2865 515 2921 Cum
547 2866 699 2922 inter
731 2867 853 2924 hmo
884 2870 1142 2925 domnus
1194 2869 1476 2926 Einoldus
1508 2887 1630 2927 rem
1682 2871 1823 2927 tluc-

162 2957 437 3010 tuantem
468 2955 687 3012 saniori
710 2956 1105 3030 comprimens
1126 2961 1148 2982 ⁶
1175 2959 1400 3015 ratione
1423 2960 1531 3027 “3’3,
1567 2959 1822 3031 quadam

163 3042 268 3099 die
299 3042 451 3098 inter
478 3048 687 3100 caetera
716 3046 1097 3103 exortationis
1126 3048 1303 3103 verba
1330 3064 1535 3105 omnes
1563 3047 1645 3103 sic
1678 3047 1824 3104 allo-

158 3130 375 3203 quitur
405 3147 418 3186 :
454 3153 485 3183 ‹‹
515 3132 838 3205 Scriptura,
889 3133 1122 3207 inquid,
1149 3134 1363 3192 asserit
1404 3137 1586 3209 (Prov.
1605 3153 1720 3190 XVI.
1742 3137 1819 3208 7),

157 3218 311 3292 quia
338 3236 474 3276 cum
505 3219 833 3294 placuerint
862 3222 1110 3280 Domino
1130 3223 1233 3279 viae
1254 3223 1823 3292 hominis,inimicos

159 3324 405 3381 quoque
430 3309 562 3381 ejus
581 3315 876 3367 convertet
895 3312 966 3368 ad
990 3330 1215 3385 pacem.
1239 3313 1665 3387 Negligentiam
1685 3329 1822 3386 ergo

1940 736 2502 803 abstinuisset,tbrte
2524 756 2626 809 pro
2646 739 2769 795 viro
2780 740 3035 810 quodam
3049 742 3206 813 juris
3230 748 3594 817 monasterii,

1940 823 2044 897 qui
2066 826 2241 880 rebus
2263 825 2621 897 quibusdam
2642 826 3074 900 epiSCOpalibus
3096 836 3364 902 prmerat,
3380 832 3595 889 Johan-

1940 931 2046 969 ncs
2076 913 2269 969 Mettis
2299 915 2633 972 advocatur.
2670 914 2887 971 Blande
2918 917 3173 990 primum
3208 920 3279 977 ab
3320 920 3593 994 episcopo

1940 1002 2302 1070 convenitur,
2318 1019 2389 1058 ne
2410 1002 2523 1060 sibi
2545 1004 2701 1076 quod
2723 1009 2944 1076 peteret
2964 1005 3294 1080 denegaret.
3321 1008 3588 1080 «Vestra,

1908 1132 1911 1135 .
1940 1090 2154 1163 inquit,
2187 1090 2396 1164 peticio
2436 1092 2630 1163 jussio
2678 1096 2785 1149 est.
2812 1125 2878 1134 —
2899 1093 3104 1151 Virum
3153 1095 3344 1166 illum,
3377 1096 3590 1170 inquit,

1939 1179 2085 1234 mihi
2108 1181 2281 1235 cedas
2313 1180 2583 1253 deposco.
2618 1204 2645 1231 ››
2681 1180 2781 1236 Ille
2814 1182 2988 1254 paulo
3017 1184 3384 1253 commotior,
3408 1190 3473 1240 ut
3496 1186 3591 1242 cui

1940 1284 2108 1323 mens
2138 1266 2310 1339 longe
2347 1268 2494 1324 alias
2542 1269 2881 1325 intendebat
2913 1286 2926 1324 :
2966 1294 2993 1321 «
3018 1272 3329 1346 Exemplo'
3353 1276 3461 1344 “‘9‘,
3496 1276 3587 1329 in-

1940 1356 2312 1428 quid,fabule
2344 1357 2523 1413 David
2557 1375 2711 1413 nunc
2744 1358 3073 1428 ultimi,ubi
3107 1361 3266 1417 dives
3314 1363 3590 1419 innume-

1938 1444 2021 1499 ris
2054 1461 2201 1518 quas
2234 1445 2490 1501 habebat
2517 1447 2723 1503 ovibus
2753 1464 3020 1519 parcens,
3052 1448 3268 1522 hospiti
3313 1469 3592 1524 superve-

1939 1532 2121 1589 nienti
2153 1533 2392 1590 unicam
2420 1534 2697 1607 pauperis
2726 1552 2891 1592 ovem
2930 1536 2985 1592 vi
3017 1537 3372 1595 abstractam
3407 1540 3594 1613 jussit

1938 1621 2174 1694 apponi.
2191 1622 2286 1679 Sic
2301 1639 2437 1678 cum
2454 1621 2687 1679 inﬁnita
2702 1623 3060 1697 reliquorum
3074 1626 3243 1701 copia
3256 1628 3590 1699 abundetis,

1939 1727 2124 1767 unum
2147 1710 2306 1767 hunc
2326 1710 2499 1768 nobis
2530 1711 2890 1785 pauperibus
2918 1713 3296 1788 praeripitis.»
3325 1717 3590 1777 Adducto

1938 1798 2251 1871 supercilio
2298 1816 2435 1856 cum
2481 1817 2545 1856 se
2591 1799 2710 1868 ille,
2730 1800 2824 1856 vix
2854 1801 3053 1875 aliqua
3086 1803 3269 1860 animi
3312 1804 3591 1873 commoti

1936 1889 2110 1944 verbo
2132 1888 2377 1963 signans
2404 1888 2643 1960 indicia,
2656 1889 3295 1959 avertisset,Johannes
3314 1910 3378 1952 se
3398 1912 3430 1952 e
3450 1912 3589 1952 con-

1937 1982 2140 2051 spectu
2172 1978 2482 2052 proripuit.
2520 1979 2850 2036 Fridericus
2880 1981 3205 2039 monachus
3236 1984 3423 2039 sancti
3444 1982 3592 2040 Huc-

1940 2064 2112 2133 berti,
2143 2067 2315 2140 cujus
2363 2084 2542 2140 supra
2589 2068 2805 2124 mentio
2837 2069 2989 2125 facta
3028 2075 3125 2139 est
3154 2070 3294 2144 (cap.
3334 2073 3450 2145 55),
3476 2073 3587 2130 sub

1936 2153 2065 2225 ipsa
2087 2154 2265 2210 ferme
2297 2172 2399 2212 ora
2426 2156 2785 2229 ingrediens,
2817 2162 2874 2213 et
2902 2175 2971 2214 ex
3001 2157 3164 2215 vultu
3188 2160 3412 2232 dejecto
3455 2161 3589 2216 ani-

1937 2259 2101 2298 mum
2135 2245 2504 2316 perpendens
2537 2262 2550 2300 :
2581 2268 2601 2293 ι
2638 2245 2809 2313 Quid,
2841 2246 3056 2318 inquit,
3091 2247 3406 2320 supercilia
3423 2249 3590 2307 vobis

1934 2331 2020 2386 sic
2050 2331 2215 2388 video
2231 2333 2663 2405 dependentia?
2683 2356 2710 2384 ι»
2745 2335 2893 2393 Nam
2926 2334 3104 2403 hunc,
3122 2335 3220 2391 ubi
3243 2338 3591 2395 commotior

1934 2425 2108 2489 esset,
2132 2419 2403 2479 habitum
2426 2421 2594 2478 velud
2628 2422 2955 2480 naturalem
2985 2424 3096 2480 sibi
3130 2424 3420 2481 induerat.
3458 2426 3587 2502 «Ab

1935 2507 2065 2575 hoc,
2082 2508 2293 2580 inquit,
2315 2510 2523 2567 insano
2543 2510 2833 2578 Johanne,
2849 2516 2914 2583 ut
2934 2528 3259 2585 numquam
3282 2512 3531 2571 antehac
3556 2530 3590 2570 a

1935 2612 2232 2668 quoquam
2266 2597 2347 2653 ita
2377 2603 2749 2673 contemptus
2780 2616 2937 2669 sum,
2969 2605 3036 2657 ut
3066 2618 3171 2657 nec
3202 2619 3306 2676 pro
3351 2601 3587 2659 homine

1936 2701 2053 2740 uno
2086 2687 2242 2758 apud
2267 2704 2402 2743 eum
2428 2687 2783 2745 intercedere
2804 2688 3107 2746 voluerim.
3131 2711 3158 2740 »
3194 2690 3293 2746 llle
3314 2691 3588 2748 conscius

1934 2791 2063 2845 qua:
2084 2779 2244 2831 extra
2265 2775 2671 2832 conflabantur
2692 2776 3072 2833 consiliorum
3108 2793 3122 2833 :
3154 2799 3182 2827 α
3206 2778 3352 2847 Nisi,
3368 2779 3584 2851 inquit,

1934 2863 2353 2935 providebitur,
2388 2864 2651 2938 proxime
2694 2865 2923 2921 cunctis
2971 2865 3054 2921 eis
3104 2866 3402 2923 carebitis.
3435 2867 3582 2925 Nam

1933 2968 2069 3008 cum
2103 2952 2249 3008 duce
2298 2957 2353 3008 et
2400 2953 2734 3026 prazposito,
2764 2953 2905 3025 quia
2934 2970 2969 3009 a
2996 2953 3165 3009 vobis
3213 2971 3423 3027 parum
3470 2955 3582 3012 sibi

1933 3042 2099 3097 adest
2128 3041 2354 3110 auxilii,
2375 3059 2474 3097 eos
2496 3042 2625 3114 jam
2656 3043 2881 3099 dudum
2921 3042 3276 3099 conscivisse
3308 3044 3582 3118 cognovi;

1933 3134 2115 3201 utque
2147 3129 2206 3183 in
2228 3132 2431 3185 sancto
2454 3128 2770 3185 Maximino
2792 3130 3198 3198 traducantur,
3215 3130 3380 3186 ocius
3400 3135 3586 3186 matu-

1933 3224 2159 3273 ratur.»
2184 3217 2421 3274 Concite
2449 3217 2748 3274 Jobannes
2772 3222 3169 3293 revocatushet
3185 3234 3292 3275 cur
3320 3219 3587 3290 injussus

1932 3306 2156 3361 abisset
2189 3310 2603 3378 rogatus,cum
2642 3304 2947 3362 silentium
2987 3306 3415 3362 tremebundus
3432 3310 3589 3363 tene-

160 3401 435 3454 nostram
468 3397 606 3454 hinc
654 3400 952 3456 advertere
990 3418 1331 3474 possumus,
1356 3402 1499 3475 quia
1529 3402 1578 3458 si
1609 3419 1675 3457 eo
1706 3419 1823 3474 quo
1855 3404 1899 3472 α
1937 3400 2024 3451 ret
2056 3411 2069 3450 :
2107 3416 2136 3444 «
2166 3395 2293 3450 Non
2332 3398 2409 3464 te,
2443 3393 2648 3466 inquid
2708 3394 3041 3466 episcopus,
3083 3399 3205 3451 tam
3251 3395 3586 3451 animosum

160 3490 507 3560 oportuerat
543 3487 740 3547 studio
776 3506 942 3544 mens
966 3490 1139 3546 nobis
1167 3489 1228 3546 in
1249 3490 1447 3546 divina
1472 3490 1821 3560 intenderet,

166 3573 343 3632 facile
374 3575 622 3632 Domino
654 3577 845 3633 fuerat
871 3578 1062 3635 virum
1094 3578 1252 3635 hunc
1283 3580 1533 3645 ﬂectere,
1557 3584 1616 3636 et
1653 3580 1825 3636 nobis

169 3681 408 3721 comem
433 3666 524 3700 ¹⁶²⁴
551 3669 610 3722 et
652 3666 1001 3723 beneficium
1048 3668 1308 3739 reddere,
1341 3672 1399 3724 et
1444 3685 1545 3725 cor
1590 3669 1721 3740 ejus
1749 3669 1822 3725 ad

166 3753 329 3825 quod
366 3753 541 3811 nobis
559 3754 857 3827 expediret
876 3760 1227 3813 convertam.
1241 3779 1270 3807 ››
1296 3756 1571 3814 Pluribus
1590 3756 1824 3828 deinde,

164 3857 298 3913 quae
322 3842 398 3897 ad
420 3858 490 3898 ea
510 3842 926 3913 conducerent,
940 3860 1040 3901 eos
1059 3848 1448 3914 exortatus,et
1466 3848 1533 3901 ut
1551 3844 1824 3903 novitatis

166 3946 291 3987 sua:
353 3930 751 3988 conversionis
809 3949 1121 4003 memores,
1152 3933 1254 4005 qui
1314 3934 1400 3990 eis
1451 3939 1592 3989 tunc
1636 3934 1826 3990 fervor

162 4017 365 4088 fuerit,
426 4022 835 4089 retractarent,
893 4025 950 4077 et
1019 4038 1091 4078 ne
1158 4021 1300 4094 quid
1365 4038 1523 4078 nunc
1587 4020 1823 4096 langui-

160 4106 301 4163 dius
351 4106 625 4179 frigidius
672 4125 741 4165 ac
789 4108 1194 4184 neglegentius
1236 4111 1393 4184 apud
1436 4127 1500 4167 se
1555 4116 1826 4185 ageretur

162 4198 339 4252 caute
396 4197 819 4269 perspicerent,
858 4215 925 4254 ac
974 4198 1024 4256 si
1087 4198 1227 4271 quid
1278 4199 1490 4256 horum
1539 4201 1826 4257 sentirent
1874 4256 1879 4261 .

162 4281 333 4339 omni
378 4283 683 4357 vigilantia
744 4285 1078 4343 instaurare
1135 4288 1575 4359 contenderent,
1631 4293 1824 4346 tantos

163 4376 407 4444 repente
468 4373 558 4430 eis
614 4374 847 4433 animos
904 4376 1181 4449 reddidit,
1246 4382 1310 4433 ut
1368 4394 1525 4434 nunc
1580 4378 1824 4452 singuli,

163 4477 326 4517 nunc
358 4462 660 4533 omnes,in
692 4481 905 4521 novam
926 4465 1225 4537 quandam
1246 4466 1705 4524 conversationis
1721 4485 1823 4541 pu-

160 4565 349 4623 gnam
381 4551 591 4606 acriter
619 4551 1027 4625 conspirarent
1055 4554 1537 4628 (DCCCCXXXV).
1568 4556 1652 4612 Ad
1682 4573 1825 4612 con-

161 4641 339 4694 sueta
365 4639 616 4711 quisque
637 4645 695 4698 et
716 4642 1008 4715 regularia
1028 4644 1253 4716 majora
1267 4644 1354 4679 ¹⁶²⁶
1375 4648 1432 4701 et
1453 4644 1827 4717 productiora

164 4725 451 4799 adjicere;
485 4727 615 4801 ipsa
645 4729 807 4787 licita
836 4735 1045 4805 sponte
1083 4732 1195 4789 sibi
1244 4733 1623 4802 subtrahere;
1658 4734 1824 4807 cybo,

164 4815 601 4888 potui,somno,
633 4817 870 4893 linguae,
889 4838 992 4878 seu
1023 4821 1264 4878 cuilibet
1292 4822 1554 4895 corporis
1580 4823 1824 4895 requiei,

164 4903 487 4962 minimum
573 4908 858 4979 quiddam
940 4909 1280 4983 indulgere;
1358 4915 1423 4967 ut
1499 4914 1641 4968 tunc
1700 4910 1825 4985 pri—

163 5008 334 5049 mum
366 4993 535 5065 quasi
567 4997 1024 5056 conversationis
1065 4998 1235 5055 initia
1283 5000 1623 5056 viderentur
1674 5002 1825 5057 arri-

163 5097 326 5153 pere.

236 5170 330 5225 97.
354 5170 502 5228 Cum
534 5173 771 5230 interim
794 5176 1055 5248 praedicti
1078 5176 1618 5249 Ogonis,praepositi
1635 5179 1826 5236 sancti

168 5256 499 5328 Maximini,
518 5260 803 5336 ducisque
829 5264 1138 5322 Gisleberti
1174 5265 1372 5322 suasio
1409 5265 1482 5322 de
1515 5265 1825 5340 migrando

1853 4776 1902 4841 D

1935 3484 2264 3552 credebam,
2291 3499 2396 3539 nec
2440 3483 2501 3538 in
2553 3499 2613 3538 re
2663 3488 2782 3539 tam
2834 3484 2952 3540 fere
2984 3481 3145 3539 nulla
3176 3482 3256 3538 ita
3285 3481 3584 3539 difﬁcilem

1933 3572 2305 3630 estimabam.
2340 3572 2477 3628 Peto
2509 3571 3022 3645 igitur,hominem
3053 3571 3139 3627 vel
3169 3588 3357 3644 usque
3390 3572 3461 3626 ad
3479 3572 3585 3627 ali-

1933 3678 2083 3734 quas
2113 3660 2381 3718 inducias
2402 3660 2547 3716 mibi
2579 3661 2772 3717 cedas.
2793 3681 2821 3710 »
2855 3659 2955 3716 Ille
2979 3659 3110 3731 quit
3139 3659 3200 3714 in
3228 3675 3412 3715 causa
3431 3662 3586 3716 esset

1934 3748 2285 3824 intellegens
2315 3779 2381 3792 --
2429 3765 2568 3805 nam
2626 3748 2817 3823 pactio
2866 3746 3125 3822 pecunia:
3183 3747 3482 3804 inte-ierat.
3516 3777 3586 3790 —

1936 3860 1966 3890 ‹‹
1997 3840 2570 3910 Quantumcumque,
2606 3837 2819 3909 inquit,
2835 3836 3099 3909 jubetis?
3120 3856 3149 3885 ››
3183 3867 3252 3877 ——
3280 3857 3308 3886 «
3335 3836 3420 3891 Ad
3444 3853 3587 3910 qua-

1933 3925 2223 4002 draginta,
2241 3925 2451 3999 inquit,
2469 3926 2613 3983 dies.
2645 3949 2665 3975 ν
2700 3927 2769 3982 Et
2797 3925 2894 3982 ille
2922 3941 2935 3981 :
2974 3924 3213 3982 «Etiam
3235 3925 3307 3981 ad
3337 3941 3580 3995 annum,

1933 4016 1983 4073 si
2014 4015 2223 4090 placet.
2255 4037 2284 4068 ››

2002 4105 2092 4161 98.
2124 4105 2251 4163 Non
2283 4104 2386 4163 diu
2406 4109 2539 4177 post
2558 4104 2680 4161 haec
2695 4102 2968 4177 episcopo
2990 4102 3309 4175 quiescenti
3335 4119 3585 4176 persona

1933 4195 2202 4267 quaedam
2240 4194 2486 4252 terribili
2539 4210 2605 4251 ac
2654 4192 2867 4251 minaci
2918 4192 3086 4250 vultu
3134 4210 3443 4267 apparens,
3478 4192 3584 4249 hec

1933 4284 2044 4340 sibi
2068 4300 2204 4341 cum
2225 4284 2480 4357 quadam
2505 4283 2844 4341 austeritate
2866 4282 3056 4339 dicere
3072 4282 3414 4347 videbatur:
3443 4304 3469 4333 «
3484 4282 3585 4337 Bo-

1934 4390 2077 4430 num
2109 4374 2257 4430 bene
2275 4373 2616 4446 cepisti,sed
2643 4390 2677 4429 a
2704 4370 2912 4444 cceptis
2952 4370 3131 4427 nimis
3162 4372 3274 4427 cito
3298 4370 3582 4428 defecisti.

1933 4462 2080 4520 Cave
2108 4465 2129 4487 ‘
2161 4479 2233 4519 ne
2254 4465 2275 4486 '
2312 4461 2474 4519 haec'
2498 4462 2587 4496 ¹⁶²⁷
2620 4459 2863 4518 defectio
2912 4462 3202 4534 majorum
3255 4458 3358 4514 tibi
3407 4475 3585 4515 causa

1933 4552 2011 4608 sit
2040 4550 2366 4609 ruinarum.
2390 4551 2617 4624 Repara
2642 4551 2729 4585 “’3
2759 4566 2887 4621 qua:
2919 4548 3169 4620 cmpisti,
3194 4564 3265 4602 ne
3315 4547 3374 4603 in
3419 4546 3584 4603 dete-

1933 4641 2089 4698 riora
2117 4640 2493 4713 procumbas.
2527 4660 2555 4690 »
2608 4639 2990 4710 Experrectus
3038 4640 3095 4692 et
3142 4652 3344 4691 secum
3395 4634 3586 4691 multa

1934 4734 2298 4805 pertractans
2329 4728 2400 4784 de
2429 4745 2600 4801 opere
2632 4745 2667 4784 a
2695 4743 2757 4783 se
2786 4730 2972 4798 empto
3004 4723 3324 4798 religionis,
3337 4728 3394 4780 et
3423 4728 3585 4779 tanto

1933 4826 2193 4892 tempore
2225 4818 2549 4891 neglectam
2577 4817 2666 4853 ¹⁶²⁰
2695 4816 2847 4873 hanc
2889 4831 3040 4884 esse,
3070 4811 3584 4871 commonitionem

1937 4926 2054 4966 non
2083 4908 2211 4964 sine
2241 4907 2362 4964 acri
2385 4905 2581 4965 dolore
2607 4904 2932 4978 perpendit.
2949 4902 3317 4961 Cubiculario
3340 4920 3474 4960 mox
3491 4902 3585 4958 cui

1936 4998 2231 5055 Matzilino
2245 5013 2565 5070 cognomen
2589 4996 2793 5051 accito.
2814 5017 2842 5045 «
2857 4991 3590 5066 Summa,inquit,maturi-

1937 5092 2054 5145 tate
2075 5087 2342 5147 Gorziam
2386 5084 2756 5158 proficiscere
2786 5087 2843 5139 et
2872 5082 3141 5139 abbatem
3156 5083 3245 5117 ¹⁶³⁰
3274 5081 3588 5139 Einoldum

1936 5178 2052 5235 huc
2084 5176 2362 5234 continuo
2396 5175 2601 5232 adesse
2625 5173 2858 5245 jubeto.
2892 5194 2921 5223 »
2957 5172 3151 5245 Ipsam
3182 5171 3327 5229 forte
3358 5175 3589 5228 noctem

1936 5267 2119 5324 abbas
2151 5264 2376 5322 Mettim
2407 5266 2623 5337 egerat,
2651 5279 2716 5319 ac
2743 5260 3003 5319 diluculo
3036 5260 3290 5318 reditum
3321 5259 3585 5334 parabat.

1524 5389 1766 5448 VARI/E
1820 5392 2236 5452 LECTIONES.

243 5475 336 5565 ξ⁶²ξ
362 5497 469 5565 vo_x
493 5482 658 5565 deest.
689 5518 759 5528 —
780 5486 1408 5565 praebuergitﬂerum
1442 5487 1596 5565 inter
1624 5488 1762 5565 Diab.
1780 5492 1961 5565 suppl.
2016 5491 2106 5528 ¹⁶²³
2124 5506 2293 5565 mens
2324 5488 2472 5545 ratio
2492 5504 2522 5545 θ
2544 5489 2712 5565 coni”;
2732 5487 2822 5565 ‘3"
2841 5502 3045 5543 comen
3075 5486 3255 5565 οη-ξξίδ
3287 5484 3508 5565 majore
3537 5499 3586 5539 c.

169 5549 263 5630 ffff
402 5554 460 5630 ιτ
492 5572 600 5612 vox
616 5559 740 5630 jam

167 5621 260 5658 ¹⁶³⁰
291 5624 595 5705 abbatum.
616 5621 679 5687 'c.

833 5568 930 5617 est.
1010 5559 1098 5596 “*7
1131 5575 1203 5616 ne
1233 5558 1292 5617 h.
1326 5559 1595 5632 suppleat,
1630 5562 1708 5617 ita
1737 5555 2035 5622 ιοοὸὲινεεεο
2068 5561 2279 5621 mederi
2305 5568 2548 5619 conatus.
2626 5560 2714 5596 ¹⁶²⁸
2746 5558 2969 5630 Repera
2998 5574 3044 5617 ε.
3120 5558 3214 5597 1°”
3245 5555 3510 5631 neglecta
3537 5568 3587 5612 ο.

1760 5731 1995 5792 NOTE.

241 5812 387 5888 (399)
417 5814 502 5870 Cf.
537 5814 819 5877 Miracula
849 5820 908 5879 S.
935 5818 1235 5893 Gargonii,
1267 5835 1318 5876 c.
1354 5819 1442 5875 10.

2007 5822 2154 5899 (400)
2186 5818 2270 5879 Cf.
2295 5821 2427 5879 Mir.
2461 5820 2520 5879 S.
2554 5819 2881 5892 Maximini,
2914 5835 2964 5877 c.
2997 5820 3085 5877 12.
