3912 6428
295 463 411 526 299

1189 458 1517 523 JOANNIS
1560 457 1891 521 ABBATIS
1920 457 1996 526 ,S.
2043 455 2385 519 ARNULFI
2429 454 2817 517 METENSIS

3594 455 3721 514 300

296 592 795 669 prudentissimus
823 597 947 649 erat
976 590 1294 660 consultor,
1328 592 1498 664 eique
1544 590 1938 662 imperialium
1978 591 2035 656 Λ
2068 587 2186 662 ipse
2204 588 2532 643 litterarum
2551 593 2782 643 tantum
2801 586 3035 660 bajulus
3053 586 3403 643 ﬁt.Rediens
3419 587 3718 656 Gorziam,

297 686 436 742 data
467 679 756 758 provintia
785 679 1132 735 litterarum.
1168 679 1222 735 Is
1252 679 1423 735 variae
1455 678 1675 733 caeteris
1724 677 1953 734 consul-

293 773 581 840 tantibus,
599 766 1307 824 nostrumAdalberonem
1339 783 1517 822 sacrae
1547 766 1842 822 memoriae
1855 783 1951 822 no-

297 861 484 917 minat
512 858 876 930 episcopum,
912 855 1174 927 nullique
1204 855 1401 927 aptius
1430 854 1486 909 id
1514 854 1726 926 negotii
1753 854 1835 909 sic
1857 856 1953 910 ad-

296 949 383 1005 dit
416 950 505 984 “385
536 962 705 1019 posse
734 945 984 1017 injungi,
1018 945 1156 1016 quia
1186 944 1311 1016 ipse
1343 943 1628 1015 plurimos
1670 946 1952 1016 perfecto-

299 1053 428 1095 rum
460 1036 716 1092 virorum
761 1033 1021 1101 haberet,
1055 1049 1204 1105 quos
1254 1031 1536 1088 humanis
1579 1049 1953 1104 nequaquam

299 1142 569 1182 cessuros
600 1121 923 1176 terroribus
965 1122 1110 1176 satis
1160 1125 1474 1188 constaret,
1510 1125 1707 1194 utpote
1758 1122 1954 1176 seculo

292 1218 418 1288 jam
451 1214 754 1268 defunctos
788 1214 843 1264 et
874 1208 1055 1265 libero
1089 1227 1192 1281 pro
1226 1211 1338 1264 ﬁde
1369 1226 1570 1264 curam
1593 1209 1956 1282 quibuslibet

301 1299 721 1377 protestatibus
753 1315 850 1351 ore
880 1295 1256 1367 loquuturos.
1284 1295 1637 1351 Convenitur
1678 1297 1954 1351 continuo

300 1393 632 1465 episcopus,
665 1392 719 1441 et
755 1391 819 1440 ut
848 1386 996 1440 duos
1026 1402 1267 1439 suorum
1303 1386 1541 1440 idoneos
1566 1384 1839 1457 legationi
1866 1386 1956 1438 Hi-

300 1481 643 1555 Spaniarum
678 1481 843 1549 paret
874 1476 1215 1547 imperatur.
1243 1475 1533 1529 Mandatis
1555 1475 1825 1546 acceptis,
1850 1475 1950 1530 ab-

300 1574 497 1629 batem
516 1566 871 1640 Eginoldum
904 1566 1165 1635 advocat,
1182 1564 1342 1637 regia
1359 1565 1637 1619 mandata
1654 1563 1915 1620 insinuat
1938 1581 1952 1619 :

301 1675 545 1721 suorum
594 1658 745 1713 duos
793 1655 1106 1727 disquirat,
1143 1652 1243 1725 qui
1291 1654 1580 1726 imperata
1626 1654 1951 1726 perﬁciant.

301 1751 459 1813 Lecti
490 1746 748 1822 primum
779 1744 896 1800 duo
924 1743 1346 1815 Angilramnus
1367 1747 1423 1799 et
1443 1743 1633 1810 Wido,
1667 1741 1955 1815 regiaeque

299 1837 626 1911 maiestatis
650 1838 673 1859 "
697 1834 876 1906 jussu
898 1836 919 1858 "
970 1850 1040 1889 ex
1059 1835 1081 1856 "
1128 1836 1465 1890 monastcro
1488 1836 1508 1855 '
1543 1832 1631 1867 ³⁵⁸⁸
1681 1835 1955 1904 sumptus

300 1934 357 1985 et
388 1925 557 1999 copia
585 1927 870 1997 parantur
892 1920 1154 1988 itineris;
1186 1921 1259 1978 ad
1282 1920 1391 1977 hoc
1415 1925 1473 1977 et
1493 1937 1609 1993 quo
1629 1919 1957 1976 Virduncn-

300 2018 406 2073 sis"
440 2012 728 2088 quidam“,
775 2013 1037 2084 gnarus'
1085 2011 1175 2045 ¹⁶⁸⁷
1221 2010 1479 2083 partium
1537 2010 1950 2083 Iiispanarum,

301 2106 402 2179 qui
434 2120 531 2161 eos
556 2104 766 2174 jussus
797 2106 921 2157 erat
960 2101 1262 2169 deducere,
1298 2118 1462 2157 mora
1491 2100 1677 2156 omni'
1719 2103 1954 2172 postpo-

303 2195 455 2252 sita'
511 2194 741 2251 veniat'
794 2192 1063 2262 jubetur‘
1126 2192 1235 2258 ίδεθ,
1298 2207 1433 2246 cum
1488 2207 1619 2246 ecce
1678 2189 1955 2262 praefatus

300 2284 494 2354 Wido,
527 2282 673 2340 alter
700 2280 1078 2349 delectorum,
1103 2282 1197 2336 die
1218 2282 1474 2353 quadam
1497 2297 1602 2354 pro
1625 2296 1740 2351 qua
1761 2279 1954 2334 nescio

302 2370 691 2446 neglegentia‘
738 2369 823 2423 in‘
874 2372 1185 2423 conventu‘
1240 2369 1515 2423 fratrum'
1568 2366 1658 2401 ’⁸⁸9
1703 2365 1953 2436 increpi-

300 2469 419 2530 tus,
452 2462 513 2516 in
534 2463 709 2516 tanta:
731 2457 1103 2530 asperitatem
1130 2455 1428 2528 proterviae
1451 2460 1571 2510 tam
1594 2454 1654 2509 in
1682 2454 1953 2508 abbatem

303 2564 479 2623 quam
511 2548 570 2603 in
601 2547 941 2602 universum
992 2545 1185 2617 erupit
1234 2543 1565 2615 collegium,
1602 2546 1667 2597 ut
1695 2542 1769 2597 ad
1819 2541 1952 2596 ulti-

302 2655 490 2709 mum,
514 2652 647 2694 cum
680 2640 875 2691 tumor
906 2632 1100 2689 nimize
1130 2631 1527 2687 animositatis
1551 2635 1609 2686 et
1628 2630 1871 2686 insaniae
1894 2631 1953 2685 in

300 2746 368 2785 eo
399 2741 772 2799 nequaquam
803 2722 1041 2795 reprimi
1065 2720 1333 2787 valuerit,
1356 2736 1461 2775 nec
1485 2719 1811 2792 regularem
1832 2720 1953 2791 pati

301 2817 617 2889 displinam
673 2813 1047 2885 aliquatenus
1105 2809 1483 2881 adquieverit,
1531 2808 1807 2881 demptus
1861 2825 1956 2865 cu-

300 2906 454 2961 cullo
478 2901 834 2960 monasterio
860 2899 1193 2973 pelleretur.
1210 2898 1270 2954 Id
1295 2898 1633 2970 imperatori
1657 2898 1803 2970 (410)
1826 2916 1960 2954 con-

298 2995 466 3051 tinuo
499 2991 826 3048 nuntiatur.
859 2988 1129 3054 Jussum,
1174 2984 1344 3041 illum
1396 2985 1621 3054 abradi,
1655 2985 1956 3058 aliumque

300 3100 404 3155 pro
435 3099 502 3138 eo
534 3078 803 3137 asscribi.

374 3173 495 3245 117.
530 3169 677 3224 Cum
698 3167 801 3222 diu
832 3165 926 3221 his
958 3170 1320 3237 quereretur,
1354 3181 1679 3243 omnesque
1710 3183 1954 3239 prorsus

300 3260 654 3330 refugerent.
687 3272 792 3312 nec
821 3254 882 3309 in
930 3258 1095 3310 tanta
1140 3253 1591 3328 congregatione
1639 3256 1953 3328 quisquam

300 3329 546 3405 inveniri
578 3348 797 3418 posset,
830 3343 931 3416 qui
961 3361 1023 3399 sc
1047 3343 1105 3399 id
1139 3344 1376 3417 aggredi
1407 3344 1527 3399 ullo
1560 3347 1732 3400 modo
1781 3362 1955 3418 posse
1984 3329 2027 3396 C

300 3436 599 3502 fateretur,
632 3431 930 3489 Johannes
962 3436 1195 3503 repente
1226 3430 1371 3486 nibil
1409 3433 1859 3489 cunctabundus
1889 3450 1950 3489 se

299 3522 601 3579 ultroneus
633 3521 1057 3577 oﬂ‘ert.Abbate
1079 3519 1514 3592 aliquantulum
1538 3537 1687 3595 aegre
1710 3523 1948 3589 ferente,

298 3612 474 3686 quod,
510 3613 570 3667 in
599 3627 734 3667 eum
766 3612 889 3665 tota
919 3627 978 3666 re
1008 3609 1349 3665 monasterii
1382 3610 1953 3682 incumbente,grata

296 3702 421 3776 ipse
453 3700 646 3774 quiete
678 3698 1029 3772 potiebatur,
1061 3716 1128 3754 eo
1160 3714 1484 3770 numquam
1516 3699 1564 3755 si
1588 3702 1741 3755 esset
1761 3696 1950 3771 possi-

297 3791 413 3848 bile
453 3791 746 3847 abstinere
777 3792 1104 3861 pateretur;
1135 3788 1275 3844 vicit
1305 3792 1501 3844 tamen
1533 3786 1808 3860 perfectio
1856 3803 1950 3843 ca-

299 3880 512 3949 ritatis,
543 3896 672 3951 qua:
704 3895 820 3934 non
852 3877 1061 3949 quaerit
1089 3894 1218 3950 qua:
1252 3895 1362 3933 sua
1408 3880 1567 3944 sunt,
1601 3876 1702 3931 sed
1752 3876 1950 3948 potius

302 3987 428 4042 quae,
460 3967 807 4027 alienorum.
833 3966 1020 4022 Simul
1044 3967 1184 4039 quia
1203 3966 1435 4022 videbat
1458 3964 1645 4020 virum
1670 3964 1951 4037 cupidum

301 4077 429 4118 esse
490 4055 759 4123 martirii,
795 4055 843 4110 si
886 4055 1003 4111 fors
1052 4056 1133 4111 ita
1181 4055 1434 4123 tulisset,
1468 4053 1699 4109 Christo
1756 4054 1952 4126 potius

296 4145 700 4206 tranamittere
730 4160 909 4216 quam
941 4145 1064 4201 suis
1095 4144 1316 4218 optavit
1346 4142 1802 4200 necessitatibus
1824 4144 1951 4200 reti-

296 4253 455 4293 nere.
489 4235 575 4292 Ita
607 4250 885 4291 assensus
909 4232 1245 4307 imperatori
1270 4249 1338 4288 ex
1358 4230 1647 4304 legatione
1668 4232 1949 4306 episcopi,

295 4325 592 4382 Johanncs
623 4322 914 4395 dirigitur.
948 4323 1270 4395 Imperator
1307 4319 1493 4376 multo
1538 4319 1647 4377 hoc
1697 4321 1951 4393 amplius

296 4414 639 4483 delectatus,
673 4429 849 4485 quem
881 4415 1049 4468 (etate
1077 4416 1133 4466 et
1163 4409 1472 4483 prudentia
1500 4409 1573 4466 ad
1626 4410 1684 4465 id
1732 4411 1949 4483 negotii

295 4503 652 4561 omnimodis
684 4502 959 4559 idoneam
988 4499 1346 4566 advertebat,
1379 4499 1658 4555 mandata
1687 4516 1821 4555 cum
1854 4499 1949 4556 lit-

292 4593 434 4649 teris
465 4610 567 4649 seu
599 4591 945 4648 muneribus
978 4586 1347 4660 imperatoris
1371 4587 1419 4641 ci
1446 4588 1786 4656 committit,
1812 4606 1951 4661 pra:-

2062 687 2175 735 iter
2204 678 2366 733 ocius
2399 676 2702 744 accelerat,
2727 677 3194 749 posthabitisque
3225 676 3367 732 socii
3399 678 3718 748 procrasti-

2063 767 2426 832 nationibus,
2469 767 2592 838 ipse
2638 764 2865 821 litteras
2914 783 3114 822 secum
3164 766 3409 833 habens,
3443 768 3716 823 omnium

2062 861 2399 912 sanctorum
2432 855 2705 926 precibus
2736 856 3184 910 commendatus
3227 859 3286 909 et
3331 855 3503 922 votis,
3537 858 3719 927 proﬁ-

2063 946 2319 1001 ciscitur.
2359 946 2644 1016 Sumptus
2674 945 2867 1000 omnis
2898 963 2963 999 ex
2998 945 3352 999 monasterio
3398 944 3449 999 ei
3500 945 3715 1001 factus.

2064 1034 2317 1090 Ministri
2349 1034 2676 1089 monachus
2708 1037 2940 1089 tantum
2977 1051 3150 1098 unus,
3184 1034 3595 1089 Garamannus
3623 1052 3722 1091 vo-

2064 1122 2292 1190 cabulo,
2326 1122 2528 1178 ordine
2561 1121 2862 1190 diaconus,
2897 1123 3047 1177 bone
3098 1138 3200 1193 per
3250 1123 3449 1176 omnia
3496 1122 3717 1179 indolis

2065 1212 2347 1267 additur‘.
2381 1210 2636 1266 Caballi'
2665 1213 2738 1266 ad
2761 1215 2781 1234 '
2814 1211 3200 1283 cquitandum
3222 1214 3241 1234 ⁶
3276 1215 3333 1265 et
3352 1214 3373 1235 ‘
3407 1212 3669 1267 sarcinas
3694 1216 3714 1236 ⁶

2064 1301 2405 1371 portandas'
2440 1302 2529 1334 ¹⁶⁹⁰
2560 1300 2818 1372 quinque
2851 1305 2990 1355 sunt
3032 1299 3304 1370 delegati.
3336 1299 3540 1354 Socius
3593 1318 3718 1356 mo—

2066 1391 2330 1444 raliatur'
2364 1390 2447 1443 in'
2485 1391 2569 1424 “‘9'
2604 1391 2728 1443 vico
2760 1390 3016 1460 quodam
3050 1405 3161 1442 non
3202 1388 3453 1443 multum
3485 1406 3520 1444 a
3549 1390 3718 1445 Tullo

2067 1479 2341 1545 distante,
2375 1478 2473 1549 qui
2508 1478 2796 1533 videlicet‘
2830 1461 3184 1534 Johanncm'
3218 1479 3593 1548 Scarponnaz‘
3628 1480 3721 1515 ¹³⁹²

2066 1566 2430 1638 insequitur;
2464 1567 2601 1622 hinc
2662 1567 2971 1640 Longohas
3022 1566 3191 1636 (412),
3244 1566 3481 1622 Belnam
3541 1568 3712 1638 (413),

2065 1655 2386 1725 Divionem,
2413 1656 2788 1737 Lugdunum.
2814 1656 3155 1727 Hispaniam
3188 1656 3277 1690 ’⁸⁸³
3297 1671 3501 1712 versus
3520 1656 3717 1713 inten-

2065 1746 2232 1801 dunL

2136 1836 2258 1890 118.
2286 1833 2734 1906 (DCCCCLIIII.)
2766 1834 2875 1891 Ubi
2900 1834 3045 1906 (414)
3079 1833 3326 1890 sarcinis
3365 1834 3497 1890 navi
3528 1833 3717 1907 impo-

2065 1923 2195 1979 sitis
2224 1922 2624 1994 Rbodanoque
2644 1940 2831 1996 usque
2849 1925 2921 1979 ad
2939 1928 3164 1979 certum
3186 1922 3380 1979 locum
3408 1924 3715 1993 vehendis,

2066 2012 2440 2083 dispendium
2474 2013 2732 2085 perpessi
2757 2029 2872 2068 non
2896 2012 3192 2068 modicum
3214 2044 3279 2054 -—
3296 2029 3434 2069 nam
3468 2014 3721 2071 navibus

2065 2101 2305 2167 invasis,
2337 2100 2508 2171 plura
2537 2118 2781 2157 suorum
2813 2102 3156 2169 amiserant,
3185 2134 3253 2142 —
3284 2107 3417 2174 post
3446 2103 3719 2175 quaedam

2065 2195 2299 2261 recepta
2315 2188 2657 2262 Hispaniam
2678 2190 3275 2246 tendit.Barcinonam
3292 2190 3379 2226 “9"
3394 2193 3718 2259 venientes,

2066 2277 2402 2349 quindecim
2422 2279 2632 2333 diebus
2648 2284 2976 2345 morantur,
2997 2281 3180 2336 donec
3206 2280 3452 2336 nuntius
3473 2282 3723 2338 Tortose

2065 2367 2285 2422 missus
2316 2372 2424 2421 est.
2458 2367 2539 2422 Ea
2567 2368 2759 2439 prima
2780 2368 2933 2440 regis
2961 2369 3414 2424 Sarracenorum
3438 2369 3723 2426 erat.Dux

2065 2456 2341 2511 continuo
2373 2472 2471 2512 eos
2493 2472 2802 2528 properare
2826 2458 3084 2531 resignat
3113 2464 3496 2531 exceptosque
3516 2475 3725 2516 mense

2062 2545 2290 2616 integro
2325 2546 2566 2614 detinet,
2593 2547 2783 2618 adque
2809 2548 2881 2602 ad
2904 2563 3139 2603 omnem
3161 2549 3388 2620 copiam
3420 2554 3726 2621 procurat,

2066 2635 2248 2689 donec
2280 2634 2537 2690 velocius
2580 2636 2700 2708 regi
2752 2636 3031 2692 Cordubae
3082 2637 3358 2704 nuntiati,
3393 2639 3465 2693 de
3513 2654 3729 2711 excep-
3819 2650 3826 2655 '

2064 2724 2220 2778 tione
2252 2740 2454 2780 eorum
2489 2742 2593 2797 per
2623 2724 2889 2798 singulas
2919 2725 3180 2779 civitates
3228 2725 3315 2779 vel
3366 2725 3495 2782 loca
3546 2728 3730 2800 digne

2065 2812 2225 2885 regia
2256 2814 2601 2869 mandatum
2635 2820 2725 2869 est
2771 2812 3233 2868 honorificentia.
3269 2813 3536 2869 Tandem
3592 2816 3733 2871 Cor-

2064 2902 2283 2958 dubam
2333 2903 2554 2975 regiam
2602 2902 2806 2957 urbem
2864 2899 3118 2967 deducti,
3152 2916 3186 2953 a
3233 2899 3451 2970 palatio
3503 2903 3732 2960 domus

2064 2992 2332 3064 quaedam
2365 2992 2595 3046 duobus
2625 2991 2742 3044 fere
2771 2988 3010 3043 milibus
3041 2988 3270 3043 distans
3300 2988 3388 3045 eis
3428 2995 3524 3046 est
3572 2993 3734 3051 dele-

2063 3084 2231 3153 gata;
2264 3080 2363 3136 ubi
2396 3078 2629 3150 regifico
2659 3078 2772 3113 ¹⁶⁰⁵¹
2802 3075 2942 3131 luxu
2974 3077 3256 3134 omnibus
3284 3078 3464 3134 etiam
3509 3085 3733 3152 praeter

2063 3184 2240 3224 usum
2269 3166 2561 3223 exhibitis.
2587 3182 2690 3238 per
2719 3164 3034 3222 nonnullos
3065 3166 3192 3223 dies
3231 3168 3413 3222 coacti
3466 3175 3612 3224 sunt
3644 3187 3733 3225 re-

2063 3256 2299 3312 morari.

2128 3344 2251 3401 119.
2281 3342 2702 3414 (DCCCCLIV.)
2751 3343 2898 3400 Cum
2932 3344 3062 3415 jam
3113 3360 3413 3400 morarum
3468 3346 3724 3416 tederet,

2060 3447 2280 3502 curque
2330 3430 2642 3503 praesentia
2689 3430 2842 3503 regis
2903 3433 3130 3488 tamdiu
3190 3433 3608 3502 retinerentur,
3645 3435 3726 3490 ab

2060 3521 2155 3576 his
2176 3519 2350 3591 quise
2372 3521 2768 3593 procurabant
2787 3520 3203 3593 disquirerent,
3220 3521 3444 3576 dictum
3462 3522 3729 3594 est,quia

2060 3609 2252 3664 nuntii
2285 3607 2449 3680 prius
2481 3609 2648 3664 missi
2682 3627 2717 3665 a
2744 3625 2877 3682 rege
2910 3615 3110 3666 nostro
3142 3610 3395 3665 triennio
3417 3614 3584 3665 erant
3614 3611 3727 3666 de-

2060 3698 2227 3767 tenti,
2262 3714 2323 3754 se
2354 3702 2441 3754 ter
2462 3702 2716 3767 tantum,
2732 3698 2791 3753 id
2814 3704 2905 3754 est
2925 3715 3131 3756 novem
3154 3716 3363 3768 annos,
3381 3699 3724 3755 condictum

2061 3804 2190 3843 esse
2221 3805 2255 3842 a
2278 3790 2602 3860 conspectu
2623 3787 2783 3861 regio
2807 3788 3108 3844 abstineri.
3142 3788 3367 3843 Interea
3389 3788 3631 3861 quidam
3655 3803 3731 3844 ex

2062 3876 2279 3947 palatio
2313 3874 2453 3931 illuc
2482 3875 2636 3932 viros
2664 3876 2858 3934 visum
2886 3877 3186 3932 venientes
3234 3890 3593 3947 causamque
3626 3877 3732 3932 ad-

2060 3971 2271 4020 ventus
2301 3980 2504 4021 eorum
2552 3969 3021 4037 percunctantes,
3057 3966 3196 4021 dum
3248 3964 3456 4021 callide
3505 3970 3730 4021 cuncta

2064 4054 2386 4127 explorant,
2415 4054 2679 4125 nihilque
2711 4054 2783 4110 ab
2815 4054 2900 4110 eis
2932 4054 3073 4110 certi
3110 4055 3459 4126 acciperent,
3481 4053 3583 4125 qui
3607 4053 3725 4110 sibi

2062 4144 2177 4199 nisi
2210 4143 2481 4216 praesenti
2522 4142 2643 4214 regi
2691 4144 2970 4199 mandata
3019 4143 3297 4214 cuiquam
3354 4142 3582 4198 edicere
3633 4143 3725 4198 fas

2062 4233 2223 4290 nullo
2255 4233 2430 4289 modo
2460 4249 2588 4288 esse
2614 4231 2913 4298 dicebant,
2945 4231 3030 4287 illi
3045 4233 3172 4304 jam
3196 4237 3406 4287 cuncta
3428 4248 3489 4288 se
3511 4247 3729 4303 praeceo

2062 4324 2217 4395 pisse
2240 4322 2569 4394 jactabant,
2598 4326 2657 4378 et
2687 4323 2827 4394 quia
2857 4326 3062 4377 contra
3091 4321 3249 4394 leges
3279 4320 3541 4392 ipsorum
3566 4320 3727 4376 litte-

2061 4430 2155 4469 ras
2174 4411 2292 4484 regi
2316 4412 2589 4468 aﬂerrent
2610 4410 3007 4484 ultimumque
3028 4411 3114 4467 eis
3136 4412 3265 4467 sine
3287 4410 3469 4465 dubio
3491 4410 3722 4466 instare

2060 4500 2408 4573 periculum,
2443 4500 2582 4572 quia
2609 4504 2668 4555 et
2698 4501 2965 4572 ipsejam
2988 4498 3177 4556 littere
3200 4500 3259 4571 in
3281 4498 3558 4554 noticiam
3584 4515 3726 4570 prn-

2061 4591 2107 4644 ci
2117 4606 2258 4663 pum
2291 4590 2683 4645 devenissent.
2717 4590 2787 4644 Et
2809 4604 3026 4655 revera,
3046 4604 3408 4661 quamquam
3431 4587 3564 4643 dolo
3586 4604 3728 4644 con-

293 4682 635 4753 dictumque
693 4679 1125 4765 Virdunensem
1190 4675 1362 4747 (411,)
1404 4676 1519 4765 cui
1557 4693 1770 4732 nomen
1826 4683 1950 4734 erat
1981 4702 2028 4765 ι)
2056 4680 2274 4751 tigerit,
2310 4678 2390 4733 ita
2419 4682 2561 4735 erat.
2607 4679 2754 4735 Nam
2787 4696 2821 4734 a
2852 4679 3084 4734 civitate
3113 4677 3283 4734 Tullo
3316 4682 3529 4733 nostrae
3579 4693 3723 4749 pro—

292 4771 715 4827 Ermenhardo:
751 4766 977 4825 socium
1006 4766 1080 4821 ob
1114 4763 1377 4820 locorum
1406 4764 1829 4838 regionumque
1853 4785 1949 4823 no-

293 4858 486 4915 titiam
512 4859 649 4916 facit
672 4876 684 4928 ;
711 4858 803 4913 cui
828 4872 1074 4913 munera
1088 4853 1240 4910 tradi
1262 4853 1562 4910 Johannes
1592 4856 1945 4927 expostulat,

2054 4768 2279 4834 vincies,
2315 4768 2589 4824 comitem
2620 4767 2880 4841 episcopi
2932 4766 3108 4839 legati
3163 4767 3448 4834 defuncti,
3479 4766 3552 4821 de
3601 4782 3722 4838 quo

2059 4857 2283 4912 dictum
2314 4861 2423 4923 est,
2457 4857 2753 4927 quendam
2801 4873 3003 4911 secum
3053 4856 3445 4928 presbiterum
3494 4871 3726 4911 assum-

1652 4978 1896 5038 VARIAE
1936 4980 2355 5038 LECTIONES.

366 5112 456 5148 mea
488 5113 611 5169 adit
639 5127 686 5167 ε,
767 5108 854 5143 ίῦδδ
883 5124 962 5161 m.
998 5106 1037 5159 i.
1071 5122 1119 5160 e.
1155 5120 1235 5158 m.
1270 5120 1297 5157 θ
1327 5105 1471 5157 coni.

296 5183 474 5241 media
504 5182 745 5240 Labbcus
774 5178 1028 5241 explevit.
1109 5176 1198 5209 ¹⁶⁹⁰
1229 5173 1388 5227 ditur
1418 5173 1480 5227 C.
1514 5191 1562 5230 a.
1599 5192 1650 5230 e.
1686 5192 1735 5230 e.
1772 5193 1818 5231 s.

1579 5104 1665 5139 ³⁵⁸⁷
1696 5103 1764 5158 ν.
1800 5123 1855 5177 q.
1891 5121 1949 5178 g.
1981 5124 2029 5164 e.
2083 5108 2223 5189 cuni.
2249 5106 2390 5189 ml?”
2421 5122 2488 5186 ο..
2511 5123 2567 5178 p.
2601 5124 2655 5161 V'
2692 5112 2733 5162 t.
2762 5124 2798 5189 ne
3051 5108 3139 5141 ³⁵⁸9
3172 5121 3375 5189 neg....
3430 5106 3720 5189 fratr-pm;

1899 5219 1912 5231 .
1943 5194 1972 5233 ϐ
1998 5194 2140 5235 com.

2249 5178 2332 5211 ¹⁶⁹¹
2370 5193 2449 5231 m.
2476 5176 2534 5232 in
2564 5194 2612 5233 e.
2646 5181 2790 5234 coni.
2871 5180 2959 5214 “‘9’
2990 5178 3125 5233 licet
3173 5176 3503 5233 Johannem
3556 5176 3725 5232 Scar-

294 5271 490 5326 ponna
518 5256 546 5311 'e
568 5253 717 5310 coni.
797 5242 884 5282 ¹⁸δ³
909 5248 1035 5317 jam
1065 5261 1112 5299 c.
1144 5242 1431 5299 Viennam
1463 5244 1667 5301 Mabz'll.
1749 5248 1836 5283 “9‘
1856 5242 2246 5306 Bartinonam
2280 5265 2325 5303 ι’.
2408 5248 2494 5284 ¹⁶⁰⁵
2526 5248 2781 5321 regificio
2813 5266 2856 5305 c.

390 5500 513 5557 410)
545 5498 685 5557 Regi
719 5492 913 5551 Ottoni
948 5492 990 5547 Ι.

390 5502 494 5555 410
545 5502 625 5557 Re
673 5502 684 5511 '
719 5502 913 5551 Ottoni
950 5502 990 5547 1.

366 5502 513 5641 (411)
544 5514 1115 5642 DeQ’irdupensium
1148 5567 1538 5642 mercatorum
1573 5585 1705 5623 cum
1741 5568 1947 5642 HlSpa-

294 5632 393 5711 nia
423 5632 776 5697 commercio
802 5634 875 5689 cf.
912 5632 1273 5707 Liudprandi
1302 5637 1512 5711 Antap.
1545 5656 1620 5707 v1,
1652 5643 1705 5695 6.

367 5709 512 5787 (412)
543 5712 825 5783 Langres.

2130 5499 2278 5571 (413)
2299 5499 2561 5573 ΔΒεθειιιιπιο,
2594 5505 2726 5573 post
2755 5499 3054 5556 Divionem
3085 5499 3322 5555 demum
3356 5498 3416 5553 in
3447 5497 3541 5553 via
3564 5497 3717 5571 Lug-

2060 5570 2309 5627 dunensi
2344 5572 2556 5643 posita.

2132 5643 2278 5717 (414)
2314 5643 2583 5715 Lugdun.
