3912 6424
175 465 285 524 301

1100 461 1200 524 DE
1244 463 1428 524 Vl'l‘A
1472 459 1800 524 JOANNIS
1842 459 2182 527 ABBATIS
2228 466 2686 527 GORZIENSIS

3477 470 3595 529 302

177 601 432 668 pscrant,
487 595 586 667 qui
634 599 754 650 toto
802 594 1078 667 deinceps
1140 595 1345 650 itinere
1395 595 1479 649 eis
1525 595 1584 649 in
1631 593 1825 648 omni-
1853 595 1912 660 Α
1946 595 2024 628 ¹τ¹¹
2063 612 2263 651 eorum
2299 597 2375 651 ibi
2409 613 2746 670 passurum,
2791 598 2890 651 sed
2943 611 3079 651 eum
3131 597 3348 652 honore
3397 599 3596 669 patriae

179 685 289 740 bus
329 684 796 748 communicans,
835 700 970 737 eum
1001 684 1329 739 Tortosam.
1351 701 1460 755 que
1487 683 1678 755 prima
1709 689 1832 738 erat

175 773 338 846 regni
389 773 864 840 Sarracenorum,
897 772 1216 839 venissent,
1251 777 1522 828 metuens
1571 773 1708 837 vite,
1755 773 1827 839 si,

173 878 309 917 cum
341 877 545 916 omnes
574 859 750 934 legati
781 859 1041 915 defuncti
1072 861 1280 916 fuisset
1309 865 1354 928 ',
1379 861 1600 933 absque
1631 864 1650 884 ‘
1685 859 1831 915 litte-

175 950 256 1006 ris
287 953 306 974 '
341 953 725 1005 reverteretur
755 951 797 1015 *,
833 947 1060 1004 litteras
1089 952 1110 972 '
1143 965 1347 1004 corum
1380 953 1398 973 "
1434 953 1500 1004 ut
1530 953 1549 972 “
1584 950 1672 983 ¹⁶⁹⁶
1712 950 1829 1005 ﬁdo

175 1037 288 1094 sibi
315 1054 564 1110 poscens
595 1037 936 1102 monstrari,
963 1037 1136 1092 citius
1167 1036 1380 1109 excipit
1409 1041 1452 1092 '.
1474 1039 1664 1109 Atque
1694 1041 1714 1061 "
1748 1038 1831 1093 in-

171 1125 342 1182 terim
375 1129 396 1150 '
427 1126 512 1182 eis
546 1127 632 1161 ²⁶⁹⁷
662 1127 937 1198 Augustae
971 1130 1028 1180 et
1059 1124 1298 1198 reliquis
1341 1125 1694 1193 civitatibus,
1729 1125 1830 1183 ubi

173 1215 415 1270 Tertosa
439 1217 460 1238 ‘
493 1214 692 1270 relicta
720 1217 740 1237 ⁶
773 1213 960 1270 ierant
1006 1217 1027 1238 ’
1068 1216 1178 1282 ιδθθ,
1225 1214 1661 1270 remerantibus
1715 1218 1827 1285 ‘5”,

171 1303 299 1374 ipse
329 1302 659 1358 Cordubam
695 1303 966 1375 praecedit
999 1319 1134 1357 cum
1185 1301 1416 1358 litteris.
1451 1306 1584 1368 Quae
1627 1307 1645 1327 '
1678 1321 1828 1375 quo-

173 1393 346 1447 modo
379 1395 400 1414 ⁶
433 1391 604 1463 vulgo
638 1396 656 1414 ·
688 1391 1050 1445 innotuerint
1102 1394 1122 1415 '
1177 1391 1284 1457 “0°,
1333 1408 1540 1462 parum
1590 1393 1826 1461 cognitu

174 1480 322 1547 fuit;
373 1484 632 1535 ceterum
683 1497 886 1534 rumor
939 1479 1252 1551 optimates
1301 1483 1318 1502 ⁶
1373 1479 1772 1552 populumque
1805 1483 1823 1502 ⁶

171 1571 259 1602 ¹⁷⁰¹
292 1569 628 1625 commovit.

244 1704 368 1759 120.
401 1702 603 1775 Itaque
633 1701 936 1774 primates,
968 1702 1120 1757 inter
1150 1717 1212 1757 se
1242 1700 1486 1756 consilio
1516 1701 1738 1767 habito,
1770 1705 1827 1758 et

167 1796 370 1848 utrum
401 1790 464 1846 in
495 1789 772 1846 noticiam
805 1791 959 1862 regis
975 1806 1044 1844 ea
1065 1790 1192 1861 jam
1211 1789 1472 1844 venerint
1503 1788 1827 1862 disquiren-

165 1886 276 1949 tes,
311 1879 414 1934 ubi
445 1894 654 1951 parum
684 1879 740 1934 id
775 1882 1138 1950 compertum
1172 1877 1411 1944 habent,
1429 1893 1530 1950 per
1549 1894 1611 1933 se
1629 1894 1822 1950 regem

162 1985 350 2042 super
375 1968 486 2024 hoc
514 1971 783 2024 statuunt
827 1966 1310 2040 perquirendum.
1348 1965 1460 2022 Lex
1498 1967 1656 2022 enim
1705 1971 1825 2022 tam
1857 1962 1905 2028 B

161 2055 642 2130 improvoeabilis
672 2068 771 2110 eos
801 2055 1170 2127 constringit,
1205 2059 1270 2110 ut
1300 2056 1454 2127 quod
1489 2054 1831 2111 semelanti-

162 2147 372 2218 quitus
402 2145 562 2200 omni
597 2145 648 2200 ei
681 2145 842 2217 genti
869 2143 1172 2216 praefixum
1205 2149 1316 2210 est,
1349 2143 1511 2200 nullo
1543 2159 1825 2216 umquam

161 2235 342 2290 liceat
369 2235 544 2289 modo
573 2233 812 2288 dissolvi
832 2251 846 2300 ;
866 2233 1107 2306 parique
1125 2234 1215 2266 ¹⁷⁰²
1231 2233 1404 2286 modo
1434 2249 1529 2287 rex
1553 2231 1829 2305 populus-

161 2340 283 2396 que
314 2327 588 2378 tenentur
617 2321 832 2388 innexi,
865 2321 1177 2392 omnisque
1205 2321 1595 2393 transgressio
1633 2321 1826 2394 gladio

160 2413 393 2469 feritur.
425 2412 484 2468 Si
518 2411 659 2484 quid
693 2411 763 2466 ab
795 2409 1170 2466 inferioribus
1208 2410 1321 2476 ¹⁷⁰³,
1355 2425 1472 2477 rex,
1507 2409 1556 2464 si
1577 2410 1703 2482 quit
1727 2427 1826 2465 rex

159 2501 294 2574 ipse
324 2499 704 2566 commiserit,
738 2499 967 2555 cunctis
998 2498 1056 2553 in
1089 2514 1224 2553 eum
1274 2497 1526 2571 populus
1557 2499 1822 2554 animad-

119 2589 470 2647 Overtit.Eis
502 2589 561 2644 in
593 2587 822 2660 legibus
843 2588 1101 2660 primum
1134 2587 1446 2658 dirumque
1475 2591 1672 2654 est,ne
1691 2587 1821 2659 quis

157 2679 218 2735 in
251 2677 590 2751 religionem
623 2693 825 2733 eorum
858 2675 999 2748 quid
1044 2692 1328 2748 umquam
1378 2676 1591 2731 audeat
1637 2675 1817 2748 loqui.

157 2769 321 2825 Civis
351 2768 448 2835 sit,
483 2771 796 2823 extraneus
827 2765 924 2832 sit,
945 2763 1110 2820 nulla
1135 2765 1531 2820 intercedente
1561 2766 1824 2838 redemp-

153 2858 323 2913 tione
354 2856 544 2928 capite
565 2855 860 2929 plectitur.
877 2853 938 2909 Si
969 2870 1068 2909 rex
1098 2854 1224 2926 ipse
1245 2842 1501 2908 audierit
1523 2858 1582 2908 et
1611 2855 1670 2908 in
1693 2870 1818 2910 cra-

154 2946 388 3002 stinum
431 2945 695 3020 gladium
751 2942 1076 3009 retinuerit,
1110 2941 1234 3013 ipse
1281 2941 1456 2996 morti
1501 2942 1814 3010 addicitur,

155 3052 269 3092 nec
304 3035 424 3090 ulla
452 3032 802 3089 intervenire
852 3036 1043 3104 potest
1094 3029 1426 3086 clementia.
1458 3030 1819 3086 Primoribus

155 3143 300 3198 ergo
334 3123 451 3179 illis
484 3121 766 3196 palatium
797 3120 1160 3194 petentibus,
1193 3137 1327 3174 cum
1360 3119 1479 3192 regi
1509 3136 1687 3192 super
1709 3121 1818 3177 hoc

156 3232 264 3288 per
296 3213 537 3268 nuntios
567 3210 1003 3283 suggessissent
1034 3241 1099 3250 —
1132 3225 1268 3264 nam
1315 3225 1586 3264 accessus
1619 3209 1705 3243 '7‘“
1744 3211 1815 3265 ad

157 3321 296 3359 eum
331 3303 527 3374 ipsum
557 3298 923 3354 clarissimus
954 3299 1062 3363 "05,
1082 3303 1139 3352 et
1171 3296 1286 3352 nisi
1317 3297 1638 3354 maximum
1672 3298 1813 3370 quid
1844 3331 1888 3397 ρ

157 3390 452 3465 ingruerit
479 3387 706 3454 nullus,
741 3391 971 3442 tantum
998 3385 1207 3441 litteris
1239 3403 1342 3457 per
1377 3385 1604 3440 sclavos
1647 3388 1809 3442 cubi-

157 3479 416 3536 cularios
446 3477 645 3533 omnia
673 3476 1048 3549 perferuntur
1073 3506 1142 3514 —
1173 3474 1268 3528 ille
1318 3473 1462 3528 nihil
1503 3491 1704 3530 eorum
1737 3477 1810 3532 ad

158 3585 222 3624 se
251 3567 547 3642 perlatum
590 3563 878 3621 rescribit.
908 3563 1094 3619 Amici
1144 3563 1364 3635 legatos
1411 3562 1523 3617 sibi
1571 3565 1808 3631 missos,

155 3673 378 3730 eosque
411 3655 598 3710 filium
630 3669 806 3709 suum
847 3653 908 3708 in
955 3653 1128 3708 domo
1177 3651 1410 3724 propria
1457 3653 1809 3724 percepisse,

156 3741 531 3818 necdumquc
552 3761 614 3799 se
645 3741 785 3815 quid
817 3741 1091 3798 aﬁ'errent
1122 3739 1490 3796 rescisse.lta
1517 3740 1812 3796 tumultus

153 3835 398 3892 illorum
441 3833 680 3889 sedatus
730 3835 839 3887 est.
879 3831 1028 3886 Nam
1078 3847 1181 3902 pro
1229 3833 1385 3884 certo
1407 3830 1534 3899 jam
1571 3829 1643 3884 ad
1675 3845 1810 3884 eum

152 3940 363 3980 rumor
406 3925 664 3988 venerat,
697 3924 755 3976 et
803 3917 1002 3975 missis
1053 3917 1205 3974 clam
1249 3917 1476 3973 nuntiis
1520 3933 1654 3972 vera
1681 3933 1812 3972 esse

151 4015 540 4086 compererat,
555 4010 656 4066 sed
686 4008 897 4066 timore
928 4023 1170 4064 suorum
1196 4006 1392 4062 taliter
1421 4021 1543 4063 rem
1575 4021 1810 4062 omnem

153 4104 591 4176 suppresserat.

223 4233 488 4292 12LRex
517 4234 777 4305 undique
810 4231 1193 4288 meticulosus
1225 4231 1313 4265 ¹τ⁰⁶
1345 4246 1694 4302 ancepsque,
1713 4245 1810 4302 pe-

155 4325 414 4382 riculum
445 4319 556 4380 sibi
589 4338 759 4395 posse
804 4319 1109 4376 imminere
1159 4318 1556 4386 considerans,
1587 4318 1812 4373 artibus

150 4413 351 4470 omnis
382 4411 611 4485 generis
635 4428 747 4483 que
769 4411 975 4467 evadat
996 4409 1451 4482 pertemptat.Et
1480 4403 1814 4480 primoqui-

151 4504 295 4560 dem
346 4502 601 4558 Judeum
653 4501 967 4573 quendam,
1001 4499 1094 4553 cui
1147 4512 1358 4552 nomen
1411 4496 1664 4562 Hasdeu,
1698 4513 1812 4568 quo

149 4592 454 4649 neminem
485 4594 505 4613 '
529 4605 813 4661 umquam
845 4591 864 4612 ⁶
898 4587 1376 4659 prudentiorem‘
1401 4587 1488 4620 ""7
1523 4584 1815 4641 sevidisse

149 4686 256 4738 aut
277 4680 514 4736 audisse
527 4677 917 4734 nostritestati
936 4680 955 4699 '
979 4679 1118 4730 sunt
1137 4679 1181 4742 ',
1202 4676 1274 4730 ad
1292 4677 1310 4697 '
1331 4691 1429 4730 eos
1446 4676 1465 4697 ‘
1485 4674 1647 4729 misit
1664 4677 1683 4698 '
1699 4675 1808 4742 ιτοθ,
1841 4696 1887 4761 D

149 4770 252 4842 qui
287 4770 357 4824 de
385 4767 661 4823 omnibus
693 4767 765 4822 ab
796 4766 880 4821 eis
913 4765 1057 4837 ipsis
1097 4763 1331 4836 penitus
1379 4763 1721 4835 exploraret.
1757 4764 1812 4818 Is

149 4859 434 4931 quoniam
467 4861 487 4880 '
520 4858 676 4912 fama
706 4860 727 4880 '
761 4855 1084 4928 perferente
1117 4857 1136 4876 '
1171 4854 1260 4888 ¹⁷⁰⁹
1303 4852 1636 4924 dispersum
1688 4853 1804 4908 fue-

149 4953 265 5016 rat,
286 4948 428 5021 regii
461 4964 594 5003 eum
629 4945 894 5018 bajulum
926 4961 1052 4999 esse
1085 4941 1368 5008 mandati,
1387 4946 1484 4996 ut'
1505 4941 1768 4996 animum
1788 4944 1807 4964 "

149 5037 444 5093 Johannis
466 5040 486 5060 '
509 5035 622 5092 sibi
655 5040 674 5058 '
705 5033 1042 5090 conciliaret
1063 5035 1082 5056 ⁶
1120 5032 1208 5066 ¹⁷¹⁰
1238 5031 1579 5102 primo,quo
1603 5029 1810 5086 sollici-

150 5126 437 5182 tabantur
449 5130 606 5181 metu
624 5141 758 5180 eum
775 5122 966 5196 erigit,
986 5120 1248 5192 nihilque
1262 5119 1399 5175 mali
1415 5136 1774 5196 quemquam
1788 5122 1809 5142 '

1941 685 2324 739 remittendos
2357 685 2756 740 edicit.Multa
2789 685 2858 738 de
2892 683 3002 737 ritu
3040 686 3322 755 gentis,et
3345 686 3598 757 qualiter

1941 789 2003 827 se
2034 789 2229 828 coram
2264 773 2349 830 eis
2380 774 2688 830 observare
2729 773 3028 839 deberent,
3063 773 3448 830 commonuit.
3484 776 3596 846 Ipsi

1931 861 2200 932 juniores
2232 879 2267 916 a
2296 861 2771 934 quibuscumque
2791 860 2956 916 vanis
2987 859 3220 916 lascivis
3242 861 3502 918 motibus
3521 862 3597 918 lo-

1939 948 2349 1006 cutienibusve
2377 947 3006 1022 compescerent;nihil
3043 953 3162 1004 tam
3185 965 3430 1021 parvum
3456 951 3597 1018 fore,

1940 1039 2096 1110 quod
2129 1056 2245 1094 non
2277 1056 2412 1095 mox
2444 1041 2613 1112 regiae
2659 1037 2878 1094 notitiae
2912 1038 3284 1110 perferretur.
3321 1039 3381 1095 Si
3431 1039 3601 1112 cepia

1891 1127 1895 1131 ’
1939 1126 2051 1182 sibi
2081 1127 2418 1199 egrediendi
2450 1133 2690 1200 pateret,
2727 1145 2797 1184 ne
2828 1144 2948 1199 qua
2976 1126 3330 1184 scurrilitate
3359 1127 3593 1186 feminis

1939 1214 2147 1272 saltem
2179 1221 2328 1272 nutu
2354 1234 2417 1273 se
2439 1215 2819 1289 applicarent,
2837 1215 3058 1271 nullam
3090 1215 3200 1272 sibi
3234 1222 3456 1288 pestem
3480 1223 3596 1272 tru-

1938 1304 2318 1362 culentiorem
2350 1304 2847 1376 futuram;legem
2879 1304 2990 1359 sibi
3019 1304 3380 1377 propositam
3405 1306 3592 1362 nulla-

1937 1399 2110 1448 tenus
2131 1395 2491 1461 excederent,
2507 1411 2624 1465 quo
2656 1392 2816 1448 nullo
2834 1394 3197 1448 observatius
3220 1398 3583 1462 notarentur,

1937 1482 2403 1554 deprehensique
2436 1481 2604 1537 nihili
2637 1483 3053 1554 penderentur.
3086 1482 3353 1538 Johanne
3403 1485 3472 1537 ad
3520 1501 3590 1537 ea

1937 1575 2111 1642 prout
2140 1573 2508 1642 eompetebat
2537 1571 2946 1644 respondente,
2981 1575 3156 1643 atque
3184 1570 3590 1642 acceptissimo

1936 1659 2284 1716 monitorem
2315 1660 2829 1732 ferente,suosque
2858 1677 2926 1715 ex
2955 1657 3262 1714 contraria:
3289 1659 3475 1731 partis
3495 1660 3592 1715 ho-

1936 1747 2096 1807 mine
2126 1748 2522 1815 suil'undente,
2554 1752 2688 1820 post
2717 1747 2889 1820 plura
2915 1745 3164 1803 invicem
3195 1751 3481 1815 conserta,
3498 1766 3592 1821 pe-

1935 1835 2277 1910 detemptim
2323 1837 2549 1893 Judeus
2588 1852 2829 1892 causam
2859 1835 3207 1908 ingreditur.
3241 1836 3391 1902 Quid
3417 1837 3588 1902 missi

1936 1925 2144 1992 ferant,
2178 1923 2424 1981 sollicite
2456 1923 2752 1996 disquirit.
2785 1923 2938 1979 Dum
2973 1923 3282 1996 paululum
3327 1925 3590 1980 cunctari

1938 2013 2094 2069 videt
2146 2013 2498 2079 Johannem,
2550 2043 2616 2054 —-
2649 2027 2785 2068 nam
2839 2017 2979 2068 tunc
3027 2017 3248 2069 secreto
3295 2011 3447 2068 inter
3493 2030 3593 2068 eos

1941 2103 2244 2174 agebatur,
2267 2133 2334 2142 -
2365 2101 2457 2157 sui
2494 2102 2595 2156 dat
2625 2101 2800 2157 ﬁdem
2831 2099 3268 2169 silentii,immo
3286 2101 3498 2174 siopus
3519 2101 3595 2156 sit

1939 2191 2052 2245 tuti
2083 2208 2251 2263 opem
2286 2189 2856 2246 consilii.Johannes
2885 2195 3097 2244 cuncta
3126 2189 3330 2245 ordine
3359 2189 3587 2261 digerit.

1939 2279 2100 2335 Dona
2131 2280 2249 2352 regi
2283 2279 2485 2345 missa,
2512 2277 2826 2350 epistolam
2854 2283 3134 2350 praeterea
3162 2278 3408 2334 auribus
3441 2279 3593 2349 regis

1936 2368 2300 2424 inferendam
2327 2386 2340 2434 ς
2375 2367 2595 2438 absque
2624 2383 2694 2422 ea
2722 2382 2910 2436 neque
2941 2366 3097 2421 dona
3127 2366 3474 2432 exhibenda,
3502 2383 3593 2422 nc-

1935 2473 2048 2529 que
2082 2455 2474 2528 prmsentiam,
2501 2455 2611 2510 sibi
2645 2455 2798 2526 regis
2831 2455 2918 2510 fas
2948 2470 3076 2510 esse
3107 2454 3586 2511 conveniendam.

1934 2545 2298 2602 Sententiam
2333 2543 2508 2598 simul
2537 2543 2792 2614 epistolae
2824 2542 3016 2599 verbis
3047 2543 3253 2616 aperit.
3291 2565 3316 2592 «
3352 2544 3587 2600 Pericu-

1933 2631 2356 2704 losum,inquit
2383 2631 2798 2698 Judaeus,cum
2830 2631 2939 2688 hac
2971 2648 3168 2705 regem
3197 2631 3585 2688 videre.Cauti

1932 2726 2086 2778 certe
2117 2721 2266 2788 sitis,
2299 2721 2428 2792 quit
2459 2720 2685 2776 nuntiis
2715 2719 2880 2776 vobis
2920 2719 3120 2776 missis
3172 2719 3293 2793 regi
3343 2737 3583 2792 respon-

1929 2809 2139 2866 deatis.
2193 2809 2362 2883 Legis
2409 2809 2566 2864 enim
2612 2808 2979 2865 severitatem
3020 2809 3148 2879 jam
3197 2809 3362 2863 vobis
3412 2809 3580 2864 inno-

1928 2899 2114 2955 tuisse
2147 2899 2233 2932 ‘7"
2256 2915 2370 2954 non
2403 2903 2423 2921 '
2457 2897 2659 2953 dubito
2689 2897 2914 2968 ',eique
2946 2897 3307 2952 declinandae
3334 2897 3582 2968 pruden-

1929 2993 2017 3044 ter
2045 2993 2272 3060 oportet
2301 2985 2625 3042 consulere.
2661 3009 2688 3035 ››

2003 3078 2122 3132 122.
2140 3076 2240 3132 1110
2260 3080 2400 3131 tunc
2415 3075 2772 3143 discedente,
2790 3074 3154 3147 postaliquot
3175 3091 3405 3130 menses
3421 3077 3580 3146 epis—

1927 3181 2107 3238 copus
2125 3164 2365 3236 quidam
2381 3163 2680 3220 Johannes
2697 3164 2768 3219 ad
2799 3181 2898 3219 eos
2931 3164 3148 3218 missus
3179 3168 3289 3231 est,
3324 3164 3422 3234 qui
3450 3169 3581 3235 post

1926 3255 2113 3310 multa
2130 3259 2348 3308 mutua:
2373 3252 2863 3308 eonfabulationis
2886 3257 3087 3324 rogata
3107 3257 3161 3305 et
3183 3252 3399 3317 addita,
3421 3257 3483 3305 ut
3518 3253 3581 3306 fit

1926 3343 2080 3399 inter
2103 3343 2324 3408 fideles,
2340 3341 3004 3413 colloquia,mandatnm
3028 3341 3181 3413 regis
3201 3340 3584 3408 subinfert,ut

1921 3449 2056 3488 cum
2094 3431 2438 3486 muneribus
2460 3429 2830 3486 solummodo
2858 3431 2946 3464 ¹τ¹³
2968 3429 3026 3483 in
3071 3433 3388 3500 conspectu
3419 3429 3577 3500 regis

1922 3521 2254 3576 adveniant.
2275 3519 2460 3586 «Quid
2485 3518 2957 3591 ergo,Johannes
2970 3517 3068 3583 ait,
3086 3518 3156 3572 de
3173 3516 3578 3588 litterisimpe-

1922 3608 2194 3664 ratei‘iis?
2208 3609 2408 3664 Nonne
2427 3624 2630 3664 carum
2655 3607 2905 3662 maxime
2929 3623 3108 3661 causa
3129 3605 3388 3660 directus
3404 3604 3577 3659 sum?

1921 3698 2060 3770 quia
2088 3697 2212 3768 ipse
2242 3696 2618 3768 blasphemas
2651 3693 2954 3766 praemisit,
2987 3693 3079 3748 his
3109 3693 3286 3748 etiam
3321 3697 3341 3716 '
3372 3709 3521 3748 vana
3553 3695 3574 3716 ‘

1870 3825 1891 3843 .
1920 3785 2134 3842 erroris
2165 3789 2185 3809 '
2217 3783 2308 3839 sui
2341 3788 2362 3808 ·
2394 3786 2727 3839 commenta
2757 3786 2775 3805 "
2799 3783 2885 3816 ‘7“
2915 3780 3352 3837 destruentibus
3371 3781 3574 3836 confu-

1920 3877 2094 3930 tetur.
2115 3896 2142 3923 »
2165 3871 2264 3929 Ille
2296 3873 2367 3928 ad
2399 3872 2516 3927 haec
2543 3872 2955 3943 temperatior‘
2977 3892 3005 3920 ‹‹
3037 3869 3572 3941 Consideratc"7'5,

1919 3961 2023 4035 ait,
2055 3961 2166 4017 sub
2197 3978 2314 4034 qua
2351 3960 2683 4016 conditione
2715 3976 2983 4031 agamus.
3021 3957 3278 4016 Peccatis
3330 3959 3402 4014 ad
3454 3957 3573 4014 haec

1921 4049 2173 4107 devoluti
2207 4054 2227 4073 "
2262 4051 2532 4113 sumus‘,
2553 4051 2616 4102 ut
2644 4053 2664 4070 '
2701 4065 3065 4121 paganorum
3085 4051 3104 4071 '
3123 4048 3574 4119 subjaccamus'

1922 4141 2011 4175 "'5
2042 4138 2270 4196 ditioni.
2315 4137 2604 4196 Resistere
2655 4138 2932 4210 potestati
2981 4137 3154 4192 verbo
3199 4137 3579 4210 prohibemur

1921 4227 2462 4302 apostoli.'l‘antum
2496 4226 2642 4282 hoc“
2665 4243 2847 4281 unum
2880 4231 2900 4250 '
2934 4225 3202 4282 relictum
3235 4230 3358 4281 est'
3380 4227 3577 4282 ⁸³⁷80-

1920 4318 2066 4385 latii,
2101 4316 2256 4390 quod
2292 4317 2350 4370 in
2381 4320 2556 4370 tanta:
2589 4313 2941 4371 calamitatis
2992 4314 3145 4370 malo
3195 4314 3427 4382 legibus
3471 4332 3578 4370 nos

1923 4407 2174 4480 propriis
2197 4405 2280 4461 uti
2307 4422 2420 4462 non
2436 4403 2776 4477 prohibent;
2801 4403 2903 4475 qui
2925 4408 2946 4426 "
2969 4405 3150 4475 quos‘
3169 4401 3577 4474 1""‘diligentes

1922 4493 2382 4552 Christianitatis
2413 4491 2664 4547 viderint
2695 4491 3116 4558 observatores,
3141 4488 3342 4545 colunt
3366 4494 3422 4546 et
3447 4507 3577 4543 am-

1925 4585 2280 4658 plectuntur,
2329 4579 2504 4636 simul
2557 4580 2820 4652 ipsorum
2873 4579 3138 4635 convictu
3193 4577 3572 4642 delectantur,

1925 4689 2060 4730 cum
2087 4671 2322 4727 Judzeos
2344 4669 2580 4742 penitus
2603 4667 2970 4723 cxhorrcant.
2997 4667 3102 4723 Pro
3119 4671 3379 4738 tempore
3396 4664 3578 4738 igitur

1928 4764 2038 4819 hoc
2067 4762 2336 4816 videmur
2369 4765 2561 4814 tenere
2593 4757 2926 4824 consilii,ut
2953 4754 3400 4828 quiareligionis
3417 4754 3576 4809 nulla

1915 4851 2434 4921 infcrturjactura,
2467 4851 2658 4904 cctzra
2696 4847 2781 4901 eis
2813 4847 3234 4917 obsequemur,
3257 4843 3578 4916 jussisque

1917 4957 2119 4997 eorum
2151 4938 2209 4993 in
2247 4942 2535 5008 quantum
2569 4937 2744 4992 {idem
2772 4952 2885 4990 non
2923 4934 3252 5005 impediunt
3281 4934 3577 5005 obtempe-

1923 5047 2142 5085 remus.
2183 5027 2346 5082 Unde
2379 5025 2482 5080 tibi
2517 5023 2702 5080 multo
2735 5024 2922 5080 satius
2956 5040 3110 5079 nunc
3141 5023 3211 5079 de
3243 5022 3334 5078 his
3378 5022 3580 5078 retice-

1919 5135 2004 5185 re,
2035 5121 2091 5172 et
2122 5113 2432 5188 epistolam
2465 5112 2625 5167 illam
2674 5112 2914 5167 omnino
2965 5111 3359 5184 supprimere,
3401 5127 3580 5183 quam

1524 5261 1767 5318 VARle
1808 5259 2227 5317 LECTIONES.

232 5401 324 5438 ¹⁶⁹⁶
350 5401 398 5474 κί’.
433 5417 546 5474 que
576 5397 616 5456 l.
647 5419 694 5457 r.
729 5399 768 5457 l.
801 5418 852 5474 e.
889 5402 953 5456 ut
980 5416 1010 5474 _e
1037 5399 1182 5454 coni.
1260 5396 1347 5432 "‘9"
1378 5413 1427 5451 e.
1462 5397 1526 5450 A.
1563 5395 1600 5450 i.
1633 5413 1683 5450 e.
1715 5396 1918 5474 entiam}

346 5473 384 5536 i,
414 5466 626 5528 e'com'.
740 5473 826 5510 ’τοι
872 5472 1097 5536 optima
1127 5484 1540 5536 ..po...umque
1583 5482 1631 5521 ο.
1745 5467 1835 5500 "0*
1887 5466 1969 5520 bis
2021 5466 2239 5536 legitur.

157 5490 308 5556 qlﬁv.
344 5472 626 5556 i,.e_.com'.
673 5545 690 5556 -
740 5473 826 5556 ξτξδί
872 5472 1097 5543 optima
1127 5484 1541 5556 ...pq...umqnne
1583 5482 1631 5521 ο.

159 5540 253 5579 ¹Ἶ⁰⁶
287 5545 628 5600 rarissimus
662 5540 1189 5601 Labbcus'correxit.
1223 5540 1374 5598 bene.

160 5617 256 5650 “0"
287 5632 344 5688 q.
378 5617 418 5670 Γ.
455 5633 510 5688 p.
537 5617 732 5688 econi.
809 5616 900 5688 {"0
928 5619 1079 5688 ut_a.
1117 5613 1166 5667 1.
1201 5627 1334 5688 εις-ρ.
1368 5627 1396 5664 c
1425 5611 1567 5665 coni.

163 5704 230 5744 n.
266 5685 324 5742 d'.
356 5703 386 5744 e
413 5685 558 5742 cani.
637 5687 724 5722 "'3
754 5685 1060 5741 solumodo
1091 5701 1144 5740 ε.

165 5776 232 5836 p.
270 5775 320 5817 s.
349 5760 551 5820 e-coni.
629 5757 716 5795 ¹⁷¹⁷
747 5757 857 5816 hoc
886 5775 944 5814 u.
979 5773 1027 5814 r.
1055 5761 1144 5814 est
1172 5771 1202 5812 ε
1221 5755 1364 5814 coni.

1453 5536 1542 5573 ¹⁷⁰⁶
1573 5536 1979 5592 metuculosus
2008 5555 2054 5592 ο.

1645 5609 1728 5642 ¹⁷¹¹
1763 5623 1956 5688 vocent
1976 5606 2214 5688 [labimus
2244 5604 2514 5688 sapplcig‘it
2533 5625 2551 5670 ;
2570 5606 2689 5688 join
2723 5604 2941 5688 lacuna.
3020 5606 3109 5688 l7"
3137 5604 3496 5688 innotuisse
3527 5619 3578 5656 c.

1229 5683 1318 5717 '7“
1345 5699 1396 5737 θ.
1429 5698 1483 5738 v.
1516 5697 1566 5736 e.
1603 5697 1654 5734 s.
1691 5697 1741 5735 c.
1775 5695 1806 5734 ο
1831 5682 1974 5734 coni.

1444 5754 1534 5790 "'8
1563 5751 1624 5808 ui
1655 5767 1801 5826 quos
1819 5752 1942 5826 jam
1969 5749 2310 5810 exciderunt.

1996 5393 2084 5429 ¹⁶⁹⁸
2118 5410 2202 5458 sa,
2237 5409 2284 5446 r.
2319 5391 2355 5446 i.
2387 5407 2417 5446 e
2445 5391 2588 5446 mni.
2667 5390 2755 5425 ¹⁶⁹⁹
2795 5388 3223 5446 remerantibus
3269 5406 3318 5446 ο.
3398 5391 3486 5425 ¹⁷⁰⁰
3515 5392 3581 5455 Q.

2355 5464 2442 5497 ³⁷0³
2493 5461 2868 5518 inferioribus
2913 5479 2963 5518 c.
3077 5463 3167 5496 ¹⁵⁰⁶
3216 5479 3502 5517 accensus
3533 5477 3580 5515 σο

2134 5537 2222 5570 ¹⁷⁰⁷
2254 5553 2312 5589 n.
2347 5551 2406 5606 u.
2440 5550 2497 5606 p.
2529 5549 2559 5588 ε
2587 5535 2741 5606 coni.
2819 5535 2906 5567 ""9
2937 5533 2980 5589 ti
3013 5551 3062 5589 s.
3098 5550 3150 5606 a.
3183 5551 3234 5588 e.
3269 5551 3348 5587 m.
3383 5550 3412 5606 β
3435 5535 3579 5586 coni.

2057 5679 2146 5714 "‘5
2176 5674 2411 5734 oratior.
2444 5674 2820 5734 Considerate
2860 5692 2890 5734 e
2919 5679 3063 5734 coni.
3144 5678 3232 5711 ¹⁷¹⁰
3260 5674 3368 5730 luti
3415 5691 3462 5729 s.
3517 5689 3575 5730 u.
