3912 6428
272 478 390 542 303

1167 478 1487 542 JOANNIS
1532 476 1863 539 ABBATIS
1906 476 1971 537 S.
2018 478 2365 539 ARNULFI
2411 477 2801 539 METENSIS

3568 477 3696 538 304

273 615 619 671 scandalum
648 613 756 670 tibi
781 613 1038 686 tuisque,
1070 612 1235 668 nulla
1263 613 1520 669 instante
1552 610 1919 677 necessitate,
1953 613 2005 677 Α
2038 618 2153 676 tur,
2188 616 2362 684 atque
2393 627 2461 665 ex
2490 610 2619 683 ipso
2653 611 2790 682 quid
2824 611 2977 683 apud
3012 627 3073 666 se
3124 608 3459 683 przeﬁnierit
3490 625 3698 681 quere-

275 702 832 776 pernitiosissimum
863 701 1172 758 concitare.
1206 724 1235 752 ››

348 792 471 847 123.
505 790 803 846 Johannes
834 789 1141 863 paululum
1190 788 1541 846 commotior
1573 804 1586 842 :
1626 809 1654 838 α
1703 786 1926 856 Alium,

274 878 504 950 inquid,
537 895 714 951 quam
746 884 823 944 te,
855 878 956 951 qui
1003 878 1221 934 videris
1264 876 1595 950 episcopus,
1632 876 1755 931 haec
1799 877 1925 948 [ao-

276 968 425 1024 ferre
455 969 910 1024 decuerat.Cum
932 968 1014 1024 sis
1036 967 1191 1024 enim
1216 966 1348 1023 ﬁdei
1371 969 1647 1033 assertor,
1682 966 1928 1036 ejusque

276 1061 333 1112 te
363 1057 581 1130 gradus
611 1056 820 1112 celsior
850 1057 1111 1130 posuerit
1131 1055 1306 1112 etiam
1327 1055 1931 1120 defcnsorem,t.inmre

277 1145 538 1202 humano
571 1164 604 1200 a
632 1146 874 1203 veritate
905 1146 1276 1219 praedicanda
1308 1145 1526 1200 nedum
1583 1143 1727 1199 alios
1780 1160 1931 1198 emn-

278 1251 534 1307 pescere,
566 1235 667 1290 sed
701 1253 806 1289 nec
840 1240 893 1291 te
924 1236 1119 1308 ipsum
1152 1233 1456 1306 oportebat
1487 1233 1843 1299 subducere;
1876 1236 1933 1285 et

280 1322 493 1379 melius
517 1325 756 1378 omnino
801 1325 1010 1389 fuerat,
1058 1324 1356 1378 hominem
1409 1320 1807 1376 Christianum
1857 1321 1933 1376 fa-

280 1411 394 1467 mis
425 1430 597 1485 grave
625 1413 775 1468 ferre
806 1413 1397 1485 dispen‘dium,quam
1430 1411 1577 1466 cibis
1607 1412 1679 1466 ad
1712 1412 1934 1465 destru-

280 1499 535 1557 ctionem
575 1501 825 1557 aliorum
861 1501 1183 1557 consociari
1226 1500 1559 1574 gentilium.
1597 1500 1683 1557 Ad
1728 1498 1837 1555 hoc
1876 1502 1935 1553 et

282 1590 436 1662 quod
468 1590 627 1645 omni
660 1590 957 1647 catholica:
988 1589 1230 1647 ecclesie
1260 1588 1603 1646 detestabile
1632 1592 1723 1644 est
1748 1593 1806 1644 et
1835 1603 1935 1643 ne-

282 1676 518 1747 farium,
533 1678 609 1735 ad
630 1677 807 1735 ritum
830 1696 1030 1736 eorum
1054 1696 1155 1736 vos
1178 1679 1352 1736 audio
1375 1677 1775 1744 circumcisus,
1799 1693 1934 1733 cum

283 1767 450 1824 fortis
478 1767 768 1825 sententia
795 1769 1059 1841 Apostoli
1092 1768 1369 1825 reclamet
1398 1783 1409 1821 :
1452 1766 1515 1823 Si
1547 1766 1934 1823 circumdami-

282 1856 367 1923 ni,
394 1855 640 1914 Christus
666 1858 815 1914 vobis
843 1858 991 1915 nihil
1015 1857 1268 1932 proderit
1308 1857 1504 1929 (Galat.
1538 1874 1592 1925 v,
1623 1857 1699 1928 2).
1755 1856 1934 1913 Item-

284 1961 398 2017 que
427 1946 497 2002 de
528 1945 695 2015 cibis,
730 1964 877 2019 quos
906 1948 1096 2021 gratia
1126 1945 1561 2003 communionis
1606 1961 1810 2001 eorum
1843 1944 1939 2001 ab-

284 2035 673 2092 hominamini
710 2052 721 2091 :
759 2037 952 2094 Omnia
978 2036 1187 2093 munda
1205 2036 1428 2093 mundis
1461 2038 1587 2109 (Tit.
1620 2052 1662 2101 ι,
1695 2035 1782 2107 15)
1804 2053 1816 2101 ;
1842 2038 1937 2090 ct:

284 2125 460 2179 Erunt
487 2124 724 2181 doctores
769 2128 1057 2199 vaniloqui
1096 2134 1147 2182 et
1196 2125 1501 2182 scductorcs
1545 2124 1786 2180 docentes
1839 2123 1941 2177 illa

285 2220 335 2267 et
367 2213 488 2278 illa,
519 2220 570 2268 et
610 2215 751 2270 inter
797 2222 987 2270 caetera
1030 2215 1301 2270 abstinere
1343 2233 1376 2269 α
1425 2213 1583 2277 cibis,
1622 2229 1754 2284 quos
1802 2212 1941 2267 Deus

286 2304 490 2358 creavit
510 2305 789 2375 percipere
815 2320 938 2359 cum
964 2306 1271 2374 gratiarum
1292 2305 1503 2359 actione
1530 2301 1782 2373 ﬁdelibus
1812 2302 1937 2369 (Tit.

288 2405 328 2453 ι,
378 2391 478 2458 10;
529 2391 555 2445 Ι
608 2392 741 2446 Tim.
792 2409 868 2458 iv,
923 2393 999 2462 3),
1050 2399 1154 2447 et:
1209 2392 1593 2462 Sanctiﬁcatur
1653 2393 1801 2445 enim
1844 2406 1945 2460 per

291 2478 512 2533 verbum
550 2480 648 2535 Dei
699 2488 749 2536 et
796 2484 1098 2537 orationem
1142 2483 1187 2553 (I
1242 2482 1376 2536 Tim.
1411 2498 1486 2548 IV,
1522 2481 1598 2551 5).
1630 2502 1657 2529 )›
1691 2483 1762 2534 At
1792 2477 1889 2533 ille
1924 2494 1937 2533 ε

293 2589 321 2617 ιι
352 2567 698 2638 Necessitas,
725 2570 936 2641 inquit.
973 2589 1078 2626 nos
1110 2570 1491 2643 constringit;
1512 2585 1648 2626 nam
1683 2568 1943 2624 alitereis

291 2655 661 2713 cohabitandi
698 2659 866 2716 nobis
899 2660 1065 2732 copia
1095 2678 1210 2716 non
1242 2665 1424 2727 esset;
1446 2660 1586 2731 quin
1619 2664 1676 2714 et
1707 2676 1740 2713 a
1765 2659 1943 2729 majo-

291 2746 456 2802 ribus
487 2746 776 2820 longeque
808 2748 1134 2821 antiquitus
1168 2748 1420 2805 traditus
1453 2748 1944 2819 observatumque

290 2833 374 2890 ita
404 2840 691 2892 tenemus.
727 2870 794 2879 —-
825 2838 1184 2911 Numquam,
1216 2838 1496 2905 Joannes,
1534 2836 1819 2909 inquit,id
1843 2853 1944 2908 ap-

292 2925 683 2996 probaverim,
717 2932 783 2984 ut
833 2931 1015 2997 metu,
1067 2944 1287 2997 amore,
1328 2926 1407 2982 vel
1448 2927 1641 2982 favore
1689 2923 1943 2993 mortali,

294 3013 491 3069 divina
520 3017 1032 3089 transgrediuntur
1074 3021 1315 3072 statuta.
1350 3014 1484 3071 Illos
1516 3018 1537 3038 *
1570 3014 1725 3070 enim
1758 3017 1779 3039 '
1811 3012 1947 3068 inde

293 3105 315 3126 '
350 3103 440 3138 ¹⁷¹⁹
470 3103 724 3160 deﬂexos
754 3105 919 3160 vobis
950 3121 1106 3160 nunc
1138 3121 1242 3176 pro
1282 3103 1630 3160 auctoritate
1678 3106 1699 3126 *
1731 3101 1895 3157 abuti
1924 3104 1946 3126 ‘

292 3190 504 3247 videtis
536 3194 557 3216 '
590 3193 680 3226 ¹⁷²⁰
856 3193 1022 3248 vobis
1069 3210 1162 3249 res
1207 3191 1385 3248 fuerit
1434 3207 1777 3258 consensus,
1810 3205 1945 3245 cum

295 3279 494 3335 dolore
526 3297 642 3335 non
687 3298 876 3353 neque
907 3298 1121 3338 am.....
1158 3297 1273 3353 qua
1322 3297 1579 3336 amorem
1630 3280 1818 3336 facere
1864 3277 1948 3335 vi-

2035 703 2183 767 rent,
2199 698 2462 772 nihilque
2492 699 2870 756 immutatum
2894 717 2927 755 a
2948 699 3154 773 primis
3182 698 3368 756 initiis
3392 698 3695 754 renuntia-

2035 793 2183 858 rent,
2239 806 2340 845 rex
2383 788 2668 846 miraculo
2718 788 2892 845 tanta:
2941 789 3279 845 constantia
3344 788 3405 844 in
3462 788 3696 843 diversa

2035 879 2345 951 agebatur;
2377 881 2434 934 et
2464 878 2653 950 primo
2685 877 2922 950 quidem
2947 882 3163 933 terrere
3194 893 3330 933 eum
3360 876 3495 949 plus
3528 880 3697 933 metu

2036 966 2524 1039 Christianorum,
2544 967 2643 1040 qui
2660 985 2837 1040 regno
2860 969 2910 1039 ej
2922 986 2990 1023 ns
3010 967 3188 1023 libere
3215 966 3429 1022 divinis
3448 967 3697 1039 suisque

2038 1056 2213 1112 rebus
2241 1057 2579 1124 utebantur,
2618 1073 2789 1130 posse
2825 1058 3089 1125 credens,
3122 1056 3217 1112 die
3266 1057 3519 1129 quadam
3574 1073 3697 1128 qua

2040 1145 2333 1200 dominica
2354 1150 2477 1201 erat
2506 1144 2557 1201 ei
2590 1146 2898 1217 epistolam
2923 1145 3157 1219 plenam
3190 1145 3486 1201 minarum
3508 1144 3695 1201 misit.

2040 1234 2142 1290 His
2162 1233 2316 1290 enim
2342 1239 2571 1289 tantum
2597 1235 2804 1290 diebus
2828 1235 3169 1302 Dominicis,
3190 1240 3293 1290 aut
3322 1236 3369 1292 si
3403 1233 3498 1306 qui
3536 1235 3697 1290 festa:

2042 1328 2253 1379 nostra:
2306 1323 2603 1397 religionis
2646 1328 2813 1379 erant
2856 1324 3118 1389 maximi,
3163 1324 3386 1379 Natalis
3436 1323 3695 1391 Domini,

2042 1413 2528 1485 Epiphaniorum,
2560 1412 2820 1479 Pascha},
2867 1413 3262 1479 Ascensionis,
3306 1413 3697 1479 Pentecostes,

2042 1501 2231 1558 sancti
2269 1502 2577 1571 Johannis,
2629 1502 3051 1575 apostolorum,
3103 1507 3207 1557 aut
3255 1501 3698 1556 nominatorum

2042 1596 2210 1648 erant
2260 1596 2623 1659 sanctorum,
2676 1592 2749 1647 ad
2800 1591 3123 1648 mcclesiam
3173 1590 3519 1664 proximam,
3568 1608 3699 1663 quae

2044 1685 2168 1737 erat
2197 1681 2259 1736 in
2290 1680 2510 1738 honore
2541 1681 2731 1737 sancti
2751 1680 3008 1749 Martini,
3029 1680 3525 1753 permittebantur
3540 1696 3705 1737 acce-

2044 1770 2200 1838 dere,
2216 1771 2561 1827 custodibus
2590 1768 2728 1827 hinc
2754 1769 2891 1826 inde
2907 1769 3245 1839 duodecim,
3258 1786 3406 1843 quos
3422 1769 3700 1842 sagiones

2043 1864 2274 1927 vocant,
2309 1876 2369 1915 se
2401 1859 2829 1917 deducentibus
2862 1860 2970 1914 ‘7“.
3005 1859 3152 1916 Cum
3183 1875 3320 1933 ergo
3351 1876 3419 1916 ea
3444 1858 3703 1916 domini-

2048 1964 2116 2003 ca
2146 1949 2215 2005 ad
2251 1948 2572 2005 ecclesiam
2604 1949 3009 2021 processisset,
3044 1948 3102 2003 in
3131 1949 3257 2021 ipso
3307 1947 3515 2004 itinere
3543 1948 3705 2021 epis-

2051 2038 2171 2095 tola
2198 2039 2249 2095 ei
2281 2043 2549 2111 porrecta
2597 2044 2705 2117 est.
2740 2039 2809 2094 Et
2864 2038 3003 2112 quia
3051 2043 3221 2094 certe:
3264 2037 3608 2112 magnitudo
3638 2069 3712 2081 -κ

2052 2144 2188 2183 nam
2219 2128 2445 2199 quadra
2476 2127 2647 2201 pellis
2676 2129 2931 2183 vervecis
2975 2132 3099 2184 erat
3146 2158 3215 2167 —
3266 2127 3519 2183 terrebat
3566 2127 3711 2192 ων,

2052 2234 2124 2273 ne
2152 2220 2170 2240 ·
2205 2234 2240 2272 a
2268 2220 2287 2239 '
2322 2216 2735 2273 communione
2768 2221 2787 2241 '
2824 2218 2913 2252 ’7’“
2944 2233 3247 2273 sacrorum
3279 2233 3395 2289 quo
3437 2215 3715 2271 tendebat

2052 2310 2414 2373 avocaretur,
2462 2304 2699 2361 interim
2749 2305 2982 2362 distulit
3027 2305 3252 2378 aperire
3303 2310 3350 2374 ',
3401 2306 3585 2361 donec
3619 2322 3711 2359 sa-

2053 2395 2167 2450 cris
2200 2400 2220 2417 '
2253 2395 2504 2467 peractis
2536 2398 2555 2418 '
2591 2397 2679 2431 “3°
2710 2397 2782 2451 ad
2816 2395 3203 2451 diversorium
3257 2399 3607 2451 remearent.
3640 2393 3719 2449 Ut

2053 2483 2310 2551 revolvit,
2349 2485 2628 2541 terrentia
2660 2485 2926 2556 quasdam
2960 2501 3086 2557 qua:
3120 2488 3139 2508 '
3174 2484 3288 2540 sibi
3320 2483 3655 2555 contingere
3692 2486 3715 2505 "

2053 2574 2140 2607 “37
2172 2578 2413 2645 possent
2438 2573 2678 2641 invenit,
2712 2590 2818 2630 nec
2847 2589 3131 2645 umquam
3165 2572 3312 2629 alias
3361 2572 3443 2627 ita
3473 2587 3534 2627 se
3566 2569 3715 2627 ullis
3744 2585 3787 2623 ο

2053 2662 2376 2719 terroribus
2409 2663 2695 2734 percitum
2727 2663 3031 2720 confessus
3062 2666 3081 2685 '
3114 2666 3203 2717 est
3234 2665 3276 2715 *.

2128 2752 2249 2807 125.
2279 2751 2426 2806 Nam
2457 2755 2476 2774 ‘
2513 2752 2602 2787 “*8
2649 2756 2782 2823 post
2829 2750 3038 2815 multa,
3083 2765 3211 2819 quis
3261 2749 3309 2802 ei
3363 2748 3478 2805 nisi
3518 2747 3717 2820 jussis

2056 2840 2208 2912 regis
2238 2840 2623 2898 assentiretur
2669 2838 3204 2903 comminabantur,
3238 2835 3458 2907 quibus
3510 2844 3718 2894 tamen

2056 2929 2218 2985 nullo
2249 2930 2460 2986 modo"
2479 2930 2828 2986 se'motum
2860 2931 2880 2953 '
2912 2927 3002 2963 "’5
3034 2924 3217 2980 fuisse
3247 2928 3500 2980 testatus
3519 2927 3717 2992 est,ad

2056 3017 2177 3073 haec
2206 3016 2481 3073 ultimum
2514 3018 2803 3074 insertum
2837 3019 2946 3083 est,
2978 3013 3135 3086 quod
3167 3013 3217 3069 si
3268 3014 3464 3085 ipsum
3516 3014 3722 3069 interi-

2056 3110 2259 3171 meret,
2275 3105 2505 3161 nullum
2536 3106 2595 3161 in
2628 3110 2751 3160 tota
2780 3103 3015 3177 Ispania
3043 3101 3449 3159 Christianum
3471 3103 3602 3158 vita:
3622 3121 3719 3158 re-

2056 3193 2367 3265 linqueret,
2419 3194 2520 3251 sed
2580 3210 2785 3249 omnes
2834 3192 3028 3265 gladio
3082 3192 3424 3249 trucidaret.
3476 3193 3717 3248 Addens

2056 3281 2167 3338 hoc
2199 3297 2211 3334 :
2240 3303 2269 3331 ‹‹
2296 3281 2518 3354 Cogita,
2552 3281 2766 3354 inquit,
2795 3286 2939 3353 quot
2984 3281 3316 3337 animarum
3368 3286 3605 3353 propter
3656 3286 3717 3337 te

297 3367 517 3424 domini
537 3369 699 3442 regni
719 3369 1328 3442 cwlorum;quoniam
1347 3368 1429 3424 eis
1445 3385 1547 3424 vos
1566 3367 1946 3424 nccessitate'
2053 3370 2493 3426 interfecturum
2527 3371 2680 3443 apud
2714 3371 2900 3427 Deum
2937 3387 3072 3425 reus
3102 3370 3242 3436 eris,
3275 3370 3375 3442 qui
3422 3369 3533 3424 nisi
3578 3386 3717 3424 cou-

294 3457 641 3515 constrictos
669 3462 691 3484 ⁹
722 3460 1009 3516 assentire
1039 3462 1059 3484 "
1090 3461 1174 3495 ¹τ²¹
1227 3457 1512 3527 fatemini,
1547 3457 1691 3513 mihi
1742 3455 1942 3530 procul

294 3545 387 3603 his
420 3549 874 3606 necessitatibus
904 3549 1121 3606 Christi
1154 3548 1343 3622 gratia
1373 3546 1580 3613 libero,
1611 3546 1763 3602 ﬁxus
1786 3551 1807 3571 '
1841 3546 1946 3603 Do-

294 3636 455 3694 mino
484 3639 507 3664 ‘
543 3638 635 3673 ¹⁷²¹
658 3638 976 3695 miserante
1008 3642 1125 3695 stat
1156 3636 1409 3706 animus,
1444 3636 1599 3708 quod
1640 3634 1800 3691 nullo
1830 3638 1944 3691 ter-

294 3742 443 3795 rore,
474 3724 780 3784 allectione
809 3727 897 3785 vel
928 3728 1139 3801 gratia,
1174 3726 1247 3783 ab
1279 3726 1374 3783 his
1404 3743 1533 3799 quae
1573 3724 1944 3799 imperatoris

291 3816 527 3890 suscepi
558 3816 853 3873 mandatis
883 3817 1178 3874 deﬂectar.
1213 3817 1360 3873 Nam
1396 3832 1500 3872 nec
1532 3815 1660 3871 sine
1697 3814 1946 3888 epistola

291 3904 582 3979 imperiali
613 3907 722 3974 ³⁷³³,
752 3906 932 3962 nullis
977 3905 1114 3964 inde
1144 3903 1399 3978 demptis
1429 3904 1518 3961 vel
1567 3903 1946 3961 commutatis

293 4010 481 4067 usque
511 3995 583 4051 ad
616 4012 801 4052 unum
835 3996 1060 4068 apicem
1091 3994 1321 4062 litteris,
1342 4011 1477 4051 eum
1508 3992 1869 4060 conveniam,
1890 3996 1947 4047 et

294 4084 342 4139 si
364 4083 506 4156 quid
539 4090 743 4141 contra
772 4101 840 4140 ea
872 4085 1189 4157 quisquam
1219 4083 1759 4155 oblatraverit,qute
1789 4096 1943 4139 sanie

292 4177 352 4230 et
379 4172 679 4230 catholica:
701 4174 835 4230 ﬁdei
868 4174 1133 4240 ferimus,
1161 4178 1218 4230 et
1261 4173 1526 4229 diversus
1557 4174 1629 4230 ad
1679 4172 1801 4228 hanc
1852 4189 1943 4228 as-

292 4265 450 4318 serta
478 4262 795 4329 obvenerit,
830 4262 1029 4335 palam
1062 4262 1358 4329 resistam,
1391 4277 1497 4319 nec
1527 4260 1715 4334 ipsius
1747 4275 1944 4317 amore

287 4351 420 4408 vitae
450 4351 523 4408 ab
554 4352 921 4408 attestaticne
951 4352 1214 4408 veritatis
1241 4351 1564 4424 diﬁ‘ugiam.
1603 4373 1629 4400 ››

366 4442 489 4498 124.
507 4440 922 4516 (DCCCCLIV).
937 4442 1068 4498 llaec
1088 4441 1205 4514 regi
1230 4441 1380 4498 clam
1405 4440 1769 4497 nuntiantur.
1797 4439 1943 4494 Nam

297 4531 548 4588 necdum
581 4531 682 4589 illa
709 4531 944 4605 publice
976 4549 1007 4586 a
1040 4530 1426 4605 rege,quibus
1452 4529 1593 4585 item
1616 4528 1847 4602 publice
1864 4544 1946 4584 re-

293 4621 625 4693 sponderet,
657 4622 935 4679 mandata
965 4621 1184 4676 directa
1216 4622 1467 4684 fuerant,
1502 4619 1602 4674 sed
1635 4618 1945 4690 episcopus

289 4708 387 4767 ille
417 4710 785 4784 disquirendi
816 4715 1046 4767 tantum
1079 4710 1266 4782 gratia
1296 4708 1761 4764 adveneratllex
1791 4705 1943 4762 calli-
1972 4729 2021 4795 Β

290 4798 401 4868 dis,
418 4800 632 4871 quibus
655 4799 929 4856 omnibus
947 4798 1294 4855 mortalibus
1318 4802 1593 4871 prmstare
1615 4796 1936 4863 dicebatur,

289 4889 822 4946 consultationibus
854 4892 1111 4944 mentem
1135 4886 1391 4943 hominis
1423 4886 1596 4942 modo
1628 4883 1940 4951 hac,modo

286 4977 807 5050 illac,attemptare
840 4976 1145 5049 excogitat,
1182 4981 1237 5031 et
1269 4981 1571 5047 tamquam
1604 4990 1771 5029 muro
1794 4989 1939 5045 pra:-

287 5066 478 5123 valido
500 5067 729 5123 diversa
749 5069 869 5122 arte
894 5063 1143 5136 inpulsis
1166 5064 1476 5131 machinis,
1498 5064 1578 5119 ita
1600 5063 1937 5118 ﬁrmitatem

292 5153 545 5228 pectoris
561 5156 712 5227 ejus,
729 5155 777 5209 si
797 5171 911 5225 quo
929 5158 1098 5226 pacto
1116 5155 1373 5221 daretur,
1401 5157 1584 5207 certat
1609 5154 1937 5220 concutere,

289 5242 959 5318 (DCCCCLV).Cumque
988 5246 1121 5313 post
1150 5258 1411 5297 mensem
1443 5244 1545 5296 aut
1573 5256 1673 5295 sex
1694 5239 1784 5296 vel
1810 5257 1939 5313 sep-

288 5337 406 5392 tem
438 5331 899 5389 ebdomadarum
918 5330 1177 5404 spatium
1194 5330 1244 5385 ei
1266 5329 1406 5402 regii
1442 5329 1630 5384 nuntii
1651 5328 1942 5385 mitteren-

2054 3457 2312 3521 tentione
2342 3462 2513 3526 tua,a
2539 3476 2655 3531 quo
2686 3475 2892 3532 pacem
2908 3464 2965 3515 et
2980 3458 3232 3515 salutem
3264 3459 3455 3530 magis
3470 3475 3712 3531 sperare

2054 3548 2402 3615 debuerant,
2432 3548 2596 3605 nullo
2622 3548 2736 3605 alio
2792 3554 2956 3605 reatu
3009 3549 3305 3621 peribunt,
3340 3547 3554 3619 quippe
3604 3563 3715 3618 pro

2054 3639 2141 3695 eis
2171 3654 2556 3711 quaecumque
2587 3636 2764 3694 velles
2796 3637 3059 3711 optinere
3088 3654 3124 3694 δ.
3152 3636 3322 3693 nobis
3351 3652 3554 3709 posses
3593 3636 3714 3702 “3°,

2055 3726 2132 3782 sit
2160 3731 2326 3783 tanta
2354 3725 2747 3784 obstinatione
2778 3726 2951 3783 nobis
2983 3727 3264 3783 adversus
3294 3725 3658 3799 persisteres.
3681 3748 3713 3775 ι»

2026 3816 2158 3873 'His
2187 3817 2247 3872 in
2281 3816 2411 3890 ipsa
2442 3834 2559 3890 qua
2588 3817 2660 3873 ab
2684 3815 2948 3873 mcclesia
2999 3814 3322 3889 hospitium
3368 3814 3718 3888 repetebant

2053 3905 2147 3961 via
2177 3905 2350 3962 tacite
2380 3905 2673 3979 perlectis,
2704 3906 2847 3962 dum
2878 3906 3110 3979 magnis
3141 3905 3325 3960 animi
3352 3904 3592 3959 testibus
3610 3902 3718 3959 ali-

2056 3993 2317 4066 quandiu
2344 3993 2621 4068 agitatur,
2661 3998 2725 4050 ut
2772 3994 2859 4049 vel
2913 3994 3068 4067 quod
3115 3997 3320 4048 contra
3365 4008 3434 4048 ea
3476 3990 3714 4047 consilii

2056 4088 2308 4156 caperet,
2340 4083 2427 4139 vel
2462 4082 2717 4156 qualiter
2745 4084 2817 4140 ad
2850 4083 2971 4140 haec
2999 4082 3121 4155 regi
3172 4081 3535 4147 rescriberet,
3570 4079 3721 4153 quia

2056 4189 2172 4228 non
2207 4172 2292 4208 ¹⁷³¹
2325 4172 2469 4229 satis
2509 4171 2718 4229 litteris
2768 4171 3158 4247 respondendi
3209 4186 3384 4226 usum
3432 4169 3718 4239 habebat,

2056 4264 2289 4334 repente
2320 4260 2619 4318 sententia:
2652 4259 2813 4318 illius
2842 4260 3172 4327 ccelitus,ut
3201 4276 3336 4331 sepe
3368 4258 3536 4314 nobis
3570 4259 3715 4315 fate-

2054 4350 2251 4418 batur,
2265 4350 2548 4408 memoria
2577 4350 2759 4408 menti
2788 4354 3071 4407 terrorem
3103 4365 3337 4406 omnem
3370 4352 3718 4420 metumque

2055 4440 2370 4513 proterruit
2403 4457 2417 4496 :
2449 4441 2621 4505 laeta,
2672 4439 2885 4512 inquit,
2938 4441 2998 4496 in
3044 4440 3271 4496 Domino
3320 4454 3512 4493 curam
3561 4445 3718 4493 tuam

2057 4530 2225 4599 (Psal.
2262 4546 2335 4597 LI,
2377 4530 2491 4601 23),
2525 4534 2584 4584 et
2629 4526 2919 4584 alterius:
2977 4528 3105 4596 Quis
3156 4528 3285 4600 fecit
3330 4543 3385 4582 os
3434 4526 3720 4581 hominis?

2053 4618 2241 4674 Nonne
2269 4634 2362 4689 ego
2387 4622 2409 4673 Ρ
2439 4616 2629 4684 (Exod.
2664 4633 2740 4685 ιν,
2777 4617 2886 4689 11.)

2128 4708 2248 4762 126.
2284 4706 2414 4762 Mox
2444 4704 2765 4779 hospitium
2808 4704 3112 4779 ingressus
3147 4722 3160 4760 :
3200 4728 3227 4755 ‹‹
3275 4705 3475 4760 F’rater
3527 4706 3713 4761 Gara-

2051 4811 2288 4861 manne,
2322 4795 2514 4866 inquit
2543 4794 2652 4861 "3’,
2686 4793 2841 4850 otius
2885 4793 3120 4868 pellem,
3153 4794 3212 4849 in
3261 4811 3375 4866 qua
3424 4794 3711 4866 quicquid

2050 4884 2292 4956 eloquar
2343 4883 2665 4952 adscribas,
2718 4900 2877 4955 para.
2930 4907 2956 4934 ›ι
3014 4883 3116 4940 Illo
3176 4884 3379 4940 statim
3438 4883 3712 4940 exibente

2051 4973 2334 5044 quadram
2368 4977 2681 5040 exsectam,
2716 4978 2781 5028 ut
2810 4978 3071 5029 sumeret
3099 4960 3433 5045 imperavit,
3459 4972 3716 5028 calamo-

2050 5078 2162 5135 que
2196 5067 2398 5136 parato
2431 5062 2651 5117 sedenti
2684 5080 2947 5130 exorsus,
2988 5061 3288 5135 scriptoris
3339 5060 3715 5117 velocitatem

2048 5155 2212 5207 tanta
2242 5151 2552 5207 verborum
2570 5150 2737 5224 cepia
2765 5151 2921 5219 vicit,
2938 5155 3004 5208 ut
3019 5166 3408 5224 sepenumero
3431 5150 3713 5223 scriptor,

2049 5241 2192 5298 dum
2221 5239 2475 5313 plurima
2499 5240 2912 5311 jungerentur,
2943 5256 3006 5296 se
3057 5257 3173 5296 non
3224 5256 3398 5312 posse
3443 5239 3714 5313 excipere

2050 5330 2564 5402 quereretur.Erat
2595 5329 2752 5386 enim
2785 5328 2943 5387 idem
2975 5329 3390 5387 Garamannus
3418 5329 3551 5401 ejus
3569 5330 3715 5386 artis

1655 5451 1898 5511 VARI/3
1936 5455 2333 5513 LECTIONES

358 5574 448 5611 "‘9
477 5574 527 5630 1.
558 5590 608 5629 e.
636 5572 697 5628 in
727 5586 755 5625 c
785 5571 927 5625 coni.
1006 5572 1094 5605 ¹⁷²⁰
1126 5576 1242 5627 tate
1275 5587 1326 5625 a.
1360 5586 1413 5624 v.
1447 5585 1476 5624 e
1505 5571 1648 5624 com“.

288 5647 375 5701 ria
403 5662 451 5702 c.
555 5642 1112 5728 ""dedgcentebus
1158 5657 1300 5697 corr.
1354 5639 1781 5728 dedugentibqs
1829 5657 1876 5696 c.

285 5732 460 5789 perac
486 5732 515 5774 e
544 5731 687 5772 com.

286 5788 333 5847 ὲ.
413 5788 495 5823 πται
531 5804 569 5844 n
599 5804 646 5841 ε.

765 5712 857 5782 ⁸⁷³⁷7
886 5726 1011 5782 qua:
1034 5728 1083 5767 s.
1117 5729 1167 5769 c.
1202 5727 1231 5768 θ
1260 5714 1403 5769 coni.

728 5783 816 5819 ιτ³²
847 5781 1054 5853 inquot
1083 5799 1130 5839 c.

1726 5570 1810 5605 ¹⁷²¹
1846 5587 1905 5626 n.
1939 5588 1989 5627 c.
2025 5571 2281 5628 assentir
2303 5587 2333 5627 e
2357 5573 2500 5628 coni.

1984 5643 2073 5678 "9“
2104 5642 2378 5711 terrebat,
2413 5659 2484 5699 ne
2518 5659 2552 5699 a
2584 5641 2921 5699 communio
2949 5658 2979 5697 e
3007 5644 3150 5698 com’.

1484 5711 1571 5746 “’3
1604 5712 1907 5772 confessus
1940 5730 1990 5772 e.
2022 5713 2169 5774 Nam
2201 5730 2230 5774 α
2258 5716 2401 5773 coni.

2580 5572 2670 5607 ‘7”
2696 5588 2808 5628 xus
2839 5569 3087 5644 Domino
3117 5587 3146 5626 e
3175 5570 3344 5644 coni._
3398 5569 3488 5644 ¹⁷ῗ³
3519 5570 3710 5644 impe-

3260 5642 3348 5676 ¹τ²⁶
3380 5641 3531 5697 erire
3564 5641 3628 5697 di
3656 5661 3706 5699 s.

2483 5714 2571 5749 ¹τ²⁹
2587 5731 2780 5773 sermo
2812 5713 3052 5773 Labbcuc
3082 5715 3339 5771 restituit.
3420 5713 3510 5747 "3°
3532 5730 3708 5787 posse
