3912 6436
177 546 296 613 305
1080 548 1184 610 DE
1226 546 1405 611 VlTA
1450 546 1781 611 JOANNIS
1827 547 2167 625 ABBATIS
2214 549 2700 616 GORZIENSIS.

178 678 652 755 elegantissimus
683 683 858 754 atque
888 680 1355 738 assuetissimus.
1388 680 1582 736 Primo
1626 680 1831 736 ordine
1859 678 1917 751 Α
1945 678 2195 737 dicenda
2225 682 2584 750 defecerunt,
2617 701 2795 757 quam
2839 681 3088 756 scriptor
3136 682 3381 756 impleta
3430 701 3609 743 mem-

178 771 250 827 ad
283 770 517 844 singula
545 771 849 843 respondit
882 788 895 825 :
929 772 1002 826 Se
1033 769 1298 843 legatum
1330 769 1604 838 missum,
1629 785 1839 843 princes

178 860 295 933 ptis
347 860 737 932 imperatoriis
784 860 960 915 ﬁdem
1014 858 1354 915 inviolatam
1404 876 1672 927 servare;
1720 876 1835 914 non

176 949 291 1005 sibi
323 950 409 1003 fas
439 966 588 1016 esse,
623 952 688 1004 ut
718 949 810 1004 cui
846 952 1013 1004 tanta
1045 948 1329 1020 majestas
1360 947 1586 1003 litteras
1616 965 1756 1003 suas
1781 951 1839 1003 et

175 1055 274 1094 eas
305 1055 419 1093 non
453 1038 716 1110 signatas
737 1036 1070 1106 crediderit,
1092 1036 1220 1113 sine
1242 1036 1335 1091 his
1360 1035 1565 1091 faciem
1591 1036 1720 1108 ejus
1742 1036 1833 1091 cui

175 1125 433 1182 directus
462 1127 541 1181 sit
570 1126 782 1194 videat,
818 1129 920 1181 aut
967 1125 1191 1197 absque
1244 1125 1370 1197 ipso
1421 1125 1479 1179 in
1532 1124 1706 1198 regis,
1741 1125 1834 1180 cui
1881 1127 1884 1131 “

174 1215 368 1270 missae
401 1219 541 1271 sunt
571 1216 683 1284 im,
717 1215 1039 1270 recitentur
1068 1219 1413 1287 conspectu.
1449 1213 1509 1270 Si
1541 1214 1624 1269 sic
1659 1213 1837 1285 patia-

171 1308 271 1359 tur
327 1306 498 1374 (415),
549 1322 610 1361 se
664 1305 724 1360 in
774 1302 939 1359 nullo
998 1304 1158 1375 regio
1207 1302 1412 1359 honori
1467 1302 1832 1358 defecturum

175 1394 285 1463 "3‘,
347 1393 649 1466 quia.......
709 1393 905 1448 rissot.
968 1391 1151 1447 Aliter
1205 1392 1477 1448 universa
1535 1391 1731 1463 potius
1772 1405 1834 1447 se

170 1499 389 1554 genera
429 1486 449 1507 *
502 1486 931 1538 tormentorum
982 1485 1001 1505 "
1034 1485 1513 1536 sustentaturum
1565 1483 1608 1548 ‘,
1655 1497 1833 1552 quam

170 1574 194 1595 ¹
231 1567 320 1606 ¹τ³⁵
351 1571 669 1644 quicquam
701 1576 863 1627 extra
898 1587 968 1627 ea
1014 1587 1141 1643 qua:
1191 1569 1306 1626 sibi
1360 1569 1583 1625 indicta
1634 1574 1835 1625 essent

170 1659 259 1715 vel
294 1665 584 1732 quantum
634 1676 812 1715 causa
843 1662 865 1684 ⁴’
896 1659 1009 1715 sibi
1042 1663 1063 1682 ‘
1100 1658 1423 1713 commissa
1455 1661 1475 1680 '
1510 1656 1834 1729 postularet

167 1749 309 1784 *ηδε
362 1764 782 1815 excessurum;
840 1752 898 1803 et
946 1747 1100 1803 sicut
1147 1745 1551 1818 superioribus
1593 1746 1721 1817 jam
1771 1760 1832 1801 se

168 1836 383 1893 itidem
414 1836 773 1892 terrentibus
806 1836 1160 1907 respondere
1202 1838 1223 1859 '
1256 1835 1413 1890 haud
1445 1839 1466 1858 '
1502 1833 1833 1891 distulisset

165 1929 213 1998 ',
250 1926 335 1981 ita
365 1928 387 1950 ⁶
420 1926 508 1960 ³⁷³⁷
541 1926 590 1980 si
624 1926 801 1981 etiam
833 1924 1235 1997 particulatim
1270 1928 1483 1979 cuncta
1514 1924 1605 1980 sui
1637 1940 1834 1996 corpo-

162 2014 252 2069 ris
309 2014 576 2070 membra
619 2032 653 2068 a
703 2014 967 2069 minimis
1019 2012 1285 2068 articulis

159 2119 408 2157 summa
437 2102 639 2158 vitalia
670 2102 984 2157 cotidianis
1016 2101 1439 2158 resectionibus
1456 2102 1830 2174 decarperen-

159 2196 269 2247 tur
298 2222 366 2231 —
395 2207 534 2245 nam
568 2208 683 2247 non
714 2191 997 2262 majorem
1022 2207 1307 2263 umquam
1354 2191 1682 2246 cruciatum
1735 2190 1828 2245 in-

158 2280 305 2336 ferri
338 2296 537 2352 posse,
570 2295 746 2352 quam
781 2280 828 2335 si
861 2279 1033 2334 hodie
1062 2278 1173 2334 hoc
1205 2279 1452 2335 articulo
1484 2279 1677 2351 digiti,
1700 2296 1828 2334 cras

154 2368 370 2433 altero,
406 2368 542 2423 inde
575 2384 677 2439 per
728 2367 853 2422 dies
886 2367 1151 2439 singulos
1200 2367 1476 2439 singulis,
1510 2368 1643 2423 inde
1695 2368 1825 2423 bra-

159 2456 324 2521 chio,
361 2470 547 2523 armo,
596 2463 723 2528 post
773 2457 1013 2519 femore,
1065 2471 1231 2512 crure
1282 2456 1393 2522 "3°,
1425 2456 1590 2528 pede,
1627 2457 1825 2527 praeci-

154 2546 267 2616 sis,
305 2549 605 2618 postremo
636 2548 882 2600 truncus
917 2544 1178 2618 reliquus
1227 2544 1485 2601 fodiatur
1514 2575 1580 2585 —-—
1612 2562 1725 2601 non
1759 2562 1825 2601 eo

152 2640 362 2690 tamen
408 2651 471 2689 se
519 2634 789 2690 territum
839 2632 1036 2706 aliqua
1084 2633 1309 2689 ratione
1371 2649 1699 2689 cessurum.
1753 2635 1824 2690 Se

153 2740 400 2797 quoque
430 2723 576 2778 satis
609 2727 978 2794 compertum
1010 2723 1226 2779 habere
1256 2739 1325 2778 ex
1354 2722 1635 2791 relatione
1669 2728 1825 2778 ante-

151 2813 388 2869 riorum
407 2812 518 2867 sibi
537 2811 877 2879 missorum,
895 2811 1087 2883 ipsum
1122 2827 1315 2885 regem
1329 2811 1455 2883 jam
1480 2811 1820 2880 advertisse,

150 2902 321 2974 quod
352 2901 495 2956 moti
529 2918 644 2957 non
679 2900 858 2957 nimis
891 2900 1017 2973 ipse
1049 2901 1304 2956 timeret.
1339 2900 1591 2972 Ideoque
1615 2917 1823 2972 super-

146 2991 352 3048 ﬂuum
385 3005 512 3045 esse
542 3005 608 3045 eo
641 3006 703 3045 se
739 2988 886 3045 velle
934 2993 1170 3057 terrere,
1216 2989 1372 3061 quod
1424 2989 1549 3060 ipse
1596 2987 1820 3044 levissi-

145 3096 330 3135 mum
361 3082 677 3150 reputaret,
703 3078 831 3148 jam
863 3077 1017 3150 quod
1051 3077 1389 3149 scripserat,
1422 3077 1550 3149 ipso
1585 3077 1820 3133 interfe-

143 3173 246 3224 cto
282 3166 520 3223 nullum
554 3166 611 3221 in
645 3170 770 3221 tota
801 3165 1036 3237 lspania
1063 3165 1356 3237 reliquum
1392 3165 1579 3221 facere
1626 3165 1819 3221 Chris-

141 3257 416 3321 tianum,
450 3254 681 3326 sibique
714 3260 941 3310 reatum
970 3259 1145 3310 tanta:
1172 3255 1388 3327 stragis
1423 3271 1457 3309 a
1486 3253 1600 3310 Deo
1650 3254 1818 3326 inpu-

142 3346 293 3412 tari,
328 3345 390 3398 id
419 3344 592 3416 longe
626 3342 795 3399 aliter
826 3359 887 3399 se
918 3343 1152 3410 habere,
1185 3359 1292 3399 nec
1324 3360 1385 3398 se
1417 3358 1658 3398 causam
1690 3359 1819 3399 esse

1332 2015 1354 2036 ‘
1389 2013 1476 2048 “33
1528 2028 1715 2085 usque
1756 2014 1824 2067 ad
1857 2047 1906 2113 Β

1949 769 2136 826 brana
2166 770 2313 826 nihil
2342 787 2651 844 superesse
2683 772 2986 829 confessus
3019 776 3127 828 est.

2022 858 2145 914 127.
2182 859 2312 915 Haec
2343 860 2463 933 regi
2497 860 2755 932 prmlata,
2802 877 2919 915 non
2972 860 3033 915 in
3084 860 3251 928 iram,
3305 865 3373 917 ut
3417 861 3606 934 prius,

1950 950 2208 1003 mentem
2255 947 2538 1017 incendit,
2589 950 2692 1005 sed
2742 949 2988 1005 consilio
3043 949 3203 1022 regio
3252 952 3273 973 '
3326 949 3553 1022 perlata
3582 954 3605 977 '

1949 1041 2089 1091 sunt
2117 1040 2137 1059 '
2174 1035 2282 1091 “‘0.
2316 1037 2450 1093 Jam
2483 1037 2712 1110 pridem
2744 1038 2903 1093 enim
2929 1055 2963 1093 a
2993 1036 3142 1104 suis,
3164 1037 3382 1110 quibus
3400 1055 3491 1094 res
3508 1056 3606 1097 no-

1948 1127 2081 1179 strze
2094 1125 2222 1196 jam
2258 1124 2487 1180 fuerant
2535 1124 2890 1198 pervulgata
2936 1126 3371 1182 abstrudendas
3396 1129 3415 1151 ¹
3449 1144 3549 1184 eas
3580 1130 3603 1155 '

1948 1213 2342 1269 commonitus
2373 1217 2393 1238 ⁶
2427 1218 2550 1269 erat
2578 1216 2620 1281 *,
2656 1230 2726 1268 ne
2757 1217 2776 1238 ’
2815 1216 2898 1249 ‘7“
2933 1213 3270 1291 imperatori
3292 1217 3311 1240 ‘
3345 1215 3436 1251 ‘7"
3466 1234 3601 1273 nos-

1945 1306 2035 1356 tro
2065 1300 2353 1357 obluctari
2388 1302 2885 1374 temptaret.Eum
2919 1302 3437 1360 bellicosissimum
3456 1304 3603 1362 mul-

1947 1394 2142 1445 tarum
2200 1390 2463 1463 gentium
2523 1390 2801 1447 victorem
2847 1394 2868 1415 '
2920 1392 3031 1458 ιω,
3074 1392 3321 1464 injurias
3371 1409 3597 1463 omnes,

1946 1480 2234 1552 praecipue
2267 1479 2614 1552 legatorum,
2650 1496 2764 1553 quo
2806 1497 3132 1553 numquam
3181 1480 3327 1536 alias
3378 1481 3600 1538 seviorc

1946 1567 2142 1624 animo
2162 1569 2565 1640 repetiturum,
2582 1585 2648 1624 ac
2672 1568 3060 1641 plurimorum
3083 1569 3267 1642 copiis
3282 1586 3598 1643 regnorum

1946 1657 2184 1724 coactis,
2220 1656 2514 1729 Ispaniam
2546 1662 2730 1713 totam
2758 1662 3069 1730 postquam
3099 1658 3275 1715 variis
3306 1658 3601 1717 calamita-

1944 1745 2104 1800 tibus
2133 1745 2505 1815 vastavisset,
2536 1746 2685 1801 forte
2731 1746 2972 1801 tandem
3014 1747 3150 1818 jure
3198 1746 3434 1803 victoris
3482 1747 3594 1805 sibi

1945 1834 2369 1906 subjecturum.
2406 1834 2680 1890 Pluribus
2725 1835 2808 1890 ita
2847 1835 3112 1906 jactatis,
3159 1835 3399 1907 quidam
3450 1837 3598 1893 forte

1944 1921 2257 1995 suggessit,
2292 1928 2358 1978 ut
2388 1924 2527 1995 quia
2555 1923 2644 1978 vir
2672 1922 2769 1978 ille
2800 1927 2974 1978 tantm
2990 1923 3298 1980 videbatur
3319 1930 3596 1981 constan-

1946 2011 2062 2076 tize,
2104 2029 2172 2066 ac
2219 2028 2333 2067 non
2387 2011 2634 2068 minoris
2683 2011 2949 2067 arbitrati
3001 2015 3199 2083 posset
3246 2014 3590 2085 prudentiae,

1945 2115 2119 2173 quem
2150 2101 2326 2156 etiam
2356 2101 2504 2156 tanti
2539 2100 2821 2172 temporis
2853 2116 3018 2157 mora
3048 2101 3106 2156 in
3140 2101 3264 2174 lege
3314 2120 3421 2158 sua
3469 2106 3587 2158 tam

1941 2190 2121 2245 ﬁxum
2154 2193 2559 2246 monstrasset.
2594 2206 2659 2244 ac
2702 2189 2945 2261 proinde
2977 2190 3067 2226 1"“
3114 2190 3290 2246 ﬁdem
3336 2191 3595 2247 mortali-

1940 2279 2051 2334 bus
2083 2296 2197 2335 non
2231 2279 2565 2351 denegaret,
2602 2279 2651 2333 is
2703 2278 2829 2349 ipse
2877 2295 3055 2350 super
3091 2278 3220 2344 hoc,
3255 2278 3395 2351 quid
3444 2281 3592 2336 facto

1938 2368 2049 2422 sibi
2085 2384 2232 2440 opus
2265 2372 2442 2434 esset,
2476 2366 2899 2423 consuleretur.
2936 2367 3022 2423 Ita
3055 2367 3279 2423 nuntiis
3309 2386 3369 2424 se
3397 2386 3595 2425 conve-

1939 2455 2240 2512 nientibus
2271 2460 2583 2528 postquam
2608 2455 2819 2511 ultima
2849 2456 2971 2511 haec
3003 2455 3282 2512 mandata
3311 2458 3589 2530 percepit:

1941 2566 1968 2593 «
1999 2544 2876 2617 Tandem,inquit,sapientiore
2909 2545 3153 2600 consilio
3187 2562 3311 2601 rem
3342 2549 3593 2604 tractas-

1934 2632 2035 2688 tis.
2079 2633 2137 2689 Si
2172 2649 2305 2687 mox
2336 2631 2501 2688 initio
2531 2632 2588 2687 id
2621 2637 2778 2688 esset
2829 2633 3168 2705 qmcsitum,
3222 2650 3338 2687 non
3390 2638 3587 2691 tantas

1933 2722 2098 2778 vobis
2144 2720 2231 2777 vel
2284 2722 2455 2777 nobis
2503 2721 2645 2777 tedii
2697 2725 2754 2776 et
2806 2721 3117 2777 anxietatis
3168 2721 3468 2778 molestias
3502 2728 3588 2778 tot

1935 2810 2127 2882 spatia
2158 2813 2488 2882 temporum
2518 2811 2963 2882 protraxissent.
2997 2810 3162 2864 Nunc
3192 2810 3380 2865 citum
3413 2809 3471 2866 id
3504 2810 3589 2867 fa-

1933 2898 2043 2954 cile
2074 2902 2231 2953 extat
2261 2897 2595 2953 consilium.
2633 2898 2898 2953 Mittatur
2945 2898 3183 2954 domino
3232 2903 3434 2954 nostro
3478 2899 3590 2956 im-

1932 2987 2184 3059 peratori
2234 2986 2447 3060 legatio
2498 3004 2531 3042 a
2580 3003 2712 3058 rege
2758 2991 2971 3053 vestro,
3022 2992 3089 3042 ut
3133 2986 3279 3041 mihi
3331 2987 3474 3059 quid
3517 2988 3590 3044 de

1932 3075 2267 3132 commissis
2299 3090 2468 3148 agere
2501 3074 2769 3141 debeam,
2819 3075 3139 3131 describat.
3178 3076 3322 3147 Ejus
3375 3074 3589 3134 litteris

1930 3162 2143 3220 iterum
2175 3163 2341 3234 vtsis,
2375 3164 2447 3220 ad
2480 3163 2752 3218 universa
2782 3162 3095 3219 oboediam.
3129 3185 3161 3229 n

2007 3254 2126 3308 128.
2155 3253 2258 3308 His
2292 3252 2410 3326 regi
2446 3252 2757 3318 nuntiatis,
2793 3257 3150 3326 acceptoque
3184 3252 3430 3309 consilio
3462 3258 3527 3310 ut
3558 3271 3592 3312 a

1928 3342 2219 3415 prudente
2249 3346 2553 3414 suggesto,
2585 3340 2763 3412 quaeri
2787 3340 3036 3413 jubetur
3053 3342 3185 3415 quis
3218 3342 3327 3398 iter
3357 3346 3589 3398 tantum

141 3434 334 3490 caedis
366 3414 654 3503 ipsorum,
687 3431 788 3487 sed
822 3430 1111 3488 malitiam
1145 3430 1670 3504 crudelitatemque
1720 3431 1814 3485 irae
1847 3414 1890 3481 C
1927 3414 2098 3486 vellet
2127 3446 2450 3494 assumere,
2483 3446 2620 3485 cum
2653 3447 2820 3485 rarus
2852 3433 2955 3485 aut
2998 3431 3115 3486 fere
3147 3430 3348 3488 nullus
3391 3430 3587 3503 palam

141 3523 373 3596 ipsius,
407 3518 653 3592 ipsoque
702 3537 905 3592 poenas
952 3518 1394 3575 interfectorum
1444 3518 1662 3586 luente,
1707 3519 1820 3575 sibi

140 3612 295 3667 cum
333 3608 480 3681 ipsis
504 3608 872 3681 interemptis
895 3608 1125 3664 Christo
1148 3606 1400 3680 propitio
1421 3608 1600 3664 vitam
1624 3607 1821 3663 melio-

140 3717 280 3756 rem
318 3697 653 3754 succedere.
690 3697 836 3752 Cum
868 3701 1064 3751 tamen
1099 3696 1155 3750 id
1206 3712 1440 3768 quoque
1487 3696 1602 3751 Deo
1653 3696 1820 3751 facile

139 3791 318 3844 esset
348 3788 732 3853 commutare,
750 3785 905 3840 sicut
936 3784 1321 3840 Mardocheus
1344 3785 1641 3855 quondam
1661 3800 1823 3838 man-

140 3877 403 3931 daverat
428 3872 632 3929 Hester
664 3890 676 3927 :
706 3873 769 3928 Si
796 3873 1042 3929 nolueris
1090 3888 1238 3928 nunc
1284 3871 1630 3939 intercedere,
1662 3873 1822 3942 forsi-

138 3974 246 4022 tan
274 3979 387 4036 per
414 3963 662 4034 aliquam
691 3963 1026 4018 occasionem
1055 3962 1437 4017 liberabuntur
1462 3959 1644 4027 Judei,
1674 3968 1725 4016 et
1762 3968 1821 4016 tu

137 4062 196 4111 et
248 4053 455 4109 domus
504 4058 599 4106 tua
644 4051 893 4123 peribitsz
946 4050 1114 4121 (Esth.
1150 4067 1225 4115 ιν,
1274 4051 1383 4119 14),
1428 4049 1507 4105 ita
1559 4053 1615 4104 et
1664 4065 1820 4105 nunc

137 4145 349 4201 Deum
367 4140 551 4196 facere
571 4137 959 4195 nihilominus
991 4142 1262 4211 posse,ut
1292 4141 1603 4211 postquam
1623 4138 1823 4193 omnia

136 4234 218 4289 ab
250 4232 390 4304 ipso
415 4243 546 4301 rege
568 4233 766 4284 essent
788 4226 1433 4300 promulgata,jamque
1462 4227 1603 4298 ipsis
1640 4225 1818 4281 cervi-

133 4321 329 4378 cibus
362 4317 577 4390 gladiis
611 4333 754 4373 novo
773 4321 829 4372 et
850 4317 1147 4389 inopinato
1167 4316 1369 4372 ordine
1392 4316 1515 4371 suis
1534 4315 1819 4371 Dominus

98 4462 103 4469 .
134 4407 524 4465 subveniret.
560 4405 842 4472 Quocirca
873 4422 986 4461 non
1020 4405 1361 4475 hujusmodi
1412 4421 1473 4459 se
1523 4403 1701 4459 minis
1732 4404 1817 4461 vel

132 4495 486 4556 terroribus
537 4499 735 4551 nosset
784 4494 1080 4549 ullatenus
1132 4493 1476 4565 permoveri,
1532 4493 1671 4564 quia
1720 4493 1817 4565 qui

131 4583 581 4643 Mardocheum
615 4601 648 4639 a
678 4582 953 4654 superbia
973 4584 1159 4638 Aman
1192 4582 1534 4638 constantia:
1556 4586 1819 4636 tenacem

132 4676 309 4732 miro
347 4672 550 4729 ordine
581 4672 1020 4743 eripuerit,ipse
1053 4671 1342 4743 sibi,quia
1372 4688 1485 4727 non
1520 4671 1820 4742 proterviae

132 4766 249 4821 sed
304 4762 669 4849 obedientiaa
730 4778 908 4817 causa
966 4762 1292 4827 interesset,
1357 4778 1591 4834 quoque
1652 4766 1818 4834 pacto
1849 4783 1898 4849 Β
1932 4759 2339 4849 haesitantibus

131 4852 263 4913 sibi
297 4848 589 4924 placitum
638 4848 951 4918 videretur,
1006 4866 1120 4904 non
1168 4850 1415 4906 deesset.
1466 4848 1818 4923 Hujusmodi

68 4940 77 4947 ’
131 4937 472 4999 sententiae
502 4938 694 4996 verbis
726 4937 997 5012 plurimis
1026 4942 1194 4995 aucte
1234 4942 1408 5010 atque
1452 4938 1818 4995 testimonio-

130 5047 286 5090 wm
328 5028 794 5099 competentium
826 5027 1032 5083 robore
1063 5025 1201 5081 hinc
1232 5026 1366 5082 inde
1398 5027 1699 5098 praafultze,
1725 5046 1822 5101 pa-

125 5120 304 5193 gina:
359 5117 544 5173 totius
597 5132 872 5190 campum
925 5113 1316 5188 impleverunt
1370 5132 1475 5170 nec
1521 5116 1686 5186 prius
1734 5117 1821 5172 ori

1932 3536 1994 3576 se
2023 3519 2382 3575 ostendendo
2417 3519 2505 3553 "‘5
2551 3518 2853 3589 proferret,
2886 3517 3371 3591 propositumque
3403 3523 3579 3587 esset,

1930 3612 1998 3662 ut
2027 3607 2297 3680 quisquis
2328 3605 2467 3660 illuc
2502 3606 2630 3673 iret,
2667 3606 2885 3661 honore
2918 3605 3124 3677 quovis
3171 3606 3354 3679 petito
3395 3611 3454 3662 et
3484 3624 3586 3663 cu-

1922 3698 2281 3769 juscumque
2313 3694 2543 3767 generis
2593 3693 2945 3749 muneribus
2996 3694 3228 3751 rediens
3277 3694 3584 3767 potiretur.

1930 3784 2190 3840 Tandem
2222 3782 2416 3837 extitit
2448 3783 2599 3837 inter
2629 3780 2891 3854 palatina
2937 3782 3124 3837 ofﬁtia
3174 3782 3587 3841 Recemundus

1931 3872 2195 3945 qdidam,
2219 3872 2483 3943 adprime
2514 3868 2863 3937 catholicus,
2886 3875 2943 3925 et
2973 3869 3185 3925 litteris
3218 3870 3441 3943 optime
3464 3876 3585 3929 tam

1932 3966 2267 4019 nostrorum
2282 3976 2460 4031 quam
2487 3959 2673 4030 ipsius
2687 3958 2840 4014 inter
2852 3974 3000 4031 quos
3012 3959 3357 4016 versabatur
3372 3959 3585 4033 linguae

1928 4050 2185 4107 Arabica:
2219 4046 2544 4104 institutus.
2566 4048 2673 4113 Qui
2705 4051 2938 4102 tantum
2971 4047 3029 4103 in
3063 4047 3223 4122 regia
3242 4048 3588 4107 habebatof-

1932 4139 2069 4209 ﬁcii,
2094 4144 2158 4193 ut
2182 4138 2549 4192 diversorum
2583 4152 2684 4208 pro
2708 4137 3166 4192 necessitatibus
3197 4138 3268 4194 ad
3300 4137 3585 4210 palatium

1933 4225 2405 4283 concurrentium
2442 4225 2527 4257 “35
2559 4228 2578 4246 '
2613 4223 2808 4279 causis
2841 4228 3001 4281 extra
3047 4226 3284 4296 auditis,
3318 4226 3458 4300 quia
3486 4226 3586 4284 lit-

1932 4315 2072 4373 teris
2100 4332 2303 4371 omnes
2332 4314 2409 4368 ibi
2442 4314 2836 4385 qurerimonize
2867 4313 2952 4369 vel
2979 4330 3167 4370 causa:
3199 4316 3508 4388 signantur
3529 4321 3586 4373 et

1933 4402 2432 4476 resignantur,bic
2457 4407 2658 4458 notata
2680 4402 2939 4469 inferret,
2958 4401 3277 4475 itidemque
3306 4421 3586 4477 responsa

1932 4493 2149 4566 scripta
2179 4493 2433 4548 referret.
2472 4490 2789 4562 Pluresque
2821 4489 2996 4545 etiam
3030 4488 3126 4545 alii
3183 4495 3351 4547 erant
3399 4492 3583 4547 ofﬁtio

1931 4583 2201 4655 delegati.
2258 4582 2311 4637 Is
2360 4579 2811 4651 trepidationem
2863 4583 3203 4635 caeterorum
3255 4579 3581 4649 advertens,

1932 4670 2165 4744 sibique
2190 4674 2421 4741 tempus
2454 4670 2599 4724 forte
2631 4666 2893 4723 oblatum
2922 4666 3189 4723 nonnulli
3220 4668 3581 4741 adipiscendi

2388 4762 2408 4781 '
2462 4758 2547 4791 "‘7
2598 4756 2807 4812 ceteris
2856 4757 2964 4823 ³⁷⁸⁸,
3000 4755 3193 4813 dixit:
3233 4778 3261 4807 «
3310 4760 3443 4824 Quae
3475 4759 3586 4816 erit

1929 4865 2151 4907 merces
2198 4848 2321 4904 viro
2372 4847 2471 4918 qui
2521 4845 2851 4901 vendiderit
2901 4844 2929 4875 "
2974 4846 3139 4903 vobis
3187 4848 3210 4869 ⁶
3261 4847 3521 4905 animam
3560 4851 3583 4873 '

1930 4954 2099 4996 suam
2130 4941 2152 4961 '
2186 4936 2313 4991 "‘9?
2333 4957 2360 4986 η
2397 4936 2544 4991 Nam
2578 4935 2658 4990 ita
2686 4932 2946 4991 solemne
2973 4934 3058 4991 eis
3088 4935 3430 5006 verbum,ut
3447 4954 3586 5011 quo-

1929 5029 2080 5084 tiens
2103 5041 2338 5082 summo
2358 5024 2620 5097 quolibet
2634 5022 2894 5096 periculo
2917 5026 2939 5047 *
2976 5025 3066 5059 "5°
3096 5025 3157 5081 in
3189 5026 3467 5082 nuntium
3496 5027 3583 5064 ¹⁷δι

1931 5117 2065 5190 quis
2095 5114 2443 5184 destinatur,
2477 5114 2558 5169 ita
2587 5112 2639 5169 ei
2672 5112 2901 5169 dicatur
2932 5130 2945 5168 :
2983 5136 3011 5163 «
3041 5114 3239 5171 Vende
3272 5114 3417 5172 mihi
3453 5117 3584 5173 ani-

1528 5239 1771 5297 VARL‘E
1810 5240 2229 5298 LECTIONES.

210 5358 318 5396 17“
358 5355 477 5410 sint
510 5373 649 5410 corr.
685 5361 823 5411 sunt
853 5373 898 5410 ε.
980 5356 1070 5389 ¹⁷³⁸
1101 5356 1453 5410 defieturum
1480 5372 1527 5412 ε.

124 5430 229 5467 "33
265 5428 420 5483 dere
452 5427 511 5480 h.
538 5428 596 5482 d.
630 5427 711 5482 ita
736 5444 766 5482 θ
794 5429 936 5482 coni.

126 5503 225 5538 ίτδι
268 5498 577 5553 dendase.
608 5515 660 5551 c.
694 5515 745 5551 e.
782 5516 854 5553 ne
883 5515 913 5552 θ
941 5500 1084 5554 coni.

120 5574 416 5630 deletum.
498 5570 587 5604 "‘5
617 5571 860 5624 ostendo
888 5586 935 5624 c.
1014 5570 1102 5604 “‘6
1131 5569 1576 5624 concurentium
1598 5586 1643 5624 c.

124 5663 254 5703 sua
287 5658 323 5699 θ
354 5641 502 5696 coni.
581 5641 671 5675 "5°
700 5639 955 5712 periculo
984 5656 1014 5696 ε
1039 5642 1187 5698 coni.
1266 5641 1352 5678 "5‘
1384 5657 1489 5697 vox
1516 5640 1703 5697 dubia.

1201 5499 1287 5534 17“
1320 5498 1377 5551 in
1412 5498 1574 5552 Labb.
1607 5500 1790 5570 suppl.

1608 5357 1696 5391 “35
1728 5372 1870 5413 nera
1900 5361 1942 5412 t.
1978 5374 2026 5411 s.

1017 5428 1103 5461 1⁷³⁸
1136 5426 1285 5481 culis
1320 5427 1556 5481 Labhews
1584 5427 1874 5497 supplevit.

1725 5572 1814 5605 “‘7
1845 5569 2255 5626 haesitantibus
2284 5585 2314 5625 ε
2342 5571 2485 5625 coni.

2060 5371 2237 5427 quam
2269 5370 2299 5409 ε
2324 5356 2469 5409 coni.
2516 5354 2636 5427 Lm“
2666 5371 2775 5427 usa
2822 5371 2869 5427 s.
2905 5370 2954 5409 c.
2989 5355 3317 5426 postularet
3361 5374 3391 5411 ε
3436 5360 3580 5413 coni.

1953 5424 2241 5501 tingi-uos;
2272 5442 2328 5501 ρ..
2395 5426 2486 5460 ιτα)
2515 5424 2615 5501 lio,
2662 5424 3125 5501 io,__erlata_sunt
3166 5443 3236 5482 ea:
3277 5430 3589 5501 conjectura

1904 5500 1993 5571 me
2016 5498 2164 5571 victo
2196 5497 2360 5552 Labb.
2392 5499 2572 5570 suppl.
2687 5498 2776 5532 ’7“
2804 5515 2865 5571 p._
2895 5497 3043 5571 nihil
3070 5501 3291 5571 punctis
3319 5497 3584 5570 appositis

2565 5571 2654 5604 ’7“
2682 5568 3020 5624 vox’dubia.
3070 5568 3189 5606 "7‘9
3237 5568 3400 5627 derit
3437 5588 3491 5626 ν.
3525 5588 3580 5627 a.
3633 5633 3636 5636 ,

1761 5745 1995 5804 NOTAE.

212 5852 388 5930 (415)
421 5850 655 5909 Scilicet
678 5868 777 5909 rex
802 5852 1269 5911 Abderahaman.
