3912 6436
1215 585 1537 649 JOANNIS
1581 580 1913 646 ABBATIS
1958 580 2023 645 s.
2069 579 2415 645 ARNULFI
2460 580 2872 644 METENSES
3622 536 3757 641 .308

327 581 444 647 307

330 739 487 776 mam
522 726 706 776 tuam.
741 743 768 769 η
803 721 859 776 Si
892 738 1094 792 sospes
1125 721 1352 785 exierit,
1386 736 1561 791 quam
1613 716 1980 789 amplissime
2010 716 2064 783 Α
2094 717 2454 789 perferendis
2486 721 2660 789 atque
2693 714 3010 781 mandatis,
3043 713 3425 769 Virdonensis
3476 713 3751 786 quidam,

330 816 692 864 numeratur.
728 810 843 865 Hoc
877 810 1247 865 ltecemundo
1273 809 1538 880 querenti
1575 807 1982 878 respondetur,

332 898 614 969 quidquid
646 899 1014 970 postulatum
1049 899 1120 953 ab
1152 898 1443 969 ejusmodi
1476 901 1633 951 esset
1685 895 1984 950 conferen-

330 989 493 1043 dum.
532 986 633 1043 Ille
664 991 895 1043 tantum
927 988 1089 1044 venie
1122 987 1233 1042 sibi
1286 987 1409 1041 dari
1462 991 1689 1057 petens,
1739 989 1805 1039 ut
1851 1001 1984 1038 cum

331 1077 557 1131 nuntiis
591 1076 883 1131 conclusis
933 1077 1043 1131 sibi
1098 1076 1265 1147 copia
1311 1081 1466 1130 esset
1514 1073 1812 1146 loquendi,
1855 1078 1987 1144 post

332 1171 530 1221 utrum
562 1170 849 1237 templare
880 1166 1117 1221 deberet
1150 1163 1421 1235 gliceret.

403 1256 526 1311 429.
587 1253 703 1311 Hoc
762 1256 811 1309 ei
869 1270 1169 1322 concesso,
1222 1253 1552 1308 Johannem
1614 1250 1984 1317 conveniens,

333 1361 525 1399 mores
558 1348 613 1397 et
640 1343 910 1399 instituta
943 1344 1141 1414 patrize
1176 1346 1388 1397 nostra:
1422 1340 1668 1395 sollicite
1689 1339 1985 1411 disquirit;

334 1433 650 1503 imperator
682 1433 851 1503 cujus
886 1436 1041 1486 esset
1072 1430 1420 1494 clementiae,
1452 1434 1685 1500 quantae
1731 1429 1990 1483 modera-

332 1522 511 1576 tionis
540 1520 597 1575 in
640 1522 785 1588 suis,
822 1525 1097 1575 utrumne
1131 1536 1386 1591 prreceps
1419 1519 1475 1572 in
1510 1519 1682 1584 iram,
1712 1522 1767 1572 et
1817 1534 1888 1571 an
1930 1516 1989 1570 in

335 1610 516 1665 semel
549 1610 836 1682 prolatam
891 1608 1298 1664 inrevocabilis
1351 1608 1726 1671 sententiam,
1776 1605 1988 1660 multa-

335 1717 448 1771 que
498 1701 625 1770 ejus
673 1699 924 1769 generis,
981 1699 1220 1753 tandem
1273 1698 1321 1752 si
1383 1696 1494 1751 sibi
1565 1701 1723 1750 esset
1778 1694 1993 1749 liducia

336 1789 554 1855 regiam
588 1787 638 1843 ei
670 1787 1021 1857 legationem
1056 1786 1331 1857 proferre,
1354 1802 1425 1840 nc
1458 1786 1605 1839 forte
1639 1784 1820 1837 vicem
1847 1781 1993 1836 tanti

334 1878 634 1945 temporis.
671 1894 785 1948 quo
819 1877 942 1947 ipse
977 1875 1277 1931 Jubannes
1329 1874 1407 1929 ibi
1460 1875 1732 1929 detentus
1780 1873 1990 1937 fuerat,

336 1965 588 2036 ipsequi
631 1965 978 2020 mittebatur
1024 1962 1399 2019 exsolveret?
1445 1961 1744 2019 Jobannes
1798 1959 1996 2015 omnia

2096 806 2191 860 cui
2224 807 2389 862 Dudo
2420 806 2789 874 vocabulum,
2820 805 3163 860 destinatur.
3185 805 3268 859 Ita
3289 804 3586 875 Hispanus
3612 804 3758 859 Gor-

2097 896 2245 951 ziam
2278 897 2506 951 rediens
2538 898 2646 963 "6°,
2683 894 2878 967 ibique
2911 911 3086 950 sacra:
3119 893 3591 965 Quadragesimze
3625 911 3756 949 ma-

2088 985 2218 1056 jore
2247 988 2417 1056 parte
2442 989 2642 1041 exacta
2673 984 2850 1057 (Mart.
2884 984 2997 1051 30),
3030 982 3184 1038 circa
3227 981 3558 1055 palmarum
3592 983 3754 1037 diem

2097 1090 2231 1128 cum
2265 1072 2455 1145 legato
2488 1073 2864 1145 imperatorio
2894 1072 3295 1144 proficiscens,
3328 1071 3489 1127 Junii
3526 1071 3758 1127 mensis

2098 1162 2403 1234 principiis
2435 1162 2762 1218 Cordubam
2795 1161 2969 1218 venit.
2992 1160 3257 1233 Cumque
3288 1177 3421 1216 mox
3443 1178 3579 1217 cum
3604 1178 3757 1215 novo

2099 1252 2306 1306 nuntio
2356 1248 2575 1325 regiam
2626 1250 2840 1307 vellent
2885 1250 3229 1323 irrumpere,
3278 1267 3420 1305 rex:
3461 1273 3486 1301 u
3519 1251 3757 1322 Nequa-

2099 1357 2297 1413 quam,
2320 1341 2546 1412 inquit;
2581 1341 2681 1396 sed
2714 1339 2811 1412 qui
2841 1339 3003 1394 litem
3037 1344 3201 1395 tanto
3233 1344 3491 1411 tempore
3523 1343 3758 1411 protra-

2099 1435 2467 1497 xerunt,cum
2483 1429 2778 1501 prioribus
2797 1429 3053 1500 primum
3074 1428 3393 1500 procedant
3405 1428 3759 1483 muneribus

2099 1516 2187 1573 vel
2219 1517 2533 1573 mandatis.
2570 1518 2708 1573 Inde
2740 1518 2981 1573 secundi
3014 1517 3217 1572 ordine
3256 1517 3600 1572 inferantur.
3636 1516 3761 1573 Nec

2100 1607 2158 1661 hi
2192 1606 2431 1661 omnino
2464 1607 2669 1662 faciem
2702 1624 2894 1662 meam
2926 1606 3232 1674 videbunt,
3266 1605 3379 1661 nisi
3424 1606 3584 1678 prius
3618 1622 3762 1660 m0-

2103 1695 2357 1751 nacbum
2391 1694 2559 1751 illum
2604 1696 2749 1751 tanti
2781 1695 3061 1768 temporis
3107 1695 3466 1767 pertinacem
3510 1694 3761 1765 adeant,

2104 1790 2159 1839 et
2209 1786 2432 1856 patriae,
2496 1802 2786 1853 carorum,
2846 1785 2998 1857 regis
3065 1784 3155 1840 sui
3222 1784 3764 1855 mandatorumque

2104 1875 2292 1946 ipsius
2322 1874 2708 1930 oblectatione
2729 1873 3044 1929 lmtificent.
3080 1896 3107 1924 »

2104 1966 2110 1980 ‘
2180 1964 2298 2018 131.
2334 1965 2420 2018 Ita
2442 1964 2673 2019 cunctis
2705 1962 3244 2035 expletis,Joannes
3276 1961 3456 2017 trium
3489 1964 3509 1983 '
3530 1960 3762 2031 ""jam

333 2054 479 2108 bene
534 2069 880 2127 processura
932 2052 1047 2108 cito
1098 2052 1482 2124 respondens,
1532 2050 1690 2105 omni
1741 2048 1991 2105 liberum
2024 2086 2073 2152 Β
2105 2051 2220 2107 fere
2239 2068 2525 2107 annorum
2546 2051 2819 2107 claustris
2842 2050 3094 2123 solutus,
3118 2050 3294 2124 regiis
3325 2050 3644 2105 mandatur
3663 2066 3766 2121 ap-

337 2143 531 2198 reddit
584 2143 976 2214 trepidatione
1034 2148 1209 2214 atque
1259 2138 1591 2195 formidine.
1644 2137 1887 2194 Gaudiis
1935 2142 1993 2193 et

338 2230 837 2303 gratulationibus
869 2230 1055 2285 obviis
1088 2229 1278 2302 magis
1313 2227 1531 2300 ubique
1582 2226 1992 2298 excipiendum

338 2320 665 2375 confirmat.
702 2320 775 2375 Se
806 2318 1116 2390 epistolam
1148 2318 1344 2373 abbati
1380 2333 1485 2371 suo
1519 2317 1865 2381 missurum,
1892 2317 1991 2388 qui

338 2407 506 2462 illum
538 2407 847 2479 magnifice
877 2406 1187 2478 exciperet,
1209 2410 1267 2461 et
1299 2409 1557 2476 tempore
1586 2411 1804 2476 quanto
1826 2421 1994 2476 cupe-

341 2502 448 2563 ret,
483 2499 710 2552 teneret
749 2501 925 2568 atque
956 2499 1207 2561 curaret,
1242 2494 1423 2550 donec
1456 2493 1728 2566 episcopo
1777 2493 1993 2549 exhibi-

342 2590 494 2655 tum,
528 2588 630 2641 aut
662 2602 795 2641 cum
830 2585 977 2656 ipso.
1015 2588 1117 2639 aut
1165 2601 1299 2638 cum
1348 2583 1638 2655 legatione
1687 2583 1836 2654 ejus,
1870 2582 1993 2653 ipse

341 2675 522 2728 abbas
556 2674 951 2746 imperatoriis
983 2690 1117 2728 eum
1147 2672 1559 2744 conspectibus
1591 2689 1725 2725 cum
1766 2688 1907 2742 pace
1937 2675 1995 2726 et

340 2762 529 2833 gratia
560 2766 958 2833 praesentaret.
996 2761 1096 2816 llis
1131 2759 1225 2816 ille
1269 2759 1536 2830 allectus,
1588 2758 1871 2831 palatium
1916 2776 1996 2815 re-

341 2850 632 2921 petens,si
667 2850 774 2905 sibi
809 2869 934 2922 quae
966 2848 1224 2921 postulet
1255 2850 1484 2915 dentur,
1508 2847 1698 2903 itineri
1734 2849 1991 2903 devovet.

334 2939 601 2995 Ecolesia
627 2939 824 3010 aliqua
854 2940 997 2993 forte
1047 2955 1230 2993 vacua
1280 2953 1481 2993 recens
1529 2942 1654 2993 erat
1701 2936 1991 3009 episcopo.

340 3028 501 3084 Hanc
534 3045 753 3082 munus
784 3028 911 3099 ejus
958 3028 1105 3097 petit
1153 3026 1391 3081 laboris.
1427 3024 1615 3081 Facile
1665 3030 1991 3097 optentum,

341 3122 517 3187 atque
548 3133 616 3169 ex
646 3115 794 3170 laico
825 3115 1137 3186 cpiscopus
1169 3119 1406 3185 repente
1437 3113 1743 3186 processit.

413 3205 533 3258 130.
572 3204 711 3259 Inde
739 3203 889 3271 (416)
919 3208 1159 3273 sumptu
1193 3201 1352 3272 regio
1382 3218 1446 3256 ac
1477 3200 1688 3256 litteris
1740 3201 1993 3256 instruc-

342 3295 463 3359 tus,
513 3291 733 3347 Gallias
785 3290 950 3346 ocius
992 3289 1142 3361 petit
1200 3290 1398 3358 (Jun.),
1449 3294 1625 3360 atque
1675 3288 1732 3343 in
1795 3289 1995 3345 decem

341 3382 520 3436 ferme
554 3378 980 3435 ebdomadibus
1011 3377 1279 3434 Gorziam
1311 3378 1468 3434 venit
1518 3380 1700 3450 (Aug.)
1732 3379 1816 3434 Ibi
1862 3396 1993 3453 gra-

339 3461 671 3523 tulantibus
703 3466 931 3533 cunctis
963 3470 1261 3536 exceptus,
1314 3483 1379 3522 ac
1430 3484 1546 3521 non
1592 3471 1725 3539 post
1771 3468 1991 3523 multos

341 3557 465 3612 dies
497 3557 556 3611 in
590 3557 729 3611 urbe
764 3573 798 3611 a
831 3559 1031 3610 sancto
1056 3554 1330 3626 pontifice
1378 3554 1738 3610 Adelberone
1783 3555 1990 3611 invita-

343 3648 458 3711 tus,
492 3651 548 3701 et
580 3644 803 3716 aliquot
832 3659 965 3698 cum
1012 3643 1138 3714 ipso
1186 3659 1431 3698 manens
1474 3644 1705 3710 diebus,
1729 3644 1994 3715 jucunde

338 3736 683 3790 ammodum
714 3733 950 3789 habitus
979 3737 1089 3788 est.
1124 3732 1264 3788 Inde
1296 3731 1421 3787 loca
1452 3749 1695 3805 qua-que
1726 3750 1834 3788 sua
1856 3750 1990 3788 cum

336 3842 400 3881 eo
434 3825 711 3891 invisens,
741 3821 879 3895 quia
902 3838 1102 3877 mense
1132 3822 1396 3894 Augusto
1419 3822 1544 3892 jam
1580 3822 1859 3893 praecipiti
1904 3839 1993 3877 ve-

338 3918 519 3981 nerat,
536 3916 890 3967 autumnum
914 3915 971 3965 et
991 3909 1244 3965 hiemem
1269 3927 1469 3966 secum
1499 3910 1991 3983 transegit,donec

335 4000 621 4056 Dominici
644 3999 854 4054 natalis
874 3999 1019 4055 festo
1043 4003 1358 4066 transacto,
1386 3998 1635 4070 qualiter
1652 3998 1987 4070 imperatori

337 4091 686 4160 rlirigerctur
716 4093 803 4142 est
832 4087 1190 4142 ordinatum.
1215 4087 1327 4142 Res
1358 4092 1552 4142 tamen
1574 4089 1701 4158 ejus
1720 4092 1774 4141 et
1794 4087 1990 4158 plures

337 4194 579 4231 suorum
603 4176 818 4230 Gorzize
841 4176 958 4210 "7"
981 4174 1211 4230 interim
1236 4176 1603 4247 procuranda
1622 4182 1987 4231 manserunt.

336 4266 474 4321 Inde
504 4266 657 4320 circa
689 4264 906 4319 festum
940 4268 1155 4318 sanctae
1190 4262 1383 4319 Maria}
1417 4269 1436 4287 '
1471 4264 1675 4319 matris
1698 4268 1716 4287 '
1741 4265 1841 4320 Dei
1865 4267 1991 4300 ’³⁷⁵³

337 4352 742 4427 tDCCCCLVD.
779 4353 954 4422 (Febr.
988 4352 1041 4424 2)
1069 4352 1403 4424 imperatori
1430 4354 1502 4407 ab
1534 4354 1736 4408 eodem
1760 4372 1992 4410 venera-

335 4444 436 4499 hili
472 4442 766 4515 pontifice,
803 4441 1121 4497 comitante
1149 4440 1326 4496 simul
1364 4442 1577 4497 domno
1611 4446 1628 4465 ‘
1662 4442 1943 4514 Egineldo
1965 4447 1988 4467 '

335 4534 543 4588 abbate
575 4537 595 4556 '
632 4533 719 4567 ⁸⁷³⁵
751 4530 1396 4597 deductus,bonorifice
1424 4531 1477 4584 in
1508 4530 1725 4602 palatio
1749 4532 1989 4587 Franco-

334 4622 579 4678 nofnrde
611 4620 938 4692 suscipitur
967 4619 1191 4689 (Mart).
1226 4618 1408 4689 Cujus
1452 4621 1473 4642 ⁶
1505 4619 1795 4690 legatione
1826 4624 1846 4643 '
1880 4638 1987 4676 au-

335 4711 455 4764 dita
470 4712 603 4777 "75",
627 4709 739 4764 fide
754 4708 929 4781 legati
950 4713 1126 4780 atque
1145 4708 1478 4764 constantia
1500 4725 1733 4765 summo
1751 4709 1988 4764 laudata

2102 2157 2304 2212 parere
2336 2140 2767 2212 conspectibus.
2802 2139 2947 2195 Cum
2982 2157 3015 2195 a
3047 2138 3256 2213 legatis
3288 2139 3338 2194 ei
3372 2138 3766 2208 diceretur,ut

2100 2228 2258 2283 crine
2291 2229 2552 2296 detonso,
2586 2246 2825 2300 corpore
2857 2227 2995 2295 loto,
3027 2233 3187 2284 veste
3218 2227 3465 2284 lautiore
3488 2244 3550 2282 se
3578 2244 3762 2298 appa-

2101 2322 2276 2385 raret,
2294 2318 2380 2371 uti
2402 2317 2579 2391 regiis
2607 2318 3017 2390 conspectibus
3037 2300 3763 2389 prasentandumﬁlleque

2103 2407 2508 2473 renueret,rati
2542 2405 2770 2473 illi,non
2795 2407 2844 2462 ei
2868 2406 3123 2462 vestium
3158 2405 3477 2462 mutatoria
3493 2404 3763 2469 subesse,

2104 2496 2223 2568 regi
2257 2495 2669 2552 nuntiant.llle
2702 2513 2836 2552 mox
2866 2497 3065 2551 decem
3099 2495 3279 2552 libras
3309 2495 3360 2551 ei
3393 2495 3580 2550 mittit
3598 2512 3767 2549 num-

2104 2602 2360 2653 morum,
2392 2586 2548 2640 unde
2579 2584 2696 2652 illa,
2731 2584 2947 2657 quibus
2977 2586 3248 2642 decenter
3272 2583 3457 2641 oculis
3488 2585 3577 2620 ³⁷⁸³
3611 2584 3767 2656 regis

2104 2674 2466 2741 indueretur,
2496 2675 2883 2746 conquireret.
2918 2674 3043 2729 Non
3077 2675 3235 2730 enim
3268 2675 3355 2728 fas
3387 2690 3516 2729 esse
3547 2673 3765 2746 gentis,

2106 2767 2171 2817 ut
2220 2761 2319 2817 vili
2378 2763 2584 2818 habitu
2649 2762 2824 2835 regiis
2886 2762 3226 2833 aspectibus
3283 2766 3762 2832 prmsentaretur.

2103 2851 2403 2907 Johannes
2436 2853 2626 2923 primo
2658 2854 2968 2907 cunctatus
3001 2854 3203 2904 utrum
3254 2847 3609 2919 susciperet,
3648 2854 3768 2905 tan-

2106 2941 2237 2996 dem
2270 2941 2558 3013 cogitans,
2591 2941 2721 2996 usui
2755 2954 3078 3011 pauperum
3113 2930 3197 2992 id.
3231 2935 3444 2992 melius
3497 2954 3633 2994 esse
3686 2955 3773 2993 ex-

2106 3030 2305 3100 pendi,
2333 3030 2555 3101 gratias
2587 3027 3002 3083 muniﬁcentiee
3036 3027 3209 3098 regia:
3241 3025 3452 3092 reddit,
3479 3028 3640 3098 quod
3675 3029 3767 3082 sui

2104 3123 2224 3171 tam
2259 3117 2550 3172 sollicitus
2579 3134 2707 3173 esse
2752 3116 3033 3187 dignatus
3085 3115 3183 3170 sit.
3218 3113 3437 3171 Deinde
3483 3132 3772 3186 responso

2107 3205 2378 3260 monachi
2421 3205 2667 3277 dignum
2720 3203 3073 3275 subjunxit:
3128 3224 3155 3253 ‹‹
3206 3202 3408 3275 Regia,
3462 3202 3768 3274 inquiens,

2105 3293 2258 3347 dona
2288 3309 2404 3347 non
2438 3308 2699 3363 spernor,
2754 3295 2942 3346 vestes
2992 3308 3126 3347 vero
3173 3290 3322 3345 alias
3371 3294 3767 3362 praeterquam

2109 3380 2323 3452 quibus
2354 3380 2644 3436 monacho
2671 3385 2691 3403 '
2724 3380 2809 3435 uti
2841 3384 2861 3403 "
2896 3379 3033 3435 licet
3064 3382 3085 3402 ⁶
3120 3378 3232 3447 ³⁷⁵⁸,
3260 3395 3367 3433 nec
3398 3377 3575 3451 pallia
3602 3396 3772 3451 pror-

2104 3487 2208 3524 sus
2241 3486 2345 3523 nec
2394 3485 2492 3525 eas
2541 3469 2629 3504 "‘3‘
2659 3469 2757 3541 qui
2813 3467 3067 3539 alicujus
3116 3467 3328 3523 coloris
3377 3472 3516 3522 sunt
3541 3471 3563 3492 θ
3596 3468 3765 3523 nisi‘

2103 3557 2270 3630 nigro
2302 3560 2322 3579 "
2357 3560 2586 3612 tantum
2611 3558 2827 3611 tinctas
2857 3556 3230 3628 aliquatenus
3250 3554 3494 3611 induam
3530 3559 3548 3578 ¹
3583 3577 3611 3605 ιι
3642 3556 3770 3611 Hoc

2102 3646 2223 3717 regi
2257 3646 2437 3701 relato
2467 3662 2480 3699 :
2518 3670 2545 3694 ‹‹
2578 3646 2695 3700 Hoc
2727 3650 2770 3713 ',
2804 3646 2998 3717 inquit
3027 3648 3073 3710 ‘,
3102 3662 3382 3716 responso
3415 3647 3433 3667 ⁶
3467 3645 3596 3715 ejus
3625 3646 3645 3666 "
3677 3646 3771 3679 ¹⁷⁶⁶

2102 3738 2471 3789 constantem
2506 3734 2771 3789 animum
2803 3751 3174 3806 recognosco.
3203 3734 3381 3789 Sacco
3412 3751 3644 3806 quoque
3678 3734 3768 3789 in—

2102 3824 2281 3878 dutus
2314 3824 2361 3878 si
2395 3823 2608 3891 veniat,
2643 3823 3035 3880 libentissime
3058 3826 3078 3847 ⁶
3112 3840 3249 3878 eum
3280 3826 3301 3847 '
3336 3824 3423 3858 ¹⁷⁶⁶
3450 3824 3680 3891 videbo,
3706 3831 3771 3879 et

2101 3912 2359 3984 amplius
2390 3912 2533 3967 mihi
2568 3912 2841 3984 placebit.
2873 3935 2900 3963 ››

2174 4003 2293 4056 132.
2318 4002 2453 4056 Post
2480 4001 2602 4057 haec
2632 4001 2723 4057 (lie
2754 4002 2989 4073 przeﬁxa
3018 4020 3135 4075 qua
3165 4002 3607 4074 praesentandus
3632 4010 3767 4059 erat

2102 4091 2209 4158 ηδτ,
2246 4095 2561 4162 apparatus
2593 4090 2753 4145 omni
2779 4108 2991 4163 genere
3020 4092 3348 4163 exquisitas
3380 4092 3451 4145 ad
3481 4107 3766 4162 pompam

2100 4180 2319 4251 regiam
2345 4180 2867 4235 demonstrandam
2901 4180 3246 4236 conseritur.
3276 4180 3443 4235 Viam
3479 4184 3664 4234 totam
3688 4181 3764 4235 ab

2100 4273 2119 4291 ‘
2155 4267 2409 4340 hospitio
2461 4272 2479 4291 '
2536 4270 2624 4303 “63
2673 4269 2935 4340 ipsorum
2987 4285 3174 4340 usque
3225 4269 3295 4324 ad
3346 4260 3669 4336 civitatem,
3706 4275 3765 4324 et

2099 4358 2233 4412 inde
2266 4374 2452 4427 usque
2484 4358 2555 4412 ad
2591 4356 2874 4429 palatium
2910 4358 3135 4429 regium
3167 4357 3309 4412 varii
3335 4357 3469 4412 hinc
3506 4355 3645 4410 inde
3667 4373 3763 4411 or-

2100 4447 2267 4501 dines
2299 4445 2710 4517 constipabant
2730 4472 2741 4513 ;
2758 4446 2851 4501 bic
2870 4446 3094 4518 pedites
3127 4446 3313 4501 hastis
3332 4445 3512 4500 humo
3534 4449 3763 4500 stantes

2100 4535 2324 4599 defixis,
2361 4533 2530 4607 longe
2566 4534 2698 4590 inde
2731 4534 2968 4589 hastilia
2998 4535 3264 4607 quaedam
3306 4538 3363 4589 et
3396 4533 3651 4589 missilia
3679 4535 3764 4588 vi-

2100 4624 2335 4678 brantes
2349 4640 2643 4694 manuque
2662 4622 3011 4694 crispantes,
3026 4622 3298 4694 ictusque
3321 4628 3561 4677 mutuos
3581 4623 3766 4678 simu-

2096 4712 2314 4777 lantes;
2349 4716 2479 4783 post
2510 4711 2617 4767 hos
2644 4710 2824 4767 mulis
2846 4711 3091 4784 quidam
3116 4729 3249 4767 cum
3273 4711 3379 4767 levi
3399 4711 3659 4784 quadam
3679 4730 3767 4768 ar-

335 4799 639 4869 prreconio,
668 4799 876 4854 litterae
923 4798 1187 4854 mitiores
1220 4797 1573 4877 perferenda:
1607 4801 1627 4821 ‘
1660 4799 1983 4853 decernun-
2018 4821 2062 4883 ι)
2097 4806 2329 4856 matura
2355 4800 2937 4867 insidentes;deinde
2959 4800 3190 4872 equites
3225 4800 3558 4857 calcaribus
3577 4816 3763 4873 equos

334 4894 431 4940 tur
462 4888 570 4940 ηδε.
598 4886 811 4941 Joanni
845 4886 916 4940 de
942 4876 1241 4956 prioribus
1279 4885 1719 4959 supprimendis
1752 4889 1837 4922 "57
1870 4906 1984 4943 res-

333 4975 598 5037 cribitur,
630 4979 861 5028 tantum
912 4992 1045 5029 cum
1097 4976 1268 5030 donis
1315 4976 1611 5046 procedat,
1661 4977 1980 5031 amicitiam

335 5061 424 5094 “53
458 5078 776 5132 pacemque
807 5061 877 5116 de
926 5059 1298 5118 infestatione
1345 5063 1813 5118 latrunculorum
1849 5067 1976 5121 Sar-

335 5164 675 5203 racenorum
735 5165 968 5220 quoquo
1027 5155 1193 5219 pacto
1255 5152 1544 5218 conficiat,
1609 5152 1982 5225 reditumque

330 5237 422 5272 1759
473 5241 748 5303 maturet,
808 5236 1078 5293 edicitur.
1130 5240 1304 5294 Novis
1373 5241 1563 5295 denuo
1636 5243 1982 5297 muneribus

2092 4889 2151 4943 in
2189 4880 2425 4944 fre‘mitu
2450 4893 2506 4943 et
2537 4888 2969 4944 subsultatione
2997 4890 3160 4944 varia
3175 4888 3763 4945 concitantes.Mauri
3816 4918 3831 4929 ε

2096 4982 2377 5049 ριτωιυιθθει
2408 4978 2594 5031 forma
2626 4976 2865 5032 insolita
2897 4981 3128 5034 nostros
3160 4982 3537 5046 exterrentes,
3565 4977 3649 5033 ita
3670 4997 3765 5034 va-

2092 5064 2195 5119 riis
2226 5063 2534 5135 proludiis,
2560 5082 2689 5136 qua:
2724 5065 2940 5120 nostris
2974 5066 3257 5121 miraculo
3288 5066 3761 5135 arbitrabantur,

2094 5154 2299 5208 itinere
2332 5153 2583 5208 nimium
2609 5154 3231 5228 pulverulento,quam
3264 5173 3367 5226 per
3394 5155 3605 5225 seipsa
3622 5173 3761 5227 quo-

2093 5260 2204 5314 que
2236 5244 2515 5314 temporis
2547 5243 2783 5299 siccitas
2818 5276 2884 5283 -ι
2917 5263 3053 5299 nam
3088 5245 3409 5299 solstitium
3444 5249 3573 5299 erat
3604 5246 3761 5300 msti-

1690 5374 1931 5430 VAllle
1972 5376 2390 5431 LECTIONES.

401 5465 489 5499 “59
520 5465 734 5521 Gorzize
764 5482 794 5520 θ
822 5467 964 5519 (ferul
1045 5467 1132 5502 "53
1165 5468 1260 5521 riae
1295 5485 1373 5521 m.
1410 5469 1476 5522 D.
1511 5485 1539 5523 θ
1569 5473 1711 5525 coni.

332 5554 361 5591 ε
390 5540 530 5591 coni.
612 5536 697 5569 ³⁷⁵⁷
728 5534 1104 5605 supprimens
1135 5554 1181 5590 θ.
1263 5540 1348 5571 ¹Ἷ⁵²
1384 5539 1547 5594 itiam
1574 5543 1787 5596 avulsa.

327 5626 444 5679 mp.
485 5608 602 5662 134.
682 5607 769 5679 ¹ν⁶⁶²
797 5623 997 5679 eorum
1025 5623 1263 5662 erasum.

328 5676 440 5734 οδε
471 5680 611 5733 cmi.
692 5678 780 5711 ¹ῖ⁶²
812 5676 851 5731 I.
885 5693 934 5730 e.
969 5692 997 5731 ο
1026 5680 1168 5733 coni.
1248 5681 1335 5714 ¹⁷⁶⁷
1366 5680 1658 5735 abscisum.

1793 5474 1906 5507 "5"
1940 5491 2036 5528 mo
2068 5474 2130 5528 E.
2166 5491 2220 5529 a.
2256 5490 2284 5529 c
2313 5476 2456 5529 coni.

1869 5546 1957 5579 “5"
1983 5563 2042 5599 re
2073 5546 2287 5600 avulsa.

1345 5610 1430 5690 "5.2
1463 5628 1541 5690 in.
1578 5628 1634 5664 ιι.
1673 5612 1710 5665 l.
1742 5621 1997 5690 {Lyaeus
2032 5621 2171 5670 sunt
2203 5616 2314 5690 nisi
2347 5634 2375 5671 θ
2406 5619 2624 5690 comi...
2665 5635 2722 5690 g.
2758 5636 2810 5672 0.
2845 5634 2892 5673 ο.

1742 5684 1828 5716 ¹⁷²⁸
1859 5687 1928 5740 ab
1961 5685 2035 5741 ho
2064 5689 2339 5759 supplevit
2371 5688 2534 5743 Labb.

2537 5475 2623 5508 ³7³⁵
2655 5476 2790 5545 ujus
2824 5476 2866 5530 Ι.
2901 5493 2957 5530 a.
2990 5493 3020 5530 ιτ
3051 5477 3193 5530 coni.
3277 5477 3364 5510 ⁸⁷⁵⁸
3394 5476 3560 5530 Οῐιάω
3588 5477 3763 5532 decel‘

2368 5547 2454 5579 ¹Ἷ⁶⁰
2490 5563 2559 5620 ns
2590 5546 2883 5601 abscisum.
2963 5548 3045 5581 "2'
3082 5546 3263 5602 trium
3291 5563 3319 5601 e
3353 5548 3572 5603 coni.'v.
3610 5551 3763 5620 infra

2972 5620 3084 5653 ‘7‘"
3115 5636 3212 5674 eos
3253 5635 3299 5673 ε.
3383 5620 3472 5653 ¹ῖ⁶⁵
3510 5619 3578 5674 Η.
3624 5621 3667 5676 Ι.
3707 5638 3751 5675 r.

1924 5783 2158 5838 ΝΟΤᾸΞ.

397 5874 541 5947 (416)
576 5875 654 5931 De
687 5877 947 5941 tempore
980 5870 1286 5943 legationis
1321 5874 1678 5932 Recemundi
1710 5878 1781 5932 cf.
1816 5880 2293 5937 Admonitionem
2327 5883 2397 5938 ad
2430 5883 2773 5956 Liutprandi
2804 5885 3223 5957 Antapadosin.
