3912 6430
273 505 385 568 311

1185 501 1470 562 ODONlS
1516 499 1828 562 DlACONI
1876 495 2330 560 AUSCIENSIS
2373 493 2780 556 EPISTOLA.

3577 487 3702 556 312

701 734 728 735 77
827 734 846 735 7

1565 811 1717 848 ANNO
1758 808 1966 847 DOMINI
2007 805 2392 846 DCCCCLXKXIII
2403 830 2414 843 .

1777 961 2182 1090 000

1053 1204 1884 1340 DlACONUS
1973 1202 2927 1335 AUSCIENSIS

1473 1574 2026 1663 EPISTOLA
2084 1573 2518 1662 ODONIS

1106 1754 1212 1814 AD
1259 1753 1613 1814 GARCIAM
1661 1751 2356 1814 ABCIlIEPISCOPUM
2405 1750 2908 1814 AUSCIENSEM
3401 1792 3437 1822 ο

489 1915 578 1978 De
607 1923 824 1980 sancta
867 1913 1168 1978 Venantiae
1197 1913 1458 1989 ecclesia,
1494 1932 1676 1996 quam
1711 1911 2058 1976 Guillelmus
2079 1930 2264 1974 comes
2293 1910 2701 1972 Astaracensis
2729 1908 2889 1970 dedit
2919 1907 3242 1970 Auxilanw
3271 1905 3515 1994 celestis.

1388 2055 1557 2127 (Gall.
1593 2055 1808 2113 Christ.
1841 2058 1985 2112 tom.
2019 2055 2063 2122 Ι,
2094 2053 2360 2126 Append.
2395 2069 2452 2124 p.
2490 2051 2636 2124 159.)

365 2340 487 2398 Ooo
520 2340 718 2397 Levita
749 2340 997 2398 GARCUE
1027 2338 1449 2411 archipraesuli.

365 2428 539 2502 Cogis
591 2443 708 2496 me,
744 2445 777 2484 ο
827 2429 1203 2485 sanctissime
1251 2428 1534 2501 pontifex,
1567 2445 1766 2484 recens
1808 2444 1954 2499 opus

297 2533 560 2585 exerere;
585 2518 688 2575 sed
719 2517 861 2589 quia
889 2521 1092 2573 contra
1127 2532 1370 2574 examen
1419 2522 1728 2572 auctorum
1759 2517 1954 2572 debel-

297 2603 420 2663 lare
449 2622 567 2662 non
599 2605 784 2673 vales,
809 2605 1250 2679 praerogativam
1300 2621 1504 2660 eorum
1556 2605 1728 2660 fando
1775 2609 1954 2661 teme-

297 2709 429 2750 rare
473 2693 754 2751 erubesco
791 2711 804 2748 :
837 2692 1196 2749 horrendum
1245 2693 1462 2766 quippe
1506 2699 1594 2748 est
1642 2693 1700 2748 in
1743 2710 1955 2748 manus

306 2781 568 2839 incidere
596 2780 823 2839 scilicet
847 2781 1098 2838 viventis
1129 2781 1254 2849 Dei,
1288 2781 1387 2853 qui
1410 2782 1585 2837 etiam
1617 2797 1732 2837 non
1765 2781 1955 2838 solum

299 2871 372 2927 “de
393 2887 649 2944 nequam
672 2871 1026 2944 operatione,
1043 2886 1244 2925 verum
1265 2870 1441 2926 etiam
1466 2871 1537 2926 de
1555 2869 1739 2926 otioso
1758 2871 1954 2938 verbo,

305 2975 413 3015 nec
445 2975 564 3015 non
595 2962 654 3016 et
682 2959 755 3015 de
784 2975 960 3032 prava
991 2957 1342 3030 cogitatione
1370 2958 1700 3014 reddituros
1723 2974 1830 3014 nos
1851 2962 1960 3014 ter-

301 3045 554 3102 ribiliter
582 3046 872 3102 rationem
895 3045 1274 3117 judicaturus
1317 3050 1408 3101 est
1440 3046 1622 3117 judex
1660 3047 1864 3118 justus
1897 3047 1956 3102 in

300 3135 396 3192 die
417 3133 652 3206 judieii.
675 3135 942 3206 Cumque
964 3135 1036 3190 ab
1058 3133 1443 3206 omnipotenti
1466 3133 1603 3202 Deo,
1620 3134 1958 3206 sanctlsque

301 3221 629 3280 canonibus
648 3222 764 3279 tale
795 3223 1154 3280 connubium
1179 3223 1540 3296 prohibitum
1566 3223 1960 3292 invenitur,ut

303 3327 421 3368 non
455 3311 649 3368 solum
701 3312 1001 3379 facientes,
1032 3328 1233 3368 verum
1277 3311 1728 3380 consentientes,
1759 3311 1954 3386 puniri

1981 2340 2035 2406 Α
2063 2354 2201 2394 eain.
2235 2339 2298 2393 Et
2327 2339 2426 2393 tibi
2455 2337 2592 2394 dabo
2635 2339 2809 2395 claves
2858 2339 3014 2410 regni
3058 2338 3335 2394 caelorum.
3366 2337 3430 2392 Et
3458 2335 3736 2408 quodcun-

2067 2444 2167 2500 que
2197 2429 2452 2498 ligaveris
2482 2444 2647 2499 super
2667 2436 2893 2496 terram,
2921 2430 3027 2483 erit
3054 2428 3288 2498 ligatum
3310 2434 3366 2482 et
3391 2428 3450 2482 in
3477 2427 3654 2489 caelis,
3683 2434 3738 2480 ot

2066 2516 2420 2589 quodcunque
2447 2517 2674 2572 solveris
2702 2532 2866 2586 super
2893 2524 3116 2583 terram,
3148 2518 3256 2572 erit
3279 2515 3522 2572 solutum
3562 2523 3615 2570 et
3673 2516 3731 2568 in

2065 2606 2212 2660 caziis
2268 2604 2474 2674 (Matth.
2521 2622 2636 2672 XVI,
2675 2606 2760 2673 18,
2810 2605 2918 2676 19).
2966 2605 3036 2660 Et
3086 2603 3302 2660 idcirco
3350 2621 3467 2659 non
3516 2603 3731 2659 dubito

2067 2695 2220 2765 quod
2254 2695 2443 2767 gratia
2472 2695 2571 2750 Dei
2603 2693 2727 2750 vice
2771 2694 2984 2750 collata
3033 2693 3138 2748 tibi
3172 2693 3250 2748 sit
3297 2693 3554 2763 absuper
3601 2709 3732 2748 me-

2066 2788 2305 2838 moratae
2336 2783 2603 2839 Ecclesia:
2635 2781 2921 2838 mirabilis
2972 2784 3248 2852 potestas,
3285 2781 3378 2835 cui
3429 2786 3732 2837 snnuente

2067 2872 2263 2928 divina
2293 2870 2604 2935 clementia
2621 2870 2907 2943 septimus
2926 2869 3128 2925 existis
3141 2869 3278 2938 jure
3307 2867 3573 2939 pontiﬁci
3601 2869 3731 2925 feli-

2067 2959 2262 3016 citatis
2307 2961 2439 3016 vitae
2487 2958 2792 3014 claudendi
2841 2963 2903 3012 et
2948 2955 3266 3012 reserandi.
3301 2957 3736 3027 Superstitiosa

2067 3066 2160 3104 res
2190 3048 2356 3104 valde
2385 3065 2450 3103 ac
2480 3045 2851 3104 exsecrabilis
2878 3045 3110 3101 videtur
3145 3061 3276 3101 esse
3322 3045 3578 3114 diaconi,
3611 3047 3734 3103 im-

2067 3141 2264 3209 perata
2291 3153 2328 3191 a
2349 3135 2579 3207 proprio
2609 3134 2900 3206 episcopo,
2935 3151 3009 3190 ne
3042 3133 3186 3190 forte
3215 3139 3533 3190 contumax
3563 3152 3736 3208 repe-

2066 3225 2201 3292 riar,
2235 3230 2292 3280 et
2321 3242 2354 3279 a
2384 3224 2659 3296 praedicto
2690 3223 2877 3294 gradu
2910 3221 3122 3294 privari
3165 3237 3421 3288 merear;
3453 3227 3512 3278 et
3542 3223 3733 3281 dilec-

2065 3313 2206 3368 tioni
2238 3317 2372 3380 tuae,
2409 3309 2507 3384 qui
2555 3328 2672 3383 przn
2719 3310 2926 3367 ceteris
2981 3327 3064 3376 es,
3091 3309 3380 3382 jugulari.
3413 3311 3560 3366 Nam
3610 3313 3737 3370 Deo

294 3390 661 3472 iudicentur,
695 3405 752 3456 et
783 3399 999 3455 idcirco
1034 3400 1090 3454 in
1123 3400 1463 3472 epictatium
1501 3401 1794 3471 jussionis
1842 3405 1954 3456 tuae
2057 3403 2299 3476 juvante
2346 3400 2623 3456 omnibus
2675 3400 2970 3467 ﬁdelibus,
3024 3405 3240 3456 sanctae
3300 3400 3399 3456 Dei
3457 3400 3736 3460 Ecclesia:

302 3494 500 3545 metuo
521 3503 736 3561 ponere
755 3504 1020 3556 manum,
1040 3505 1255 3561 pavens
1285 3487 1428 3543 illud
1449 3491 1602 3560 quod
1625 3489 1958 3560 evangelica

301 3576 664 3634 horribiliter
695 3575 866 3632 lectio
893 3592 1032 3632 voce
1075 3576 1333 3637 declarat
1363 3575 1581 3632 libera:
1618 3579 1954 3650 Quirunque,

301 3665 598 3737 inquiens,
631 3665 856 3720 solverit
902 3664 966 3720 de
1013 3666 1132 3722 istis
1180 3664 1454 3720 mandatis
1500 3668 1771 3732 minimis,
1801 3675 1852 3722 et
1878 3669 1958 3722 sie
1987 3696 2034 3760 Β

302 3753 548 3810 docuerit
576 3751 914 3818 hominibus,
949 3755 1008 3808 in
1038 3769 1202 3824 regno
1231 3754 1486 3810 caelorum
1525 3755 1803 3810 vocabitur
1844 3757 1957 3810 mi-

302 3843 490 3898 nimus
519 3839 725 3912 (Matth.
751 3857 810 3912 ν,
845 3840 954 3910 19).
988 3840 1309 3913 Dupliciter
1337 3833 1592 3914 denique
1623 3860 1716 3898 me
1745 3841 1959 3915 premit

303 3929 416 3986 hoc
444 3929 857 4002 opus,oocasio
879 3934 936 3986 et
967 3930 1159 3986 cautio
1183 3930 1488 3994 scelerum,
1513 3937 1569 3986 et
1585 3931 1956 4004 reprehensio

295 4015 745 4090 vituperationis
761 4015 1055 4090 ignarum.
1074 4016 1210 4082 Quis
1227 4017 1408 4090 igitur
1427 4019 1636 4072 doctus
1657 4017 1764 4072 hoc
1787 4035 1959 4088 opus-

298 4105 673 4173 culum,cum
709 4103 768 4160 in
799 4121 980 4160 manu
1011 4121 1118 4161 sna
1145 4104 1534 4178 assumpserit
1561 4111 1620 4161 et
1658 4105 1758 4160 tali
1797 4122 1954 4160 com-

296 4193 574 4251 mistione
609 4191 1136 4265 consanguinitatis
1167 4210 1260 4249 me
1310 4194 1601 4250 notarium
1654 4193 1953 4264 repererit,

295 4298 414 4342 non
449 4280 652 4338 statim
686 4281 747 4338 in
780 4297 917 4338 voce
945 4287 1236 4354 erumpat,
1271 4297 1364 4339 me
1399 4281 1700 4338 delubrem
1753 4281 1954 4336 clami-

295 4375 430 4429 tans
451 4387 582 4428 esse
597 4370 974 4444 sacrilegum,
989 4374 1088 4443 qui
1121 4373 1370 4428 audeam
1394 4370 1615 4442 aliquid
1635 4375 1838 4425 contra
1853 4369 1956 4426 Dei

293 4458 596 4518 licentiam
625 4475 912 4532 usurpare
941 4457 1298 4514 consilium?
1327 4458 1440 4513 Sed
1473 4457 1755 4512 adversus
1777 4473 1954 4528 quem

292 4547 517 4606 invidia
533 4548 846 4620 (invidum)
869 4546 1085 4620 duplex
1106 4561 1290 4603 causa
1310 4563 1401 4601 me
1423 4544 1778 4612 consolatur,
1797 4546 1953 4616 quod

286 4642 354 4694 et
380 4637 584 4710 tu,qui
611 4653 888 4696 summus
918 4637 1179 4711 pontifex
1209 4652 1292 4702 es,
1323 4634 1445 4690 ﬁeri
1470 4634 1654 4706 judex
1675 4638 1733 4690 et
1754 4650 1952 4690 neces-

291 4723 444 4784 sitas
468 4723 739 4784 Ecclesia)
767 4726 950 4784 totius
996 4723 1324 4797 Aquitaniae
1373 4721 1657 4796 poposcit,
1692 4723 1784 4778 cui
1838 4722 1954 4778 Deo

286 4815 532 4886 juvante
559 4829 747 4888 precs
775 4813 1005 4872 matris.

369 4903 662 4974 Prmoipue
687 4903 938 4974 denique
967 4902 1219 4974 perfecte
1247 4901 1368 4958 scio
1401 4902 1540 4974 quia
1565 4906 1697 4974 post
1714 4902 1956 4974 prophe-

297 4989 445 5046 ticas
471 4994 531 5046 et
577 4989 943 5062 evangelicae
987 4995 1162 5062 atque
1211 4990 1565 5062 apostolicus
1596 4990 1950 5062 Scripturas,

2066 3491 2338 3556 maxime,
2358 3489 2576 3544 nostris
2609 3489 2956 3561 propinquis
2986 3488 3074 3544 vel
3100 3490 3544 3546 successoribus
3573 3496 3740 3563 pate-

2067 3579 2276 3636 faciam
2309 3579 2464 3650 quod
2495 3577 2650 3633 oculi
2683 3577 2798 3632 mei
2829 3577 3122 3642 viderunt,
3155 3581 3213 3633 et
3239 3594 3411 3634 aures
3441 3595 3583 3634 mea:
3614 3596 3733 3636 auo

2067 3669 2320 3724 dierunt.
2357 3666 2583 3739 Lingua
2633 3682 2763 3722 mea
2811 3664 3217 3724 testimonium
3265 3664 3567 3737 perhibere
3607 3683 3733 3724 non

2065 3755 2278 3822 silebit,
2315 3755 2470 3826 quod
2521 3759 2578 3810 et
2636 3753 2684 3810 si
2736 3753 3022 3810 Dominus
3073 3753 3400 3825 impleverit
3457 3753 3624 3822 illud,
3661 3773 3733 3813 os

2065 3861 2260 3898 meum
2291 3844 2570 3916 aperiam.

2139 3932 2334 4004 Nuper
2349 3932 2602 4004 denique
2617 3931 2828 3987 accidit
2844 3935 2908 3987 ut
2927 3929 3274 3988 Guillelmus
3290 3931 3446 3988 ﬁlius
3460 3933 3730 4003 Arualdi,

2066 4038 2261 4076 comes
2303 4019 3004 4088 Asiariacensis,uxorem
3049 4021 3261 4076 ducere
3280 4021 3566 4090 (duceret)
3595 4039 3734 4078 con-

2065 4108 2451 4181 sanguineam
2494 4126 2684 4164 suam.
2746 4109 3011 4180 Cumque
3077 4108 3186 4164 hoc
3247 4109 3734 4183 archiepiscopus

2065 4196 2271 4252 Garcia
2301 4214 2438 4252 eum
2469 4196 2645 4252 minis
2697 4202 2934 4269 urgeret
2990 4201 3056 4253 ut
3103 4197 3212 4254 hoc
3255 4197 3448 4254 scelus
3482 4199 3740 4256 minime

2064 4290 2396 4357 perpetrare
2426 4284 2714 4352 libuisset,
2734 4290 2791 4340 et
2822 4285 3061 4342 omnino
3095 4285 3390 4342 licentiam
3433 4286 3546 4344 hoc
3591 4305 3734 4346 con-

2064 4390 2241 4428 sensu
2274 4373 2323 4428 ei
2355 4371 2752 4446 conjungendi
2785 4373 3122 4446 denegaret,
3148 4379 3206 4430 et
3237 4393 3271 4432 a
3301 4375 3520 4432 sanctis
3546 4375 3734 4434 Patri-

2063 4461 2176 4517 bus
2193 4459 2368 4517 talem
2393 4461 2968 4534 consanguinitatem
2993 4463 3271 4534 tangendi
3290 4463 3738 4536 prohibitaesse

2065 4549 2404 4617 afﬁrmaret,
2439 4555 2498 4606 et
2537 4549 2756 4605 videret
2799 4550 2937 4622 quia
2980 4549 3061 4604 nil
3116 4551 3440 4622 proﬁceret,
3474 4556 3532 4607 et
3579 4570 3734 4625 pra:-

2063 4639 2257 4693 dictus
2273 4655 2470 4694 comes
2495 4638 2545 4694 ei
2570 4651 2781 4694 aurum
2803 4639 2874 4694 ad
2905 4637 3263 4698 audiendum
3284 4655 3398 4696 non
3423 4640 3733 4712 pra-heret,

2063 4727 2413 4800 rediensque
2457 4727 2530 4782 ad
2574 4727 2982 4799 semetipsum,
3017 4733 3074 4783 et
3121 4728 3237 4784 tale
3286 4730 3510 4800 accepit
3538 4747 3574 4785 a
3602 4730 3730 4787 suis

2063 4815 2396 4870 consilium.
2433 4815 2636 4870 Sciens
2685 4813 2864 4888 igitur
2913 4816 3126 4872 melius
3173 4834 3304 4874 esse
3350 4818 3726 4891 naufraganti

2063 4903 2259 4958 animo
2277 4901 2510 4974 aliquod
2535 4903 3000 4975 gubernaculum
3023 4905 3495 4978 praebere,quam
3512 4905 3573 4960 in
3595 4924 3731 4980 gur-

2063 4993 2241 5064 gitem
2274 4991 2696 5063 desperationis
2746 4993 2873 5049 sine
2924 4993 3099 5050 remis
3147 4995 3502 5066 pwnitentize
3547 4995 3724 5051 relin-

297 5075 518 5150 quibus
544 5061 804 5134 Ecclesia
831 5077 934 5133 Dei
966 5061 1524 5152 perigratiam'ejus
1568 5061 1810 5134 fundata
1843 5085 1950 5150 est,
1985 5061 2027 5128 (ἶ
2067 5061 2264 5153 quare,
2290 5061 2710 5152 accersivitque
2770 5098 2926 5150 eum,
2961 5088 3020 5138 et
3075 5061 3324 5155 praebuit
3367 5085 3419 5140 ei
3459 5087 3730 5157 tempora

294 5165 474 5222 etiam
491 5163 636 5221 illud
659 5165 1055 5222 intimandum
1077 5167 1530 5239 putem,absque
1546 5169 1957 5240 dubio,quam-

293 5255 385 5311 vis
415 5252 705 5312 universis
753 5253 814 5310 in
863 5255 1006 5310 urbe
1044 5259 1165 5328 (pro
1197 5257 1357 5322 orbe)
1388 5255 1686 5311 catholicas
1731 5257 1955 5314 diil'usan

293 5343 564 5400 Ecclesia:
596 5342 768 5414 quasi
805 5359 962 5399 unus
1010 5343 1307 5400 thalamus
1339 5343 1556 5398 Christi
1608 5347 1716 5410 sit;
1752 5351 1956 5404 sancta

298 5433 563 5491 Romana
578 5429 840 5488 Ecclesia
854 5430 1032 5486 nullis
1055 5432 1350 5502 synodicis
1371 5433 1709 5488 constitutis
1729 5436 1954 5490 caeteris

297 5517 572 5580 Ecclesiis
602 5517 841 5592 pra-lata
869 5522 977 5588 est,
1014 5520 1115 5575 sed
1148 5517 1483 5591 evangelica
1537 5535 1673 5573 voce
1722 5520 1954 5578 Domini

297 5606 617 5668 Salvatoris
643 5604 828 5664 nostri
864 5610 1186 5675 primatum
1217 5603 1472 5660 obtinuit
1505 5620 1517 5656 :
1555 5607 1631 5658 Tu
1659 5621 1713 5658 es
1738 5607 1951 5673 Petrus,

298 5694 593 5768 inquiens,
619 5702 670 5752 et
698 5707 862 5764 super
890 5691 1031 5746 hanc
1073 5700 1286 5764 petram
1333 5691 1608 5762 wdz'ﬁrabo
1659 5693 1954 5751 Ecclesium

295 5802 503 5852 meam;
551 5793 602 5842 et
651 5789 824 5856 portae
881 5781 1050 5852 inferi
1104 5797 1212 5838 non
1264 5778 1641 5853 prazvalebunt
1695 5781 1952 5839 adversus

2057 5169 2420 5242 jejuniorum
2452 5174 2509 5225 et
2559 5187 2806 5226 munera
2833 5170 3356 5246 eleemosynarum,
3395 5173 3549 5229 sicut
3579 5173 3726 5230 scri-

2066 5265 2231 5330 ptum
2263 5263 2352 5314 est
2376 5260 2432 5314 in
2467 5261 2877 5331 subscqucndo
2910 5260 3208 5328 libellum;
3239 5261 3482 5333 insuper
3499 5263 3727 5334 accepit

2064 5349 2136 5402 ab
2167 5365 2232 5402 co
2265 5347 2458 5404 nobile
2488 5349 2772 5421 oppidum
2799 5349 2956 5420 quod
2987 5349 3128 5404 olim
3156 5351 3436 5406 abbatum
3471 5351 3662 5406 fuerat
3691 5370 3724 5406 a

2061 5437 2347 5508 perversis
2381 5437 2720 5493 hominibus
2751 5439 2820 5492 de
2851 5438 3099 5495 ecclesia
3128 5439 3309 5494 beatm
3339 5439 3533 5496 Mariae
3564 5439 3721 5512 epis-

2062 5526 2259 5596 rnpitii
2293 5526 2622 5594 Auxiensis,
2659 5527 3000 5598 redditoque
3032 5531 3536 5600 supramcmorato
3570 5546 3718 5600 prm-

2063 5613 2157 5668 dio
2189 5614 2281 5668 cui
2317 5619 2524 5686 pra-cst
2553 5614 2798 5671 ecclesia
2828 5620 3033 5672 sancta
3073 5615 3394 5682 Venantiee,
3427 5621 3609 5673 totam
3663 5623 3719 5673 et

2063 5701 2349 5772 integram
2379 5719 2514 5758 cum
2546 5703 2820 5760 omnibus
2851 5706 3258 5777 appendentiis
3281 5707 3406 5762 suis
3437 5709 3558 5762 tam
3581 5722 3718 5763 cum

2061 5789 2352 5858 parochiis
2383 5805 2560 5860 quam
2593 5796 2650 5847 et
2697 5791 2936 5864 capellis
2977 5794 3379 5864 adjacentibus
3428 5794 3540 5852 sibi
3590 5796 3718 5852 sine
