3912 6432
202 586 319 649 317

203 810 322 865 Nos
351 826 486 862 vero
517 809 572 861 in
609 805 950 879 hujusmodi
978 802 1500 859 constitutionibus
1523 814 1759 854 omnem
1783 815 1873 853 ca-

204 898 493 954 lumniam
545 900 718 968 atque
772 893 1163 949 contentionis
1204 890 1592 956 occasionem,
1623 886 1870 942 Domino

206 989 544 1060 adjuvante,
577 984 744 1041 facile
773 982 1209 1056 propulsamus,
1244 979 1532 1035 ambabus
1579 975 1871 1048 parechiis

207 1078 281 1133 ab
312 1075 559 1131 invicem
593 1074 767 1129 certis
797 1071 1088 1127 limitibus
1144 1067 1553 1142 sequestratis,
1589 1072 1645 1121 et
1676 1069 1885 1132 tamen,

207 1164 544 1239 apostolicis
567 1162 971 1218 sanctionibus
1004 1159 1223 1232 ubique
1255 1155 1553 1223 stabilitis,
1590 1171 1734 1226 quas
1770 1169 1871 1207 no-

209 1259 400 1310 strum
431 1256 521 1308 est
551 1267 781 1323 semper
812 1249 1119 1305 defendere
1146 1252 1203 1302 et
1235 1246 1560 1301 secundum
1626 1257 1870 1311 evange-

209 1342 383 1398 licam
418 1340 769 1398 sententiam
804 1338 947 1393 nihil
981 1354 1049 1391 ex
1080 1337 1165 1393 eis
1197 1335 1441 1399 solvere,
1463 1332 1560 1388 sed
1596 1328 1875 1401 adimple-

212 1450 294 1488 re.
326 1431 487 1486 Unde
508 1447 643 1502 ergo
674 1427 1018 1483 auctoritate
1051 1432 1107 1481 et
1136 1428 1421 1497 potestate
1449 1424 1510 1477 Β.
1547 1420 1697 1476 Petri
1722 1417 1876 1490 prin-

213 1520 363 1593 cipis
388 1517 807 1592 apostolorum,
841 1522 1015 1587 atquc
1049 1512 1310 1585 exemplo
1343 1514 1647 1568 beatorum
1683 1505 1874 1579 ponti-

214 1610 393 1665 ficum
426 1607 647 1664 scilicet
677 1606 1173 1679 praedecessorum
1224 1606 1578 1666 nostrorum,
1610 1596 1875 1654 eamdem

212 1701 477 1754 sanctam
514 1698 973 1751 Laureaccnsem
996 1689 1591 1761 Ecclesiam,ejusque
1626 1689 1877 1740 rectores

202 1788 333 1860 jam
367 1784 863 1856 archiepiscopos,
886 1781 1095 1835 amedo
1128 1778 1414 1851 perpetim
1438 1778 1509 1832 ab
1543 1774 1701 1829 omni
1728 1770 1880 1827 Salz-

208 1872 525 1949 burgensis
549 1871 816 1928 Ecclesiae
831 1871 1077 1941 ejusque
1100 1866 1419 1940 praesulum
1436 1864 1799 1937 subjectione
1813 1876 1878 1914 ac

212 1948 435 2020 ditione
465 1960 847 2026 absolvimus,
883 1962 940 2015 et
972 1958 1189 2013 honore
1222 1953 1669 2027 metropolitano
1702 1948 1881 2007 subli-

212 2069 471 2109 mamus.
496 2052 564 2105 Et
592 2050 745 2105 sicut
776 2047 1075 2103 modernis
1106 2044 1473 2117 temporibus
1508 2045 1720 2099 sanctae
1757 2055 1877 2094 me-

214 2139 414 2198 moriae
436 2141 730 2211 Agapetus
755 2154 906 2210 papa
929 2136 1208 2191 terminos
1221 2133 1564 2190 eorumdem
1588 2127 1889 2203 parochia‘

217 2248 351 2286 rum
374 2230 446 2285 ab
472 2228 718 2282 invicem
752 2224 1039 2292 distinxit,
1075 2223 1157 2279 sic
1189 2226 1245 2277 et
1276 2221 1386 2294 ipsi
1430 2220 1775 2277 deﬁnimus:
1804 2216 1887 2271 ita

219 2335 456 2392 quoque
487 2321 552 2371 ut
581 2320 786 2372 sancta
808 2312 1251 2385 Salzburgensis
1274 2309 1533 2366 Ecclesia
1564 2305 1884 2380 superioris

222 2407 535 2464 Pannoniae
584 2404 889 2477 episcopos
938 2402 1153 2458 habeat
1200 2401 1622 2471 suifraganeos,
1668 2395 1885 2469 quibus

222 2514 412 2568 usque
445 2494 559 2549 huc
592 2494 683 2548 sui
730 2492 1035 2564 pontifices
1068 2506 1315 2562 praeesse
1344 2487 1713 2554 videbantur,
1749 2500 1883 2540 cum

222 2588 389 2642 tanta
439 2582 658 2653 talique
714 2580 974 2650 ditecesi,
1008 2578 1167 2651 quali
1214 2578 1499 2633 hactenus
1530 2575 1589 2630 in
1624 2572 1884 2629 inferiori

223 2675 314 2730 usi
347 2676 488 2728 sunt
516 2669 854 2736 Pannonia;
888 2673 1091 2724 sancta
1124 2673 1321 2723 autem
1356 2664 1773 2722 Laureaccnsis
1804 2677 1889 2717 ec-

223 2762 403 2819 clesia
425 2763 480 2815 in
504 2760 794 2816 inferioris
821 2757 1128 2813 Pannoniae
1152 2761 1329 2827 atque
1362 2755 1575 2810 Mcosiae
1600 2752 1885 2824 regiones,

224 2869 477 2924 quarum
509 2849 817 2922 provinciae
851 2851 990 2901 sunt
1021 2845 1292 2902 Bawaria
1324 2848 1500 2915 atque
1534 2840 1889 2909 Maravia,in

228 2940 449 3013 quibus
483 2943 706 3009 septem
729 2936 1141 3008 episcoporum
1166 2932 1454 3004 parochias
1482 2930 1747 3002 antiquis
1770 2934 1887 2984 tem

228 3028 472 3102 poribus
507 3025 978 3088 continebantur,
1015 3022 1225 3093 suique
1271 3021 1565 3076 antistites
1611 3016 1891 3089 archiepi-

228 3115 524 3189 scopalem
559 3113 833 3186 deinceps
866 3113 1119 3168 habeant
1150 3114 1517 3183 potestatem,
1552 3125 1687 3164 cum
1730 3110 1893 3162 tanta

225 3206 450 3277 talique
499 3202 755 3270 diceccsi,
809 3201 967 3274 quali
1018 3202 1302 3256 hactenus
1355 3200 1414 3254 in
1461 3197 1745 3270 superiori
1800 3196 1892 3253 usi

226 3299 373 3353 sunt
406 3292 958 3357 PannoniaQuibus
982 3292 1187 3362 utique
1210 3289 1267 3344 in
1292 3288 1529 3361 superni
1550 3285 1891 3360 [ﬂinsnpcr]

224 3383 507 3459 paeceptis
558 3380 952 3453 injungimus,
984 3384 1051 3434 ut
1093 3380 1265 3452 juxta
1315 3378 1469 3433 beati
1503 3375 1761 3448 Gregorii
1795 3375 1892 3430 de-

1380 574 1783 640 EPISTOLIE
1826 532 1927 663 ar
1966 520 2445 634 PRIVILEGIA.

202 718 522 775 testimonii
556 717 731 773 etiam
763 715 916 789 apud
950 713 1252 771 saecularia
1297 713 1452 783 viget
1482 715 1537 766 et
1569 686 1856 783 praevalet.
1888 709 1944 776 Α

3518 564 3635 628 318

2779 728 2849 785 II.

1980 865 2283 906 BENEDIC’E
2330 864 2490 903 PARE
2528 863 2606 900 VII
2650 862 2834 900 BULLA
2876 861 2985 900 Ριιο
3021 859 3394 899 TREVIRENSIS
3434 859 3638 898 ARCHI"

2462 935 2840 973 EI’ISCOPA'I‘US
2879 934 3146 972 JURIBUS.

2622 1053 2807 1117 (Anno
2844 1050 2997 1116 975.)

1986 1142 2299 1199 leorlortro
2329 1142 2729 1212 urchicpz'sroiio
2778 1140 3080 1212 Trom'ramsi
3127 1141 3350 1212 ejusque
3378 1153 3640 1193 successo-

2126 1214 2278 1267 ribus
2299 1214 2492 1267 cellam
2516 1210 2762 1280 Quatuor
2791 1211 3180 1265 Coronatorum
3210 1210 3493 1265 condonet.

2375 1300 2607 1373 [Mansi,
2642 1301 2739 1354 ubi
2769 1316 2956 1370 supra,
2991 1298 3099 1353 col.
3134 1297 3249 1370 57.]

2056 1436 2413 1490 BENEDICTUS
2444 1433 2776 1505 episcopus,
2812 1448 3014 1485 servus
3046 1448 3342 1486 servorum
3376 1430 3644 1497 Dei,cha-

1986 1524 2240 1579 rissimis
2272 1522 2442 1577 nobis
2476 1523 2534 1576 in
2567 1521 2795 1576 Christo
2818 1518 3096 1574 fratribus
3124 1518 3411 1574 universis
3430 1519 3645 1590 episco-

1987 1613 2098 1685 pis,
2134 1629 2199 1667 ac
2232 1610 2411 1665 totius
2444 1609 2751 1681 dignitatis
2780 1615 2838 1663 et
2867 1609 3089 1663 ordinis
3141 1606 3444 1663 catholicis
3481 1606 3644 1674 viris,

1987 1701 2374 1775 praesentibus
2398 1698 2619 1755 scilicet
2650 1701 2704 1752 et
2734 1697 2971 1763 futuris,
3000 1701 3342 1768 perpetuam
3374 1696 3643 1752 salutem.

2059 1790 2205 1855 Quia
2229 1788 2363 1844 licet
2394 1786 2930 1859 indigni,etc.Unde
2962 1785 3226 1840 omnium
3250 1792 3369 1841 tam
3402 1803 3649 1856 praesen-

1987 1878 2135 1934 tium
2184 1893 2361 1948 quam
2408 1877 2739 1932 futurorum
2792 1875 3167 1930 sanctitatem
3206 1879 3262 1929 et
3294 1873 3646 1930 industriam

1990 1984 2163 2022 nosse
2192 1965 2465 2021 volumus
2518 1966 2588 2020 de
2623 1969 2824 2019 sancta
2857 1961 3054 2017 fratris
3085 1964 3269 2019 nostri
3303 1962 3648 2018 Theoderici

1913 2089 1963 2153 Β
1993 2058 2205 2111 sanctae
2236 2053 2609 2110 Treverensis
2660 2051 2927 2108 Ecclesiae
2975 2051 3396 2124 archiepiscopi
3428 2051 3650 2123 prima-

1996 2146 2210 2216 tisque,
2254 2150 2455 2198 nostra
2512 2143 3123 2214 praedecessorumque
3183 2144 3519 2196 nostrorum
3577 2140 3648 2196 ab

1994 2234 2228 2290 exordio
2274 2231 2734 2287 Christianitatis
2767 2248 2868 2301 per
2900 2231 3139 2285 beatum
3171 2229 3405 2284 Petrum
3436 2227 3651 2284 consti-

1995 2320 2429 2390 tutione,totius
2451 2318 2648 2375 Galliae
2681 2323 2738 2374 ct
2769 2319 3091 2375 Germania:
3124 2319 3180 2372 in
3211 2319 3483 2373 eumdem
3515 2334 3651 2389 apo-

1997 2411 2283 2466 stolorum
2316 2408 2640 2480 principem
2672 2407 2998 2474 devotione,
3028 2407 3130 2479 qui
3153 2408 3211 2462 in
3242 2424 3350 2462 sua
3380 2407 3516 2463 sede
3545 2407 3654 2463 Ec-

1997 2499 2235 2555 clesiam
2266 2498 2485 2554 Christi
2536 2496 2850 2569 gloriosius
2899 2496 3279 2570 gubernando
3312 2493 3501 2551 multa
3530 2512 3654 2552 mo-

1997 2587 2272 2655 nasteria,
2307 2604 2434 2659 quae
2487 2602 2673 2657 usque
2722 2586 2794 2640 ad
2846 2603 2955 2642 sua
3006 2589 3271 2656 tempora
3310 2588 3657 2640 manserunt

1998 2680 2226 2734 deserta
2253 2677 2661 2741 restaurando,
2698 2675 3120 2746 beatorumque
3150 2671 3549 2746 apostolorum
3582 2672 3653 2728 li-

2000 2767 2160 2822 mina
2192 2764 2414 2821 caeteris
2447 2764 2685 2835 saepius,
2720 2763 2878 2819 nullo
2930 2763 3210 2835 longioris
3238 2763 3366 2818 vitae
3398 2761 3655 2833 periculo

1996 2873 2100 2911 seu
2132 2854 2327 2909 labore
2360 2851 3048 2919 territus,liberalissime
3074 2842 3563 2919 visitando,nebis
3583 2851 3655 2907 ad

1997 2944 2107 2999 hoc
2138 2960 2325 3014 usque
2357 2940 2894 3013 complacuit,quod
2919 2940 3106 2995 cidem
3130 2956 3365 3011 suaeque
3387 2936 3655 2995 Ecclesiae

2000 3031 2425 3104 possidendain
2446 3035 2795 3102 perpetuum
2819 3028 3015 3100 aliqua
3037 3030 3295 3084 conferre
3309 3029 3541 3099 justum
3559 3029 3662 3083 du-

2000 3138 2287 3176 ceremus.
2323 3121 2685 3191 Quapropter
2716 3123 2920 3173 notum
2953 3118 3029 3173 sit
3065 3116 3341 3173 omnibus
3386 3134 3494 3172 nos
3525 3134 3659 3172 cum

2002 3209 2349 3266 auctoritate
2381 3209 2442 3263 Β.
2478 3207 2627 3263 Petri
2664 3206 3063 3278 apostolorum
3105 3205 3408 3279 principis,
3440 3204 3661 3278 gratui-

2002 3301 2180 3369 teque
2200 3297 2573 3352 sacerdotum
2602 3294 3375 3368 clericorumquetotiusque
3389 3295 3661 3350 Romanae

2006 3386 2193 3458 plebis
2216 3404 2481 3453 assensu,
2500 3385 2689 3441 eidem
2714 3388 2773 3440 S.
2798 3383 3134 3441 Treverensi
3156 3382 3423 3439 Ecclesiae
3455 3382 3661 3439 cellam

224 3476 479 3538 0113mm.
511 3469 833 3543 Anglorum
885 3467 1344 3540 aPChiOPiSGOPiS
1397 3467 1704 3530 dll‘OCtum:
1749 3463 1896 3519 ali-01'
1930 3463 1975 3531 C
2006 3478 2266 3541 Quatuor
2320 3475 2744 3529 Coronatorum
2796 3475 3160 3529 condonasse
3212 3472 3268 3526 in
3316 3476 3661 3543 perpetuum

227 3561 468 3617 illorum
520 3559 619 3630 qui
672 3558 833 3631 prior
882 3557 960 3613 sit
998 3557 1059 3611 in
1105 3554 1471 3613 ordinatione
1521 3558 1803 3625 tempore,
1837 3556 1895 3606 et

228 3650 425 3723 quoad
458 3650 632 3715 vivat,
666 3648 991 3720 prioratum
1026 3650 1219 3700 teneat
1237 3644 1371 3700 etin
1397 3643 1619 3697 ordine.
1655 3641 1894 3697 Penitus

226 3738 390 3795 enim
432 3736 837 3792 determinatis
878 3735 1184 3805 utriusque
1216 3732 1485 3788 Ecclesiae
1519 3730 1889 3795 dicecesibus,

226 3826 511 3899 omnique
533 3826 769 3881 exclusa
790 3823 1108 3879 altercandi
1140 3820 1765 3885 occasione,canonica,
1783 3818 1892 3871 sub

228 3916 598 3977 districtione
621 3914 1029 3969 interdicimus
1049 3917 1112 3966 ut
1129 3915 1335 3966 neuter
1355 3908 1694 3965 earumdem
1708 3904 1896 3962 Eccle-

227 4006 455 4063 siarum
479 4004 956 4077 archiepiscopus
988 4002 1257 4056 invadere
1287 3998 1526 4059 alterius
1555 3995 1892 4071 parochiam

228 4099 575 4169 praesumat,
608 4093 692 4149 vel
722 4092 1196 4165 quibuscumque
1225 4087 1439 4160 jurgiis
1471 4091 1574 4142 aut
1604 4086 1892 4156 discepta-

226 4184 496 4241 tionibus
545 4200 722 4254 super
771 4180 1028 4236 detinitis
1062 4197 1094 4234 a
1133 4178 1307 4233 nobis
1336 4177 1508 4231 modo
1542 4175 1715 4230 rebus
1749 4173 1896 4228 alter

229 4273 485 4330 alterum
518 4270 835 4327 sollicitare
866 4269 1101 4324 audeat.
1127 4268 1227 4323 Ilis
1259 4266 1437 4339 igitur
1467 4264 1706 4331 sedatis,
1732 4279 1894 4317 vene-

229 4361 480 4419 rabilem
512 4359 865 4418 confratrem
918 4363 1188 4413 nostrum
1227 4355 1571 4428 Pilgrimum
1606 4350 1892 4422 archiepi-

229 4467 504 4522 sGOpum,
538 4448 840 4505 canonicis
890 4446 1100 4503 litteris
1149 4446 1471 4509 munitum,
1504 4443 1627 4498 sedi
1678 4444 1893 4497 sanctae

219 4537 654 4596 .Laureacensis
684 4536 952 4593 Ecclesiae
977 4530 1896 4603 inthronizavimus,palliumque

231 4631 283 4685 ei
317 4628 644 4684 secundum
678 4627 988 4696 antiquum
1021 4624 1286 4695 ejusdem
1317 4619 1586 4678 Ecclesia:
1617 4635 1792 4674 usum
1816 4617 1897 4672 di-

231 4717 494 4774 reximus
514 4734 540 4785 ,ι
575 4721 751 4788 atque
802 4715 860 4769 in
912 4712 1225 4786 provinciis
1252 4710 1552 4777 Bawariae,
1588 4707 1893 4780 regionum

230 4822 470 4879 quoque
500 4804 792 4860 inferioris
823 4802 1135 4859 Pannoniae
1167 4802 1288 4857 sive
1320 4800 1555 4865 MCBSitB,
1583 4802 1641 4853 et
1671 4797 1731 4853 in
1764 4813 1895 4852 con-

230 4895 415 4968 tiguis
439 4892 552 4949 sibi
575 4892 917 4949 Sclavorum
940 4889 1278 4946 nationibus
1300 4888 1758 4959 circumquaque
1777 4902 1895 4940 ma-

230 4983 792 5048 nentium,nostram
818 4978 1197 5052 apostolicam
1222 4975 1627 5054 auctoritalem
1643 4979 1698 5030 et
1710 4975 1893 5029 vicem

230 5088 499 5129 exercere
530 5069 961 5126 committimus
993 5072 1167 5139 atque
1198 5066 1564 5138 delegamus:
1601 5068 1892 5136 quatenus

234 5161 374 5227 illic,
412 5178 572 5215 more
603 5164 1041 5215 antecessorum
1095 5173 1338 5211 suorum
1388 5160 1601 5210 sanctae
1636 5154 1891 5208 Laurea—

230 5250 392 5307 censi
422 5249 693 5304 Ecclesiae
711 5245 1525 5318 archiepiscoporum,liabeat
1547 5247 1890 5315 potestatem

231 5340 607 5413 presbyteros
627 5341 683 5392 et
700 5338 1005 5409 episcopos
1025 5335 1296 5391 ordinare
1318 5338 1493 5405 atque
1514 5332 1886 5395 constituere,

232 5434 290 5485 et
318 5446 387 5483 ex
419 5426 713 5500 praedictis
755 5424 1027 5498 gentibus
1077 5441 1183 5478 sua
1234 5428 1437 5478 sancta
1484 5419 1893 5493 prardicatione

233 5534 441 5589 parare
472 5515 717 5570 Domine
746 5514 974 5586 plebem
1007 5512 1343 5584 perfectam.

2002 3563 2443 3635 possidendam,
2465 3580 2599 3617 cum
2634 3562 2909 3617 omnibus
2936 3560 3291 3633 appenditiis
3321 3560 3466 3629 suis,
3492 3561 3664 3631 aquis

2003 3653 2227 3707 scilicet
2275 3668 2682 3723 aquarumque
2730 3650 3097 3717 decursibus,
3152 3649 3355 3720 pratis,
3400 3648 3659 3718 pascuis,
3706 3674 3713 3679 -

2003 3740 2206 3808 vineis,
2232 3739 2417 3806 silvis,
2440 3738 2615 3795 cultis
2647 3744 2705 3794 et
2737 3737 2998 3808 incultis,
3023 3736 3289 3791 curtibus
3320 3740 3377 3790 et
3407 3728 3662 3792 mansio-

2002 3828 2198 3883 nibus.
2236 3830 2370 3892 Quae
2402 3828 2603 3882 omnia
2635 3828 2826 3881 eidem
2858 3824 3022 3880 fratri
3055 3829 3253 3879 nostro
3303 3824 3662 3880 Theoderico

1992 3903 2062 3972 ἒ.
2099 3915 2470 3972 Treverensis
2510 3915 2776 3971 Ecclesiae
2838 3914 3275 3985 archiepiscolio
3331 3913 3663 3985 vicarioque

2005 4010 2203 4061 nostro
2234 4004 2584 4060 charissimo
2616 4004 2675 4059 in
2708 4003 2974 4076 partibus
2998 4003 3176 4058 totius
3208 4001 3404 4058 Galliae
3437 4006 3493 4057 et
3522 4002 3661 4058 Ger-

2006 4095 2315 4164 nianiae,ac
2344 4111 2446 4165 per
2468 4110 2602 4148 eum
2626 4093 2853 4148 cunctis
2884 4091 3344 4159 successoribus,
3381 4091 3436 4145 in
3468 4108 3665 4163 perpe-

2003 4187 2172 4238 tuum
2206 4184 2580 4255 possidenda,
2612 4183 2862 4237 tenenda
2893 4199 2959 4236 ac
2991 4181 3316 4236 ordinanda
3353 4197 3455 4252 per
3484 4179 3663 4251 hujus

2005 4276 2214 4328 nostrae
2249 4272 2579 4343 apostolicae
2611 4271 3017 4343 praeceptionis
3070 4270 3280 4327 seriem
3324 4268 3660 4337 tribuimus,

2004 4377 2367 4433 quaecunque
2419 4361 2623 4416 eadem
2676 4359 2819 4414 cella
2850 4377 2920 4415 ex
2952 4359 3196 4416 diversis
3250 4357 3665 4413 donationibus

2004 4450 2268 4505 ﬁdelium
2282 4449 2616 4504 authentico
2638 4449 2963 4504 secundum
2986 4446 3174 4520 legem
3194 4447 3521 4502 Romanam
3535 4462 3665 4517 pos-

2005 4539 2157 4595 sidet
2181 4537 2265 4593 vel
2291 4540 2425 4609 jure
2454 4538 2753 4610 possidere
2785 4538 2973 4603 debet,
3007 4537 3143 4591 data
3181 4534 3447 4591 videlicet
3476 4540 3533 4590 et
3565 4552 3662 4590 us-

2003 4643 2116 4698 que
2149 4626 2206 4682 in
2242 4627 2416 4682 finem
2449 4625 2644 4683 seculi
2683 4643 2916 4698 quoque
2966 4628 3133 4696 pacto
3180 4623 3396 4692 danda,
3428 4640 3528 4679 seu
3562 4640 3665 4695 per

2002 4714 2339 4770 violentiam
2371 4714 2748 4770 inimicorum
2779 4714 2969 4771 eidem
3001 4711 3158 4769 cellae
3185 4711 3404 4780 ablata,
3434 4729 3536 4767 seu
3560 4728 3664 4785 per
3720 4736 3733 4745 ι

2002 4802 2292 4859 incuriam
2326 4802 2826 4859 commanentium
2854 4802 2912 4857 in
2943 4802 3147 4858 eadem
3169 4800 3315 4856 cella
3346 4801 3572 4873 perdita
3595 4818 3663 4858 ex

2005 4892 2229 4965 integro
2250 4897 2309 4947 et
2327 4894 2399 4947 ad
2433 4893 2726 4965 integrum
2759 4891 2947 4948 eidem
2981 4891 3144 4947 fratri
3177 4896 3377 4947 nostro
3408 4890 3665 4946 Theode-

2004 4982 2123 5037 rico
2145 4983 2203 5037 S.
2232 4982 2606 5038 Treverensis
2635 4981 2903 5037 Ecclesiae
2937 4980 3346 5053 achiepiscOpo
3377 4979 3661 5053 dignissi-

2004 5090 2216 5143 moque
2266 5075 2464 5125 nostro
2511 5071 2723 5126 vicario
2754 5070 2812 5125 in
2846 5070 3111 5142 partibus
3164 5070 3345 5125 totius
3377 5067 3575 5125 Galliae
3607 5071 3665 5123 et

2003 5160 2348 5228 Germaniae,
2374 5161 2779 5231 universisque
2804 5158 3245 5215 successoribus
3258 5158 3382 5214 suis
3406 5176 3507 5229 per
3526 5174 3661 5213 eum

2002 5269 2037 5305 a
2070 5249 2339 5322 praesenti
2385 5250 2703 5304 indictione
2736 5266 2820 5317 III,
2854 5249 3007 5303 beati
3059 5248 3210 5302 Petri
3263 5246 3660 5319 apostolorum

2001 5337 2287 5411 principis
2308 5342 2623 5409 nostraque
2645 5337 3042 5409 permittimus
3063 5336 3430 5391 auctoritate.
3447 5334 3659 5389 Contra

2001 5446 2177 5500 quam
2202 5427 2249 5483 si
2285 5428 2419 5499 quis
2441 5445 2611 5499 agere
2644 5425 3109 5499 praesumpserit,
3144 5429 3201 5479 et
3233 5425 3384 5497 quod
3412 5423 3573 5495 justc
3605 5426 3661 5478 et

2000 5518 2279 5573 canonice
2301 5535 2334 5572 a
2355 5517 2524 5572 nobis
2548 5517 2845 5571 decretum
2879 5520 2989 5585 est,
3025 5515 3083 5569 in
3115 5513 3314 5586 alique
3346 5513 3661 5583 infringere

2001 5606 2486 5673 tentaverit,sciat
2507 5624 2568 5661 se
2590 5623 2659 5661 ex
2689 5604 3121 5678 Omnipotcntis
3152 5608 3209 5659 et
3241 5601 3497 5676 praedicti
3533 5601 3663 5655 bea-

1999 5697 2214 5752 tissimi
2246 5695 2643 5768 apostolorum
2677 5694 2981 5767 principis,
3014 5693 3396 5762 omniumque
3428 5693 3656 5744 sancto-

2002 5804 2157 5854 rum,
2179 5802 2243 5840 ac
2276 5785 2485 5841 deinde
2517 5788 2716 5839 nostra
2746 5784 3088 5839 auctoritate
3113 5778 3648 5839 damnandum,etc.

2073 5873 2367 5947 Scriptum
2402 5892 2503 5945 per
2533 5890 2776 5929 manum
2801 5869 3079 5947 Stephani
3103 5866 3311 5923 notarii
3344 5860 3651 5934 regionarii
