3912 6430
300 451 424 510 323

299 583 404 650 Qui
438 599 524 638 ros
557 584 730 648 audit,
767 599 850 636 mc
875 581 1064 644 audit,-
1099 590 1148 636 σε
1179 584 1272 652 qui
1303 598 1389 634 vos
1421 584 1648 652 spernit.
1687 598 1770 635 me
1817 597 1963 651 δροί-
1991 583 2044 646 Α

296 673 402 726 uit.
441 696 468 721 ››
509 673 665 728 Inter
694 671 814 726 hanc
848 685 1080 741 quoque
1113 669 1310 724 omnia
1341 685 1468 740 qua:
1494 669 1566 723 ad
1589 669 1966 740 smpedictam

299 751 709 816 Trevirensem
741 757 1058 814 Ecclesium
1083 757 1235 811 intra
1257 761 1313 811 et
1333 762 1495 812 extra
1518 757 1810 812 civitatem
1837 773 1964 828 per-

299 847 486 903 tinere
515 847 808 914 videntur,
833 847 889 901 id
908 851 998 900 est
1029 845 1308 901 ecclesias
1329 861 1465 900 cum
1486 845 1774 900 universis
1792 845 1966 900 rebus

295 936 412 991 sibi
445 935 852 1002 attinentibus,
875 952 975 990 seu
1002 933 1380 1000 monasteria,
1399 937 1520 987 tam
1542 933 1964 988 monachorum

304 1041 484 1096 quam
515 1024 833 1096 virginum,
869 1041 996 1095 quae
1029 1041 1096 1077 ex
1129 1020 1434 1095 praiceptis
1467 1021 1588 1077 sive
1621 1021 1854 1094 scriptis
1883 1039 1966 1076 re-

293 1129 435 1186 gum
468 1130 573 1168 seu
603 1112 1048 1184 imperatorum,
1075 1111 1194 1166 sive
1217 1111 1558 1166 eorumdem
1583 1110 1961 1165 fundatorum

293 1201 639 1258 auctoritate
670 1203 742 1256 ad
775 1219 836 1256 se
867 1201 1164 1274 pertinent
1209 1205 1266 1254 et
1302 1199 1592 1272 pertinere
1646 1199 1880 1265 debent,
1905 1204 1962 1254 et

295 1289 583 1361 quidquid
615 1289 858 1345 omnino
875 1289 976 1343 illa
995 1289 1122 1361 ipsa
1141 1287 1387 1344 ecclesia
1409 1286 1505 1341 ubi
1527 1286 1629 1342 ubi
1647 1290 1702 1342 et
1723 1303 1960 1358 quoquo

294 1377 501 1434 merito
531 1377 791 1450 possidet
832 1383 889 1432 et
936 1378 1232 1449 possidere
1285 1377 1476 1440 debet,
1521 1375 1874 1446 generaliter
1905 1377 1963 1429 et

309 1467 642 1540 specialiter
673 1467 1050 1521 concedimus
1083 1471 1138 1521 et
1187 1466 1672 1520 recentirmamus
1721 1465 1958 1535 praefato

301 1554 664 1612 Theoderico
698 1555 863 1610 fratri
893 1560 950 1610 et
979 1554 1322 1626 coepiscopo
1344 1558 1542 1609 nostro
1569 1553 1812 1624 suisque
1834 1567 1962 1606 suc-

297 1645 654 1714 cessoribus,
685 1645 756 1699 ad
782 1647 1124 1716 perpetuam
1149 1647 1364 1698 sanctae
1386 1639 1748 1697 Trevirensis
1771 1639 1961 1696 Eccle-

297 1733 396 1790 sia:
417 1732 881 1788 dominationem
905 1735 1080 1804 atque
1100 1731 1403 1800 ditionem,
1419 1747 1522 1804 per
1542 1729 1721 1801 hujus
1746 1733 1956 1783 nostra;

296 1819 628 1894 apostolicae
651 1819 1066 1894 praeceptionis
1089 1819 1319 1887 seriem,
1335 1836 1370 1874 a
1385 1817 1656 1891 praesenti
1689 1817 1857 1873 tertia
1877 1816 1961 1872 in-

293 1909 550 1966 dictione
573 1913 630 1965 et
663 1925 854 1980 usque
885 1907 944 1963 in
977 1908 1156 1964 finem
1187 1907 1384 1976 saeculi
1405 1905 1958 1962 valituram.Contra
1985 1950 2033 2016 Β

307 2015 310 2016 ν
753 1996 1052 2016 Lageam
1099 1995 1347 2016 haud
1382 1997 1549 2016 -ηλ,
1592 2011 1756 2016 _____
1805 2011 1917 2016 ___

295 2014 474 2071 quam
507 1997 556 2054 si
589 1997 722 2070 quis
752 1996 1058 2052 hominum
1093 1995 1352 2068 quolibet
1382 1997 1557 2051 modo
1588 2011 1762 2068 agere
1805 2011 1949 2067 pra:-

296 2087 635 2161 sumpserit,
667 2091 724 2142 et
755 2087 909 2158 quod
932 2087 1095 2158 juste
1128 2089 1184 2141 et
1215 2086 1492 2140 canonice
1515 2101 1549 2140 a
1570 2084 1740 2140 nobis
1763 2085 1952 2140 decre-

295 2183 420 2233 tum
455 2182 566 2245 est,
598 2175 660 2231 in
690 2174 886 2246 aliquo
916 2173 1232 2247 infringere
1264 2173 1590 2240 tentaverit,
1625 2171 1772 2229 sciat
1801 2187 1862 2228 se
1883 2189 1950 2228 ex

304 2265 722 2338 omnipotentis
733 2263 832 2319 Dei
851 2268 907 2318 et
922 2263 1180 2336 praedicti
1203 2261 1526 2318 beatissimi
1551 2259 1947 2334 apostolorum

295 2355 602 2429 principis,
633 2353 1024 2425 omniumque
1054 2356 1412 2418 sanctorum,
1435 2368 1501 2406 ac
1520 2349 1726 2406 deinde
1749 2353 1953 2409 nostra

296 2443 642 2501 auctoritate
673 2442 1074 2498 damnandum
1114 2445 1170 2497 et
1219 2439 1854 2504 anathematizandum,
1891 2442 1949 2494 et

295 2549 431 2590 cum
460 2531 740 2590 omnibus
758 2531 954 2604 impiis
972 2535 1185 2586 aeterno
1207 2527 1494 2602 supplicio
1517 2528 1942 2600 deputandum.

291 2621 402 2688 Qui
431 2639 564 2678 vero
586 2621 694 2676 hoc
715 2620 912 2693 ipsum
935 2623 1202 2675 nostrum
1225 2615 1593 2690 privilegium
1616 2617 1943 2681 observare,

293 2711 608 2778 custodire,
643 2709 966 2782 adimplere
997 2707 1244 2764 fideliter
1264 2706 1574 2772 studuerit,
1599 2703 1948 2760 benedictio-

293 2801 384 2857 nis
413 2801 661 2874 gratiam
694 2804 751 2854 ct
777 2795 1193 2854 misericordiae
1222 2794 1646 2868 plenitudinem
1670 2793 1730 2848 in
1753 2792 1948 2848 cccles-

288 2891 451 2947 tibus
478 2890 688 2946 castris
717 2887 870 2944 inter
906 2887 1222 2942 electorum
1273 2899 1584 2940 numerum
1635 2881 1946 2937 efﬁcaciter

291 2998 325 3036 a
356 2978 602 3036 Domino
635 2979 750 3034 Deo
781 2975 1057 3047 consequi
1091 2978 1401 3032 mereatur.

362 3068 658 3142 Scriptum
682 3084 785 3139 per
805 3082 1046 3122 manum
1070 3063 1348 3136 Stephani
1377 3061 1587 3118 notarii
1611 3063 1666 3114 et
1683 3059 1944 3130 regiona-

291 3159 360 3215 rii
393 3163 451 3213 et
480 3155 773 3213 scriniarii
804 3159 1018 3210 sancta:
1056 3153 1214 3209 sedis
1265 3149 1616 3224 apostolicae,
1648 3149 1708 3202 in
1741 3164 1942 3204 mense

289 3247 592 3312 Januario,
627 3243 827 3311 indiet,
861 3243 1260 3316 suprascripta
1293 3257 1374 3295 ιιι.
1411 3241 1562 3294 Bene
1592 3237 1795 3292 valete.

1605 445 2022 510 BENEDICTI
2066 449 2296 511 PAP/E
2338 448 2444 512 VII

3615 450 3744 516 324

2150 585 2384 646 Quoties
2418 582 2513 637 illa
2547 584 2722 638 tribui
2759 602 2790 638 a
2823 584 2992 638 nobis
3023 588 3323 656 optantur,
3352 601 3479 657 quae
3521 585 3744 640 rationi

2079 669 2486 726 incunctanter
2515 674 2886 738 conveniunt,
2923 673 3118 727 animo
3154 690 3258 729 nos
3304 674 3476 729 debet
3524 672 3744 729 libenti

2079 760 2414 826 concedere,
2450 763 2508 814 et
2537 760 2857 832 petentium
2905 761 3211 817 desideriis
3260 777 3587 834 congruum
3619 761 3741 818 im-

2079 845 2275 917 pertiri
2309 847 2676 920 suffragium.
2709 849 2897 920 Atque
2927 847 3056 904 ideo
3087 849 3228 922 quia
3248 849 3556 922 postulasti
3580 867 3614 905 a
3635 868 3744 908 no-

2076 935 2166 990 bis
2197 941 2488 1006 quatenus
2521 935 2887 1009 privilegium
2910 938 3068 992 sedis
3091 937 3419 1010 apostolicae
3443 943 3744 995 monaste-

2075 1022 2158 1077 rio
2188 1021 2494 1092 Vizeliaco,
2525 1022 2617 1079 cui
2665 1042 2914 1096 praeesse
2962 1025 3348 1098 dignosceris,
3381 1027 3536 1097 quod
3589 1043 3738 1082 con-

2073 1117 2189 1166 stat
2219 1112 2355 1168 olim
2388 1130 2422 1168 a
2451 1114 2706 1168 Gerardo
2738 1113 3108 1170 nobilissimo
3137 1117 3196 1170 et
3225 1114 3738 1173 Christianissimo

2069 1200 2213 1267 viro,
2248 1217 2473 1255 necnon
2504 1205 2560 1257 et
2591 1201 2758 1257 Berta
2792 1219 2968 1258 uxore
2995 1204 3145 1274 ejus,
3171 1203 3230 1257 in
3253 1202 3471 1259 honore
3492 1203 3737 1260 Domini

2070 1291 2126 1342 et
2158 1288 2471 1343 Salvatoris
2502 1289 2684 1344 nostri
2719 1290 2859 1345 Jcsu
2894 1291 3108 1346 Christi
3131 1295 3191 1346 et
3207 1291 3576 1347 veneratione
3599 1293 3735 1348 bea-

2071 1377 2312 1430 tissima:
2345 1396 2575 1450 semper
2605 1379 2848 1450 virginis
2883 1379 3074 1434 Mariae
3107 1379 3406 1453 genitricis
3455 1381 3733 1452 ejusdem

2069 1465 2300 1521 Domini
2334 1467 2512 1522 nostri
2543 1467 2680 1521 Jesu
2713 1467 2927 1522 Christi
2979 1472 3421 1536 constructum;
3451 1468 3509 1522 in
3542 1487 3734 1542 regno

2068 1553 2289 1610 scilicet
2337 1555 2710 1628 Burgundize,
2747 1555 2807 1610 in
2861 1573 3009 1629 pago
3057 1555 3348 1624 Avalensi,
3382 1557 3664 1630 quodque
3697 1577 3734 1615 a

2067 1643 2324 1715 praefatis
2342 1643 2753 1699 fundatorihus
2770 1644 2938 1700 beato
2956 1645 3122 1700 Petro
3143 1643 3543 1718 apostolorum
3566 1647 3734 1718 prin-

2066 1731 2116 1787 ci
2123 1731 2182 1804 pi
2204 1731 2300 1804 pia
2320 1732 2624 1788 devotione
2640 1736 2696 1788 et
2710 1732 3048 1788 testamenti
3071 1733 3289 1806 pagina
3309 1732 3590 1790 collatum
3607 1740 3728 1805 est,

2065 1819 2254 1876 facere
2287 1821 2636 1877 deberemus
2669 1838 2682 1876 :
2717 1819 2982 1876 inclinati
3012 1821 3284 1892 precibus
3316 1820 3433 1877 tuis
3472 1821 3732 1882 libenter

2065 1908 2190 1964 fieri
2219 1910 2602 1966 decrevimus.
2629 1909 2790 1966 Unde
2811 1914 2868 1966 et
2887 1909 3302 1967 constituimus
3321 1913 3379 1967 et
3399 1911 3730 1984 apostolica

2059 1999 2402 2055 auctoritate
2433 2015 2762 2064 censemus,
2797 2003 2972 2071 atque
3004 2015 3106 2072 per
3136 1998 3246 2054 hoc
3278 2004 3545 2056 nostrum
3581 2019 3729 2074 apo-

2059 2087 2332 2144 stolicum
2352 2087 2720 2161 privilegium
2739 2088 3180 2156 confirmamus;
3203 2091 3268 2143 ut
3284 2087 3483 2144 nullus
3501 2106 3599 2145 rex
3618 2097 3732 2147 aut

2059 2176 2336 2248 pontifex,
2378 2176 2464 2232 vel
2515 2177 2697 2232 abbas
2746 2181 2847 2232 aut
2897 2191 3092 2232 comes
3140 2175 3230 2232 vel
3280 2175 3724 2252 qualiscunque

2059 2281 2274 2338 magna
2298 2265 2385 2322 vel
2418 2282 2592 2338 parva
2624 2282 2892 2338 persona,
2926 2264 3178 2320 avaritia:
3219 2265 3542 2338 cupiditate
3589 2284 3725 2324 cor-

2057 2358 2258 2426 reptus
2288 2359 2390 2410 aut
2420 2353 2708 2410 diabolica
2740 2354 3117 2427 suggestione
3167 2354 3466 2428 deceptus,
3498 2356 3723 2412 audeat

2056 2443 2142 2498 vel
2172 2447 2490 2515 praesumat
2519 2447 2723 2498 contra
2754 2446 2921 2498 tuum
2962 2442 3267 2510 honorem,
3297 2460 3331 2499 ο
3362 2444 3724 2500 venerabilis

2056 2531 2226 2588 Wido
2248 2532 2419 2600 abba,
2445 2531 2842 2604 qualicunque
2863 2532 3036 2587 modo
3063 2530 3366 2602 insurgere
3387 2531 3448 2588 in
3473 2537 3574 2588 tua
3596 2533 3724 2588 vita

2055 2625 2158 2676 aut
2188 2621 2257 2677 de
2289 2626 2390 2676 tuo
2421 2621 2639 2676 honore
2659 2619 2766 2675 tibi
2798 2619 3096 2676 molestias
3128 2619 3360 2686 inferre,
3385 2619 3472 2675 vel
3500 2622 3573 2676 de
3598 2639 3726 2678 om-

2056 2708 2230 2766 nibus
2262 2710 2434 2764 rebus
2465 2708 2804 2765 monasterii
2838 2726 2964 2782 quze
2996 2708 3099 2762 tibi
3133 2708 3367 2780 tuisque
3390 2711 3721 2780 prmdeces-

2053 2797 2289 2854 soribus
2316 2815 2349 2854 a
2374 2797 2543 2854 nobis
2571 2797 2904 2869 nostrisque
2930 2796 3398 2852 antecessoribus
3419 2813 3526 2868 per
3548 2799 3722 2872 pagi-

2053 2903 2192 2942 nam
2224 2886 2510 2959 privilegii
2541 2903 2817 2942 concessa
2843 2890 3016 2956 atque
3050 2886 3277 2938 firmata
3307 2885 3722 2958 sunt,aliquas

2053 2976 2385 3032 invasiones
2415 2976 2503 3031 vel
2536 2976 2770 3047 rapinas
2802 2973 2919 3030 sive
2947 2971 3250 3027 violentias
3273 2972 3568 3040 inferre,si
3596 2993 3720 3032 non

2049 3066 2193 3135 vult,
2227 3065 2571 3122 auctoritate
2601 3064 2700 3119 Dei
2733 3067 2788 3118 et.
2818 3061 3000 3118 sancti
3048 3059 3196 3116 Petri
3233 3065 3292 3116 et
3320 3065 3525 3118 nostra
3570 3082 3718 3136 apo-

2051 3155 2257 3211 stolica
2297 3151 2920 3220 excommunicatione,
2953 3168 2987 3206 a
3017 3165 3258 3220 corpore
3309 3153 3367 3204 et
3415 3155 3718 3225 sanguine

2053 3243 2284 3300 Domini
2311 3244 2450 3299 Jesu
2482 3241 2694 3296 Christi
2725 3243 2784 3294 et
2809 3240 2882 3295 ab
2909 3238 3177 3313 ingressu
3201 3237 3461 3294 ecclesia:
3483 3241 3718 3314 disjnn-

361 3339 574 3393 Datum
595 3352 688 3390 xv.
706 3332 834 3388 Kal.
856 3329 1152 3388 Februarii
1171 3347 1275 3402 per
1289 3325 1939 3396 manumWidonisepi-
1977 3319 2021 3386 C
2051 3338 2212 3388 ctum
2243 3349 2390 3388 esse,
2415 3331 2531 3385 Hoc
2559 3346 2791 3402 quoque
2812 3329 3067 3401 capitulo
3091 3328 3362 3400 ppmsenﬁ
3386 3329 3712 3403 subjungi_

289 3423 450 3496 scopi
469 3431 526 3481 et
541 3419 967 3480 bibliothecarii
987 3423 1200 3475 sancta:
1219 3417 1375 3472 sedis
1391 3415 1719 3488 apostolicai
1731 3416 1934 3480 .Anno,

289 3515 405 3570 Deo
435 3509 710 3584 propitio,
739 3507 1116 3580 pontificatus
1148 3505 1379 3562 Domini
1413 3504 1596 3561 nostri
1644 3502 1937 3559 Benedicti

287 3601 645 3659 sanctissimi
675 3599 776 3654 νιι
795 3615 956 3670 papa:
981 3595 1527 3668 primo,imperante
1545 3593 1781 3650 domino
1805 3591 1939 3665 piis-

285 3692 436 3750 simo
466 3695 628 3764 patre
658 3687 857 3761 patrim
897 3691 1148 3759 angusto
1196 3685 1403 3741 Ottone
1435 3700 1469 3740 a
1500 3683 1614 3738 Deo
1663 3685 1936 3738 coronato

284 3798 498 3855 magno
532 3783 679 3852 Imp.
713 3793 866 3834 anno
896 3793 997 3844 vn,
1030 3773 1346 3830 indictione
1378 3790 1461 3828 In.

1079 3881 1147 3935 V.

285 3995 578 4036 BENEDICTI
621 3993 782 4032 PAPIE
828 3991 907 4030 VII
956 3988 1222 4028 EPISTULA
1267 3987 1340 4027 AD
1386 3984 1794 4025 THEODORICUM
1833 3982 1936 4022 ΑΒ-

666 4078 1090 4120 CHIEPISCOPUM
1127 4075 1548 4115 TREVIRENSEM.

929 4169 1115 4240 (Anno
1143 4165 1296 4237 975.)

284 4263 674 4320 Monasterium
727 4259 783 4315 S.
847 4258 1068 4314 Martini
1131 4257 1468 4319 Trcvircnsc,
1525 4270 1558 4308 a
1621 4251 1938 4308 Theoderico

355 4352 757 4424 archiepiscopo
799 4349 1079 4419 rcfectu-m,
1121 4370 1139 4392 «
1176 4361 1275 4418 per
1323 4344 1486 4416 hujus
1529 4341 1811 4414 apostolici
1839 4356 1936 4396 no-

354 4443 454 4498 stri
478 4440 763 4514 privilegii
789 4445 951 4510 atque
979 4444 1178 4490 sanctae
1207 4434 1460 4489 Romanis
1489 4430 1690 4503 synodi
1719 4428 1940 4484 validis-

353 4533 550 4586 simam
608 4529 1043 4586 ronstitutiouc—m
1101 4546 1129 4575 »
1193 4523 1478 4593 conﬁrmat
1527 4519 1940 4591 pririlcgiisque

352 4627 529 4690 auget.

654 4709 672 4778 [
705 4701 955 4769 Gudeni,
989 4701 1110 4758 Cod.
1148 4701 1372 4773 diplom.
1408 4699 1452 4767 Ι,
1483 4699 1563 4768 9.]

319 4833 322 4836 ‘
355 4816 414 4871 Si
449 4820 710 4888 pastores
742 4813 959 4872 ovium,
992 4813 1103 4863 etc.
1150 4809 1373 4879 Reliqua
1423 4806 1530 4860 vid.
1566 4804 1710 4876 apud.
1757 4811 1938 4858 aucto-

286 4922 398 4960 rcm
429 4903 735 4960 laudatum.
1079 4963 1092 4972 ,

1067 4984 1158 5040 VI.

285 5098 582 5138 BENEDIC’U
635 5092 794 5132 PAPIE
841 5091 918 5128 VII
977 5089 1349 5128 PRIVILEGIUM
1410 5089 1519 5128 PRO

905 5177 1087 5216 -VIZELI
1094 5179 1290 5217 ACENSI
1299 5203 1311 5216 .

932 5267 1116 5338 (Anno
1145 5267 1296 5340 975.)

581 5355 768 5428 [Apud
796 5353 1130 5424 Acherium,
1163 5356 1354 5426 Spicil.
1391 5356 1458 5410 ΙΙ.
1490 5356 1640 5426 504.]

359 5467 720 5522 ΒΕΝΕΒισΓυΞ
751 5458 1081 5530 episcopus,
1114 5477 1314 5516 servus
1345 5478 1643 5516 servorum
1675 5461 1796 5530 Dei,
1831 5463 1934 5518 EL-

289 5571 476 5612 DRADO
518 5547 791 5619 religioso
841 5547 1034 5602 abbati
1092 5549 1150 5604 S.
1199 5548 1608 5604 Vizeliaccnsis
1665 5550 1936 5620 coanobii,

289 5641 568 5710 omnique
598 5633 1032 5705 congregationi
1067 5636 1330 5706 ejusdem
1362 5635 1701 5692 monasterii
1722 5637 1779 5690 in
1814 5654 1936 5709 per-

288 5734 554 5809 petuum.

1575 5087 1935 5128 MONASTERIO

2047 3439 2204 3489 mus,
2236 3425 2299 3476 ut
2327 3419 2519 3474 locum
2552 3417 2806 3474 avaritia:
2839 3417 3239 3484 secludamus,
3271 3416 3503 3472 nullum
3529 3418 3602 3474 de
3625 3437 3714 3476 re-

2045 3512 2236 3585 gibus,
2273 3507 2502 3564 nullum
2533 3507 2603 3564 de
2633 3506 2924 3580 episcopis
2955 3506 3043 3562 vel
3073 3505 3498 3574 sacerdotibus,
3517 3507 3608 3564 vel
3631 3509 3709 3564 de

2043 3599 2494 3673 quibuscunque
2512 3596 2808 3662 ﬁdelibus,
2829 3612 2931 3668 per
2951 3611 3034 3664 se,
3055 3594 3492 3668 suppositamve
3509 3612 3710 3667 perso-

2045 3705 2204 3756 nam,
2232 3687 2302 3744 de
2333 3685 2698 3742 ordinatione
2727 3685 2995 3756 ejusdem
3040 3684 3294 3752 abbatis,
3325 3683 3414 3739 vel
3464 3681 3710 3756 clerico-

2047 3795 2200 3848 rum,
2233 3780 2338 3832 aut
2369 3776 2862 3849 presbyterorum,
2885 3771 2973 3828 vel
3000 3774 3070 3828 de
3094 3771 3402 3846 largitione
3424 3771 3717 3830 chrisma-

2045 3869 2144 3935 tis,
2169 3869 2270 3922 aut
2291 3863 2726 3922 consecratione
2748 3860 3125 3928 basilicae,vel
3148 3861 3220 3917 de
3245 3861 3709 3934 quibuscunque

2046 3956 2242 4012 causis
2273 3955 2344 4010 ad
2376 3953 2532 4008 idem
2567 3950 2991 4007 monasterium
3023 3947 3476 4022 pertinentibus,
3490 3949 3714 4005 audere

2046 4045 2105 4101 in
2136 4043 2397 4118 qualibet
2426 4041 2617 4114 specie
2648 4039 2836 4096 exenii
2870 4039 2994 4095 loco
3035 4037 3362 4110 quidquam
3411 4037 3717 4110 accipere,

2047 4150 2238 4206 neque
2254 4133 2529 4188 eumdem
2547 4129 2817 4186 abbatem
2837 4145 2941 4200 pro
2959 4127 3324 4184 ordinatione
3336 4143 3444 4183 sua
3455 4125 3713 4198 aliquid,

2048 4224 2186 4280 dare
2205 4237 2576 4295 praesumere,
2594 4235 2666 4274 ne
2681 4217 2792 4274 hac
2807 4216 3138 4286 occasione,
3151 4233 3220 4273 ea
3237 4232 3364 4289 qua:
3382 4233 3417 4272 a
3431 4215 3715 4272 fidelibus

2047 4311 2142 4384 pio
2175 4311 2300 4367 loco
2331 4310 2678 4375 offeruntur,
2704 4310 3151 4363 consumantur.
3177 4305 3373 4378 Neque
3395 4305 3716 4378 episcOpus

2047 4397 2298 4454 civitatis
2330 4392 2517 4468 ipsius
2551 4393 2838 4466 parochias
2871 4392 2985 4449 nisi
3017 4393 3089 4448 ab
3117 4393 3326 4448 abbate
3358 4391 3545 4464 ipsius
3580 4408 3712 4448 Ino-

2047 4485 2288 4544 nasterii
2317 4483 2618 4550 invitatus,
2653 4481 2869 4538 ibidem
2903 4480 3169 4553 publicas
3202 4481 3418 4537 missas
3441 4485 3710 4554 agat,ne-

2048 4594 2162 4648 que
2179 4575 2459 4631 stationes
2478 4572 2535 4626 in
2554 4571 2756 4628 eodem
2779 4571 3040 4626 coenobio
3059 4569 3297 4638 indicat,
3313 4587 3386 4626 ne
3402 4586 3712 4626 servorum

1975 4689 2022 4755 Ι)
2053 4665 2154 4720 Dei
2168 4665 2334 4736 quies
2351 4660 2763 4734 quoquomodo
2781 4659 3046 4732 populari
3066 4663 3355 4755 conventu
3373 4661 3712 4731 perturbari

2051 4754 2257 4821 valeat,
2310 4767 2500 4823 neque
2549 4754 2802 4822 paratas,
2837 4752 2938 4804 aut
2989 4747 3448 4804 mansionaticos
3497 4747 3714 4804 exinde

2053 4845 2371 4917 praesumat
2399 4839 2646 4912 exigere.
2674 4836 3116 4909 Susceptionem
3150 4841 3344 4892 autem
3370 4834 3634 4891 fidelium
3655 4841 3715 4892 et

2047 4932 2453 5004 religiosorum
2497 4928 2756 4982 virorum
2799 4931 2973 4998 atque
3023 4923 3491 4993 beneficentiam,
3525 4941 3711 4996 quam

2037 5017 2534 5094 jubctApostolus
2551 5017 2778 5072 cunctis
2795 5015 3184 5072 exhibendam
3200 5031 3304 5087 pro
3317 5013 3712 5086 possibilitate

2046 5110 2156 5168 loci
2189 5113 2246 5164 et
2278 5105 2647 5173 facultatum,
2681 5121 2796 5160 non
2830 5103 3004 5160 modo
3033 5103 3251 5158 ibidem
3283 5101 3410 5158 ﬁeri
3432 5102 3600 5173 (non)
3615 5101 3712 5157 de-

2045 5215 2354 5273 negamus,
2386 5211 2590 5252 verum
2622 5195 2800 5251 etiam
2822 5192 3145 5249 suademus
3169 5207 3184 5246 :
3211 5191 3312 5246 sed
3335 5194 3392 5247 et
3411 5190 3626 5247 modus
3647 5191 3708 5246 in

2046 5305 2292 5346 numero
2341 5282 2814 5358 congregationis
2863 5281 3005 5338 adeo
3055 5283 3450 5347 conservetur,
3485 5283 3552 5334 ut
3603 5296 3708 5336 nec

2047 5376 2354 5451 pluralitas
2403 5373 2732 5448 penuriam,
2775 5387 2880 5428 nec
2928 5369 3192 5443 paucitas
3239 5367 3709 5426 inhabitantium

2045 5467 2485 5524 destitutionem
2518 5463 2626 5519 loci
2661 5463 2936 5519 inducere
2951 5461 3156 5518 valeat.
3173 5460 3255 5517 Dc
3269 5465 3478 5516 caetero
3495 5464 3709 5517 notum

2046 5553 2170 5611 fieri
2201 5553 2472 5608 volumus
2502 5551 2640 5623 quia
2674 5549 3030 5607 devenerunt
3057 5549 3130 5604 ad
3163 5565 3270 5606 nos
3291 5547 3710 5621 deprecatoris:

2048 5641 2252 5696 littera:
2277 5641 2516 5698 Gerardi
2549 5637 2805 5712 episcopi
2835 5637 3388 5712 Augustodunensis
3410 5637 3708 5708 Ecclesiae,

2049 5746 2153 5807 pro
2186 5729 2432 5788 decimis
2462 5733 2716 5804 quatuor
2761 5727 3163 5806 ecclesiarum,
3197 5727 3390 5810 sancti
3433 5727 3713 5790 videlicet
