  <div class='ocr_page' id='page_1' title='image "/cluster/home/n/w/nwhite01/storage/ocr_20150623/136-137/uc1.31175019686917/844.png"; bbox 0 0 3912 6430; ppageno 0'>
   <div class='ocr_carea' id='block_1_1' title="bbox 197 461 312 521">
    <p class='ocr_par' dir='ltr' id='par_1_1' title="bbox 197 461 312 521">
     <span class='ocr_line' id='line_1_1' title="bbox 197 461 312 521; baseline -0.017 0"><span class='ocrx_word' id='word_1_1' title='bbox 197 461 312 521; x_wconf 77' lang='grc'>325</span> 
     </span>
    </p>
   </div>
   <div class='ocr_carea' id='block_1_2' title="bbox 1376 455 2441 524">
    <p class='ocr_par' dir='ltr' id='par_1_2' title="bbox 1376 455 2441 524">
     <span class='ocr_line' id='line_1_2' title="bbox 1376 455 2441 524; baseline -0.002 0"><span class='ocrx_word' id='word_1_2' title='bbox 1376 457 1778 524; x_wconf 70' lang='lat' dir='ltr'>EPISTOL/E</span> <span class='ocrx_word' id='word_1_3' title='bbox 1820 455 1922 521; x_wconf 83' lang='lat' dir='ltr'>ET</span> <span class='ocrx_word' id='word_1_4' title='bbox 1965 456 2441 524; x_wconf 80' lang='lat' dir='ltr'>PRIVILEGIA.</span> 
     </span>
    </p>
   </div>
   <div class='ocr_carea' id='block_1_3' title="bbox 3493 469 3610 530">
    <p class='ocr_par' dir='ltr' id='par_1_3' title="bbox 3493 469 3610 530">
     <span class='ocr_line' id='line_1_3' title="bbox 3493 469 3610 530; baseline 0.009 -1"><span class='ocrx_word' id='word_1_5' title='bbox 3493 469 3610 530; x_wconf 76' lang='lat'>326</span> 
     </span>
    </p>
   </div>
   <div class='ocr_carea' id='block_1_4' title="bbox 197 593 3608 674">
    <p class='ocr_par' dir='ltr' id='par_1_4' title="bbox 197 593 3608 674">
     <span class='ocr_line' id='line_1_4' title="bbox 197 593 3608 674; baseline 0.004 -27"><span class='ocrx_word' id='word_1_6' title='bbox 197 593 367 659; x_wconf 90' lang='lat' dir='ltr'>Petri,</span> <span class='ocrx_word' id='word_1_7' title='bbox 399 597 456 648; x_wconf 90' lang='lat' dir='ltr'>et</span> <span class='ocrx_word' id='word_1_8' title='bbox 501 593 688 648; x_wconf 89' lang='lat' dir='ltr'>sancti</span> <span class='ocrx_word' id='word_1_9' title='bbox 736 594 1157 668; x_wconf 88' lang='lat' dir='ltr'>Christophori,</span> <span class='ocrx_word' id='word_1_10' title='bbox 1203 595 1506 667; x_wconf 81' lang='lat' dir='ltr'>sanctique</span> <span class='ocrx_word' id='word_1_11' title='bbox 1549 593 1841 652; x_wconf 73' lang='lat' dir='ltr'>Germani.</span> <span class='ocrx_word' id='word_1_12' title='bbox 1879 597 1930 660; x_wconf 78' lang='grc' dir='ltr'><strong>Α</strong></span> <span class='ocrx_word' id='word_1_13' title='bbox 1963 593 2249 663; x_wconf 66' lang='lat' dir='ltr'>condigne</span> <span class='ocrx_word' id='word_1_14' title='bbox 2273 597 2566 650; x_wconf 75' lang='lat' dir='ltr'>simorum</span> <span class='ocrx_word' id='word_1_15' title='bbox 2599 612 2908 652; x_wconf 79' lang='lat' dir='ltr'>assensum</span> <span class='ocrx_word' id='word_1_16' title='bbox 2935 600 3608 674; x_wconf 62' lang='lat' dir='ltr'>prmhentes,(ipostnlica</span> 
     </span>
    </p>
   </div>
   <div class='ocr_carea' id='block_1_5' title="bbox 197 683 1842 758">
    <p class='ocr_par' dir='ltr' id='par_1_5' title="bbox 197 683 1842 758">
     <span class='ocr_line' id='line_1_5' title="bbox 197 683 1842 758; baseline 0 -22"><span class='ocrx_word' id='word_1_17' title='bbox 197 699 418 737; x_wconf 89' lang='lat' dir='ltr'>necnon</span> <span class='ocrx_word' id='word_1_18' title='bbox 451 683 640 738; x_wconf 82' lang='lat' dir='ltr'>sancti</span> <span class='ocrx_word' id='word_1_19' title='bbox 675 684 1198 758; x_wconf 82' lang='lat' dir='ltr'>Leodegarii,quas</span> <span class='ocrx_word' id='word_1_20' title='bbox 1232 686 1354 758; x_wconf 83' lang='lat' dir='ltr'>ipse</span> <span class='ocrx_word' id='word_1_21' title='bbox 1394 684 1706 757; x_wconf 66' lang='lat' dir='ltr'>praedictus</span> <span class='ocrx_word' id='word_1_22' title='bbox 1739 684 1842 736; x_wconf 84' lang='lat' dir='ltr'>ab-</span> 
     </span>
    </p>
   </div>
   <div class='ocr_carea' id='block_1_6' title="bbox 193 769 1846 846">
    <p class='ocr_par' dir='ltr' id='par_1_6' title="bbox 193 769 1846 846">
     <span class='ocr_line' id='line_1_6' title="bbox 193 769 1846 846; baseline 0 -20"><span class='ocrx_word' id='word_1_23' title='bbox 193 769 299 826; x_wconf 87' lang='lat' dir='ltr'>bas</span> <span class='ocrx_word' id='word_1_24' title='bbox 329 771 404 826; x_wconf 89' lang='lat' dir='ltr'>ab</span> <span class='ocrx_word' id='word_1_25' title='bbox 433 773 636 828; x_wconf 90' lang='lat' dir='ltr'>eodem</span> <span class='ocrx_word' id='word_1_26' title='bbox 676 773 950 845; x_wconf 90' lang='lat' dir='ltr'>episcopo</span> <span class='ocrx_word' id='word_1_27' title='bbox 998 775 1426 846; x_wconf 81' lang='lat' dir='ltr'>impetraverat,</span> <span class='ocrx_word' id='word_1_28' title='bbox 1459 772 1632 828; x_wconf 82' lang='lat' dir='ltr'>sicuti</span> <span class='ocrx_word' id='word_1_29' title='bbox 1679 774 1846 826; x_wconf 85' lang='lat' dir='ltr'>ante-</span> 
     </span>
    </p>
   </div>
   <div class='ocr_carea' id='block_1_7' title="bbox 193 861 1847 934">
    <p class='ocr_par' dir='ltr' id='par_1_7' title="bbox 193 861 1847 934">
     <span class='ocr_line' id='line_1_7' title="bbox 193 861 1847 934; baseline -0.001 -20"><span class='ocrx_word' id='word_1_30' title='bbox 193 875 454 915; x_wconf 87' lang='lat' dir='ltr'>cessores</span> <span class='ocrx_word' id='word_1_31' title='bbox 484 861 615 932; x_wconf 85' lang='lat' dir='ltr'>ejus</span> <span class='ocrx_word' id='word_1_32' title='bbox 641 861 712 916; x_wconf 88' lang='lat' dir='ltr'>ab</span> <span class='ocrx_word' id='word_1_33' title='bbox 746 861 1037 934; x_wconf 85' lang='lat' dir='ltr'>episcopis</span> <span class='ocrx_word' id='word_1_34' title='bbox 1071 861 1257 934; x_wconf 87' lang='lat' dir='ltr'>ipsius</span> <span class='ocrx_word' id='word_1_35' title='bbox 1285 862 1445 918; x_wconf 84' lang='lat' dir='ltr'>sedis</span> <span class='ocrx_word' id='word_1_36' title='bbox 1492 877 1596 932; x_wconf 89' lang='lat' dir='ltr'>per</span> <span class='ocrx_word' id='word_1_37' title='bbox 1641 875 1847 916; x_wconf 80' lang='lat' dir='ltr'>succe-</span> 
     </span>
    </p>
   </div>
   <div class='ocr_carea' id='block_1_8' title="bbox 191 948 1847 1022">
    <p class='ocr_par' dir='ltr' id='par_1_8' title="bbox 191 948 1847 1022">
     <span class='ocr_line' id='line_1_8' title="bbox 191 948 1847 1022; baseline -0.002 -17"><span class='ocrx_word' id='word_1_38' title='bbox 191 948 389 1005; x_wconf 86' lang='lat' dir='ltr'>dentia</span> <span class='ocrx_word' id='word_1_39' title='bbox 420 954 684 1022; x_wconf 86' lang='lat' dir='ltr'>tempora</span> <span class='ocrx_word' id='word_1_40' title='bbox 713 951 997 1006; x_wconf 81' lang='lat' dir='ltr'>ordinatis</span> <span class='ocrx_word' id='word_1_41' title='bbox 1030 951 1235 1008; x_wconf 87' lang='lat' dir='ltr'>fecisse</span> <span class='ocrx_word' id='word_1_42' title='bbox 1267 955 1609 1018; x_wconf 89' lang='lat' dir='ltr'>noscuntur,</span> <span class='ocrx_word' id='word_1_43' title='bbox 1641 953 1707 1004; x_wconf 90' lang='lat' dir='ltr'>ut</span> <span class='ocrx_word' id='word_1_44' title='bbox 1735 948 1847 1003; x_wconf 89' lang='lat' dir='ltr'>sub</span> 
     </span>
    </p>
   </div>
   <div class='ocr_carea' id='block_1_9' title="bbox 191 1036 1848 1113">
    <p class='ocr_par' dir='ltr' id='par_1_9' title="bbox 191 1036 1848 1113">
     <span class='ocr_line' id='line_1_9' title="bbox 191 1036 1848 1113; baseline 0 -21"><span class='ocrx_word' id='word_1_45' title='bbox 191 1037 635 1094; x_wconf 81' lang='lat' dir='ltr'>confirmatione</span> <span class='ocrx_word' id='word_1_46' title='bbox 652 1040 834 1094; x_wconf 80' lang='lat' dir='ltr'>nostri</span> <span class='ocrx_word' id='word_1_47' title='bbox 853 1039 1138 1113; x_wconf 80' lang='lat' dir='ltr'>privilegii</span> <span class='ocrx_word' id='word_1_48' title='bbox 1151 1036 1848 1110; x_wconf 86' lang='lat' dir='ltr'>corroborarcmus,quod</span> 
     </span>
    </p>
   </div>
   <div class='ocr_carea' id='block_1_10' title="bbox 191 1125 1890 1200">
    <p class='ocr_par' dir='ltr' id='par_1_10' title="bbox 191 1125 1890 1200">
     <span class='ocr_line' id='line_1_10' title="bbox 191 1125 1890 1200; baseline -0.001 -19"><span class='ocrx_word' id='word_1_49' title='bbox 191 1130 250 1182; x_wconf 91' lang='lat' dir='ltr'>ct</span> <span class='ocrx_word' id='word_1_50' title='bbox 270 1125 1224 1197; x_wconf 80' lang='lat' dir='ltr'>fecimus,exeommnnicantes,ut</span> <span class='ocrx_word' id='word_1_51' title='bbox 1253 1129 1454 1186; x_wconf 89' lang='lat' dir='ltr'>nullus</span> <span class='ocrx_word' id='word_1_52' title='bbox 1475 1127 1850 1200; x_wconf 76' lang='lat' dir='ltr'>Augustodu-</span> <span class='ocrx_word' id='word_1_53' title='bbox 1885 1131 1890 1134; x_wconf 86' lang='grc'><em>’</em></span> 
     </span>
    </p>
   </div>
   <div class='ocr_carea' id='block_1_11' title="bbox 189 1214 1847 1290">
    <p class='ocr_par' dir='ltr' id='par_1_11' title="bbox 189 1214 1847 1290">
     <span class='ocr_line' id='line_1_11' title="bbox 189 1214 1847 1290; baseline -0.001 -21"><span class='ocrx_word' id='word_1_54' title='bbox 189 1215 390 1271; x_wconf 86' lang='lat' dir='ltr'>nensis</span> <span class='ocrx_word' id='word_1_55' title='bbox 403 1215 670 1270; x_wconf 67' lang='lat' dir='ltr'>Ecclesia:</span> <span class='ocrx_word' id='word_1_56' title='bbox 683 1216 992 1289; x_wconf 88' lang='lat' dir='ltr'>episcopus</span> <span class='ocrx_word' id='word_1_57' title='bbox 1006 1218 1262 1290; x_wconf 79' lang='lat' dir='ltr'>aliquam</span> <span class='ocrx_word' id='word_1_58' title='bbox 1278 1217 1634 1272; x_wconf 90' lang='lat' dir='ltr'>calumniam</span> <span class='ocrx_word' id='word_1_59' title='bbox 1651 1214 1847 1271; x_wconf 79' lang='lat' dir='ltr'>abbati</span> 
     </span>
    </p>
   </div>
   <div class='ocr_carea' id='block_1_12' title="bbox 189 1303 1846 1377">
    <p class='ocr_par' dir='ltr' id='par_1_12' title="bbox 189 1303 1846 1377">
     <span class='ocr_line' id='line_1_12' title="bbox 189 1303 1846 1377; baseline -0.001 -19"><span class='ocrx_word' id='word_1_60' title='bbox 189 1305 453 1375; x_wconf 90' lang='lat' dir='ltr'>ejusdem</span> <span class='ocrx_word' id='word_1_61' title='bbox 479 1304 585 1359; x_wconf 88' lang='lat' dir='ltr'>loci</span> <span class='ocrx_word' id='word_1_62' title='bbox 611 1305 728 1359; x_wconf 89' lang='lat' dir='ltr'>sive</span> <span class='ocrx_word' id='word_1_63' title='bbox 753 1306 1058 1360; x_wconf 87' lang='lat' dir='ltr'>monachis</span> <span class='ocrx_word' id='word_1_64' title='bbox 1078 1308 1150 1361; x_wconf 87' lang='lat' dir='ltr'>de</span> <span class='ocrx_word' id='word_1_65' title='bbox 1173 1307 1315 1377; x_wconf 80' lang='lat' dir='ltr'>ipsis</span> <span class='ocrx_word' id='word_1_66' title='bbox 1337 1307 1547 1360; x_wconf 85' lang='lat' dir='ltr'>inferat</span> <span class='ocrx_word' id='word_1_67' title='bbox 1563 1303 1846 1370; x_wconf 74' lang='lat' dir='ltr'>ecclesiis,</span> 
     </span>
    </p>
   </div>
   <div class='ocr_carea' id='block_1_13' title="bbox 191 1391 1849 1467">
    <p class='ocr_par' dir='ltr' id='par_1_13' title="bbox 191 1391 1849 1467">
     <span class='ocr_line' id='line_1_13' title="bbox 191 1391 1849 1467; baseline 0 -21"><span class='ocrx_word' id='word_1_68' title='bbox 191 1391 311 1447; x_wconf 83' lang='lat' dir='ltr'>sive</span> <span class='ocrx_word' id='word_1_69' title='bbox 340 1393 410 1446; x_wconf 85' lang='lat' dir='ltr'>de</span> <span class='ocrx_word' id='word_1_70' title='bbox 441 1393 710 1460; x_wconf 82' lang='lat' dir='ltr'>decimis,</span> <span class='ocrx_word' id='word_1_71' title='bbox 733 1399 852 1448; x_wconf 90' lang='lat' dir='ltr'>tam</span> <span class='ocrx_word' id='word_1_72' title='bbox 885 1394 1010 1466; x_wconf 84' lang='lat' dir='ltr'>ipse</span> <span class='ocrx_word' id='word_1_73' title='bbox 1040 1412 1218 1467; x_wconf 89' lang='lat' dir='ltr'>quam</span> <span class='ocrx_word' id='word_1_74' title='bbox 1251 1395 1442 1466; x_wconf 87' lang='lat' dir='ltr'>aliqua</span> <span class='ocrx_word' id='word_1_75' title='bbox 1477 1394 1694 1448; x_wconf 79' lang='lat' dir='ltr'>emissa</span> <span class='ocrx_word' id='word_1_76' title='bbox 1729 1409 1849 1462; x_wconf 85' lang='lat' dir='ltr'>per-</span> 
     </span>
    </p>
   </div>
   <div class='ocr_carea' id='block_1_14' title="bbox 191 1481 1846 1552">
    <p class='ocr_par' dir='ltr' id='par_1_14' title="bbox 191 1481 1846 1552">
     <span class='ocr_line' id='line_1_14' title="bbox 191 1481 1846 1552; baseline 0.001 -18"><span class='ocrx_word' id='word_1_77' title='bbox 191 1499 336 1536; x_wconf 88' lang='lat' dir='ltr'>sona</span> <span class='ocrx_word' id='word_1_78' title='bbox 363 1481 550 1537; x_wconf 82' lang='lat' dir='ltr'>valeat</span> <span class='ocrx_word' id='word_1_79' title='bbox 581 1483 844 1538; x_wconf 80' lang='lat' dir='ltr'>minuere</span> <span class='ocrx_word' id='word_1_80' title='bbox 879 1488 980 1538; x_wconf 88' lang='lat' dir='ltr'>aut</span> <span class='ocrx_word' id='word_1_81' title='bbox 1011 1484 1067 1537; x_wconf 92' lang='lat' dir='ltr'>in</span> <span class='ocrx_word' id='word_1_82' title='bbox 1103 1484 1277 1539; x_wconf 88' lang='lat' dir='ltr'>aliam</span> <span class='ocrx_word' id='word_1_83' title='bbox 1319 1485 1634 1538; x_wconf 75' lang='lat' dir='ltr'>transferre</span> <span class='ocrx_word' id='word_1_84' title='bbox 1681 1498 1846 1552; x_wconf 87' lang='lat' dir='ltr'>paro-</span> 
     </span>
    </p>
   </div>
   <div class='ocr_carea' id='block_1_15' title="bbox 189 1569 1848 1644">
    <p class='ocr_par' dir='ltr' id='par_1_15' title="bbox 189 1569 1848 1644">
     <span class='ocr_line' id='line_1_15' title="bbox 189 1569 1848 1644; baseline 0 -20"><span class='ocrx_word' id='word_1_85' title='bbox 189 1569 406 1626; x_wconf 87' lang='lat' dir='ltr'>chiam.</span> <span class='ocrx_word' id='word_1_86' title='bbox 439 1571 500 1627; x_wconf 93' lang='lat' dir='ltr'>Si</span> <span class='ocrx_word' id='word_1_87' title='bbox 532 1572 666 1644; x_wconf 88' lang='lat' dir='ltr'>quis</span> <span class='ocrx_word' id='word_1_88' title='bbox 697 1588 835 1627; x_wconf 91' lang='lat' dir='ltr'>vero</span> <span class='ocrx_word' id='word_1_89' title='bbox 869 1589 1094 1644; x_wconf 82' lang='lat' dir='ltr'>regum,</span> <span class='ocrx_word' id='word_1_90' title='bbox 1115 1573 1547 1644; x_wconf 87' lang='lat' dir='ltr'>episcoporum,</span> <span class='ocrx_word' id='word_1_91' title='bbox 1574 1571 1848 1626; x_wconf 87' lang='lat' dir='ltr'>sacerdo-</span> 
     </span>
    </p>
   </div>
   <div class='ocr_carea' id='block_1_16' title="bbox 187 1659 1846 1732">
    <p class='ocr_par' dir='ltr' id='par_1_16' title="bbox 187 1659 1846 1732">
     <span class='ocr_line' id='line_1_16' title="bbox 187 1659 1846 1732; baseline -0.001 -18"><span class='ocrx_word' id='word_1_92' title='bbox 187 1662 339 1727; x_wconf 85' lang='lat' dir='ltr'>tum,</span> <span class='ocrx_word' id='word_1_93' title='bbox 368 1660 670 1728; x_wconf 79' lang='lat' dir='ltr'>abbatum,</span> <span class='ocrx_word' id='word_1_94' title='bbox 691 1661 987 1732; x_wconf 89' lang='lat' dir='ltr'>judicum,</span> <span class='ocrx_word' id='word_1_95' title='bbox 1019 1661 1324 1728; x_wconf 87' lang='lat' dir='ltr'>comitum,</span> <span class='ocrx_word' id='word_1_96' title='bbox 1345 1665 1447 1716; x_wconf 89' lang='lat' dir='ltr'>aut</span> <span class='ocrx_word' id='word_1_97' title='bbox 1475 1659 1846 1716; x_wconf 66' lang='lat' dir='ltr'>saecularium</span> 
     </span>
    </p>
   </div>
   <div class='ocr_carea' id='block_1_17' title="bbox 187 1747 1846 1820">
    <p class='ocr_par' dir='ltr' id='par_1_17' title="bbox 187 1747 1846 1820">
     <span class='ocr_line' id='line_1_17' title="bbox 187 1747 1846 1820; baseline -0.002 -16"><span class='ocrx_word' id='word_1_98' title='bbox 187 1763 596 1818; x_wconf 82' lang='lat' dir='ltr'>personarum,</span> <span class='ocrx_word' id='word_1_99' title='bbox 617 1753 821 1804; x_wconf 88' lang='lat' dir='ltr'>contra</span> <span class='ocrx_word' id='word_1_100' title='bbox 850 1749 1001 1804; x_wconf 87' lang='lat' dir='ltr'>hanc</span> <span class='ocrx_word' id='word_1_101' title='bbox 1034 1753 1244 1806; x_wconf 64' lang='lat' dir='ltr'>nostra:</span> <span class='ocrx_word' id='word_1_102' title='bbox 1274 1749 1661 1804; x_wconf 84' lang='lat' dir='ltr'>institutionis</span> <span class='ocrx_word' id='word_1_103' title='bbox 1684 1747 1846 1820; x_wconf 87' lang='lat' dir='ltr'>pagi-</span> 
     </span>
    </p>
   </div>
   <div class='ocr_carea' id='block_1_18' title="bbox 185 1835 1848 1910">
    <p class='ocr_par' dir='ltr' id='par_1_18' title="bbox 185 1835 1848 1910">
     <span class='ocr_line' id='line_1_18' title="bbox 185 1835 1848 1910; baseline -0.001 -19"><span class='ocrx_word' id='word_1_104' title='bbox 185 1852 328 1892; x_wconf 89' lang='lat' dir='ltr'>nam</span> <span class='ocrx_word' id='word_1_105' title='bbox 357 1837 557 1892; x_wconf 89' lang='lat' dir='ltr'>venire</span> <span class='ocrx_word' id='word_1_106' title='bbox 585 1837 914 1904; x_wconf 87' lang='lat' dir='ltr'>tentaverit,</span> <span class='ocrx_word' id='word_1_107' title='bbox 931 1853 1247 1909; x_wconf 89' lang='lat' dir='ltr'>percussus</span> <span class='ocrx_word' id='word_1_108' title='bbox 1269 1835 1586 1910; x_wconf 89' lang='lat' dir='ltr'>apostolico</span> <span class='ocrx_word' id='word_1_109' title='bbox 1613 1835 1848 1892; x_wconf 86' lang='lat' dir='ltr'>anathe-</span> 
     </span>
    </p>
   </div>
   <div class='ocr_carea' id='block_1_19' title="bbox 184 1925 1844 1998">
    <p class='ocr_par' dir='ltr' id='par_1_19' title="bbox 184 1925 1844 1998">
     <span class='ocr_line' id='line_1_19' title="bbox 184 1925 1844 1998; baseline 0 -18"><span class='ocrx_word' id='word_1_110' title='bbox 184 1929 366 1994; x_wconf 89' lang='lat' dir='ltr'>mate,</span> <span class='ocrx_word' id='word_1_111' title='bbox 409 1925 714 1997; x_wconf 82' lang='lat' dir='ltr'>potestatis</span> <span class='ocrx_word' id='word_1_112' title='bbox 774 1926 1082 1982; x_wconf 87' lang='lat' dir='ltr'>honorisve</span> <span class='ocrx_word' id='word_1_113' title='bbox 1135 1927 1236 1998; x_wconf 90' lang='lat' dir='ltr'>qui</span> <span class='ocrx_word' id='word_1_114' title='bbox 1293 1926 1576 1997; x_wconf 83' lang='lat' dir='ltr'>dignitate</span> <span class='ocrx_word' id='word_1_115' title='bbox 1631 1930 1844 1992; x_wconf 91' lang='lat' dir='ltr'>careat,</span> 
     </span>
    </p>
   </div>
   <div class='ocr_carea' id='block_1_20' title="bbox 185 2013 1843 2087">
    <p class='ocr_par' dir='ltr' id='par_1_20' title="bbox 185 2013 1843 2087">
     <span class='ocr_line' id='line_1_20' title="bbox 185 2013 1843 2087; baseline 0.001 -21"><span class='ocrx_word' id='word_1_116' title='bbox 185 2029 472 2084; x_wconf 88' lang='lat' dir='ltr'>reumque</span> <span class='ocrx_word' id='word_1_117' title='bbox 501 2031 564 2069; x_wconf 91' lang='lat' dir='ltr'>se</span> <span class='ocrx_word' id='word_1_118' title='bbox 593 2030 790 2070; x_wconf 89' lang='lat' dir='ltr'>coram</span> <span class='ocrx_word' id='word_1_119' title='bbox 822 2013 1018 2070; x_wconf 90' lang='lat' dir='ltr'>divino</span> <span class='ocrx_word' id='word_1_120' title='bbox 1043 2015 1267 2085; x_wconf 90' lang='lat' dir='ltr'>judicio</span> <span class='ocrx_word' id='word_1_121' title='bbox 1299 2018 1630 2087; x_wconf 85' lang='lat' dir='ltr'>cognoscat,</span> <span class='ocrx_word' id='word_1_122' title='bbox 1651 2019 1708 2068; x_wconf 88' lang='lat' dir='ltr'>et</span> <span class='ocrx_word' id='word_1_123' title='bbox 1729 2015 1843 2068; x_wconf 87' lang='lat' dir='ltr'>nisi</span> 
     </span>
    </p>
   </div>
   <div class='ocr_carea' id='block_1_21' title="bbox 183 2101 1845 2173">
    <p class='ocr_par' dir='ltr' id='par_1_21' title="bbox 183 2101 1845 2173">
     <span class='ocr_line' id='line_1_21' title="bbox 183 2101 1845 2173; baseline 0 -17"><span class='ocrx_word' id='word_1_124' title='bbox 183 2117 253 2157; x_wconf 86' lang='lat' dir='ltr'>ea</span> <span class='ocrx_word' id='word_1_125' title='bbox 283 2117 411 2172; x_wconf 71' lang='lat' dir='ltr'>qua:</span> <span class='ocrx_word' id='word_1_126' title='bbox 443 2119 478 2158; x_wconf 91' lang='lat' dir='ltr'>a</span> <span class='ocrx_word' id='word_1_127' title='bbox 507 2118 568 2158; x_wconf 89' lang='lat' dir='ltr'>se</span> <span class='ocrx_word' id='word_1_128' title='bbox 599 2102 752 2158; x_wconf 90' lang='lat' dir='ltr'>male</span> <span class='ocrx_word' id='word_1_129' title='bbox 783 2107 912 2158; x_wconf 89' lang='lat' dir='ltr'>acta</span> <span class='ocrx_word' id='word_1_130' title='bbox 943 2107 1080 2158; x_wconf 88' lang='lat' dir='ltr'>sunt</span> <span class='ocrx_word' id='word_1_131' title='bbox 1111 2101 1406 2173; x_wconf 87' lang='lat' dir='ltr'>deleverit,</span> <span class='ocrx_word' id='word_1_132' title='bbox 1441 2121 1474 2157; x_wconf 77' lang='grc' dir='ltr'>τι</span> <span class='ocrx_word' id='word_1_133' title='bbox 1513 2101 1845 2158; x_wconf 87' lang='lat' dir='ltr'>sacratissi-</span> 
     </span>
    </p>
   </div>
   <div class='ocr_carea' id='block_1_22' title="bbox 183 2191 1842 2262">
    <p class='ocr_par' dir='ltr' id='par_1_22' title="bbox 183 2191 1842 2262">
     <span class='ocr_line' id='line_1_22' title="bbox 183 2191 1842 2262; baseline 0 -17"><span class='ocrx_word' id='word_1_134' title='bbox 183 2206 283 2246; x_wconf 92' lang='lat' dir='ltr'>mo</span> <span class='ocrx_word' id='word_1_135' title='bbox 314 2207 554 2262; x_wconf 87' lang='lat' dir='ltr'>corpore</span> <span class='ocrx_word' id='word_1_136' title='bbox 576 2191 806 2247; x_wconf 89' lang='lat' dir='ltr'>Domini</span> <span class='ocrx_word' id='word_1_137' title='bbox 841 2193 1024 2248; x_wconf 86' lang='lat' dir='ltr'>nostri</span> <span class='ocrx_word' id='word_1_138' title='bbox 1061 2193 1199 2248; x_wconf 84' lang='lat' dir='ltr'>Jesu</span> <span class='ocrx_word' id='word_1_139' title='bbox 1223 2191 1436 2246; x_wconf 87' lang='lat' dir='ltr'>Christi</span> <span class='ocrx_word' id='word_1_140' title='bbox 1460 2191 1684 2247; x_wconf 90' lang='lat' dir='ltr'>alienus</span> <span class='ocrx_word' id='word_1_141' title='bbox 1723 2193 1842 2258; x_wconf 80' lang='lat' dir='ltr'>ﬁat,</span> 
     </span>
    </p>
   </div>
   <div class='ocr_carea' id='block_1_23' title="bbox 182 2279 1841 2351">
    <p class='ocr_par' dir='ltr' id='par_1_23' title="bbox 182 2279 1841 2351">
     <span class='ocr_line' id='line_1_23' title="bbox 182 2279 1841 2351; baseline 0.001 -18"><span class='ocrx_word' id='word_1_142' title='bbox 182 2283 361 2351; x_wconf 89' lang='lat' dir='ltr'>atque</span> <span class='ocrx_word' id='word_1_143' title='bbox 393 2284 608 2335; x_wconf 58' lang='lat' dir='ltr'>aeterno</span> <span class='ocrx_word' id='word_1_144' title='bbox 639 2281 892 2336; x_wconf 87' lang='lat' dir='ltr'>examini</span> <span class='ocrx_word' id='word_1_145' title='bbox 925 2281 1200 2336; x_wconf 57' lang='lat' dir='ltr'>districtos</span> <span class='ocrx_word' id='word_1_146' title='bbox 1235 2279 1474 2335; x_wconf 89' lang='lat' dir='ltr'>ultionis</span> <span class='ocrx_word' id='word_1_147' title='bbox 1519 2281 1841 2350; x_wconf 88' lang='lat' dir='ltr'>subjaceat.</span> 
     </span>
    </p>
   </div>
   <div class='ocr_carea' id='block_1_24' title="bbox 181 2368 1844 2440">
    <p class='ocr_par' dir='ltr' id='par_1_24' title="bbox 181 2368 1844 2440">
     <span class='ocr_line' id='line_1_24' title="bbox 181 2368 1844 2440; baseline 0.001 -18"><span class='ocrx_word' id='word_1_148' title='bbox 181 2368 428 2424; x_wconf 85' lang='lat' dir='ltr'>Cunctis</span> <span class='ocrx_word' id='word_1_149' title='bbox 459 2374 658 2424; x_wconf 88' lang='lat' dir='ltr'>autem</span> <span class='ocrx_word' id='word_1_150' title='bbox 689 2370 878 2425; x_wconf 86' lang='lat' dir='ltr'>cidem</span> <span class='ocrx_word' id='word_1_151' title='bbox 903 2368 1028 2424; x_wconf 91' lang='lat' dir='ltr'>loco</span> <span class='ocrx_word' id='word_1_152' title='bbox 1049 2370 1223 2440; x_wconf 83' lang='lat' dir='ltr'>juxta</span> <span class='ocrx_word' id='word_1_153' title='bbox 1246 2369 1616 2425; x_wconf 75' lang='lat' dir='ltr'>servantibus</span> <span class='ocrx_word' id='word_1_154' title='bbox 1640 2368 1714 2423; x_wconf 87' lang='lat' dir='ltr'>sit</span> <span class='ocrx_word' id='word_1_155' title='bbox 1736 2387 1844 2440; x_wconf 85' lang='lat' dir='ltr'>pax</span> 
     </span>
    </p>
   </div>
   <div class='ocr_carea' id='block_1_25' title="bbox 181 2456 1844 2528">
    <p class='ocr_par' dir='ltr' id='par_1_25' title="bbox 181 2456 1844 2528">
     <span class='ocr_line' id='line_1_25' title="bbox 181 2456 1844 2528; baseline 0 -18"><span class='ocrx_word' id='word_1_156' title='bbox 181 2456 416 2512; x_wconf 90' lang='lat' dir='ltr'>Domini</span> <span class='ocrx_word' id='word_1_157' title='bbox 452 2459 634 2512; x_wconf 90' lang='lat' dir='ltr'>nostri</span> <span class='ocrx_word' id='word_1_158' title='bbox 667 2459 807 2513; x_wconf 88' lang='lat' dir='ltr'>Jesu</span> <span class='ocrx_word' id='word_1_159' title='bbox 831 2457 1066 2524; x_wconf 81' lang='lat' dir='ltr'>Christi,</span> <span class='ocrx_word' id='word_1_160' title='bbox 1085 2461 1377 2528; x_wconf 88' lang='lat' dir='ltr'>quatenus</span> <span class='ocrx_word' id='word_1_161' title='bbox 1396 2463 1451 2512; x_wconf 89' lang='lat' dir='ltr'>et</span> <span class='ocrx_word' id='word_1_162' title='bbox 1473 2457 1566 2511; x_wconf 91' lang='lat' dir='ltr'>hic</span> <span class='ocrx_word' id='word_1_163' title='bbox 1589 2457 1844 2512; x_wconf 85' lang='lat' dir='ltr'>fructum</span> 
     </span>
    </p>
   </div>
   <div class='ocr_carea' id='block_1_26' title="bbox 183 2545 1842 2618">
    <p class='ocr_par' dir='ltr' id='par_1_26' title="bbox 183 2545 1842 2618">
     <span class='ocr_line' id='line_1_26' title="bbox 183 2545 1842 2618; baseline 0 -19"><span class='ocrx_word' id='word_1_164' title='bbox 183 2545 352 2600; x_wconf 68' lang='lat' dir='ltr'>bona:</span> <span class='ocrx_word' id='word_1_165' title='bbox 383 2546 630 2602; x_wconf 88' lang='lat' dir='ltr'>actionis</span> <span class='ocrx_word' id='word_1_166' title='bbox 653 2546 954 2618; x_wconf 87' lang='lat' dir='ltr'>recipiant,</span> <span class='ocrx_word' id='word_1_167' title='bbox 972 2550 1029 2601; x_wconf 91' lang='lat' dir='ltr'>et</span> <span class='ocrx_word' id='word_1_168' title='bbox 1045 2546 1198 2617; x_wconf 88' lang='lat' dir='ltr'>apud</span> <span class='ocrx_word' id='word_1_169' title='bbox 1221 2545 1551 2601; x_wconf 87' lang='lat' dir='ltr'>districtum</span> <span class='ocrx_word' id='word_1_170' title='bbox 1575 2546 1842 2602; x_wconf 88' lang='lat' dir='ltr'>Judicem</span> 
     </span>
    </p>
   </div>
   <div class='ocr_carea' id='block_1_27' title="bbox 182 2633 1226 2706">
    <p class='ocr_par' dir='ltr' id='par_1_27' title="bbox 182 2633 1226 2706">
     <span class='ocr_line' id='line_1_27' title="bbox 182 2633 1226 2706; baseline 0 -18"><span class='ocrx_word' id='word_1_171' title='bbox 182 2635 426 2705; x_wconf 73' lang='lat' dir='ltr'>prazmia</span> <span class='ocrx_word' id='word_1_172' title='bbox 457 2640 686 2690; x_wconf 61' lang='lat' dir='ltr'>(eterna:</span> <span class='ocrx_word' id='word_1_173' title='bbox 719 2635 881 2706; x_wconf 87' lang='lat' dir='ltr'>pacis</span> <span class='ocrx_word' id='word_1_174' title='bbox 909 2633 1226 2690; x_wconf 84' lang='lat' dir='ltr'>inveniant.</span> 
     </span>
    </p>
   </div>
   <div class='ocr_carea' id='block_1_28' title="bbox 255 2723 1845 2796">
    <p class='ocr_par' dir='ltr' id='par_1_28' title="bbox 255 2723 1845 2796">
     <span class='ocr_line' id='line_1_28' title="bbox 255 2723 1845 2796; baseline 0 -18"><span class='ocrx_word' id='word_1_175' title='bbox 255 2723 556 2794; x_wconf 87' lang='lat' dir='ltr'>Scriptum</span> <span class='ocrx_word' id='word_1_176' title='bbox 590 2741 693 2796; x_wconf 90' lang='lat' dir='ltr'>per</span> <span class='ocrx_word' id='word_1_177' title='bbox 715 2739 957 2779; x_wconf 86' lang='lat' dir='ltr'>manum</span> <span class='ocrx_word' id='word_1_178' title='bbox 983 2723 1262 2779; x_wconf 86' lang='lat' dir='ltr'>Bonifacii</span> <span class='ocrx_word' id='word_1_179' title='bbox 1297 2725 1511 2778; x_wconf 88' lang='lat' dir='ltr'>notarii</span> <span class='ocrx_word' id='word_1_180' title='bbox 1536 2723 1845 2796; x_wconf 83' lang='lat' dir='ltr'>regionarii</span> 
     </span>
    </p>
   </div>
   <div class='ocr_carea' id='block_1_29' title="bbox 179 2811 1844 2884">
    <p class='ocr_par' dir='ltr' id='par_1_29' title="bbox 179 2811 1844 2884">
     <span class='ocr_line' id='line_1_29' title="bbox 179 2811 1844 2884; baseline 0.001 -18"><span class='ocrx_word' id='word_1_181' title='bbox 179 2815 363 2884; x_wconf 89' lang='lat' dir='ltr'>atque</span> <span class='ocrx_word' id='word_1_182' title='bbox 395 2813 682 2868; x_wconf 89' lang='lat' dir='ltr'>scriniarii</span> <span class='ocrx_word' id='word_1_183' title='bbox 716 2818 932 2869; x_wconf 66' lang='lat' dir='ltr'>sanctae</span> <span class='ocrx_word' id='word_1_184' title='bbox 963 2813 1236 2868; x_wconf 67' lang='lat' dir='ltr'>Romana:</span> <span class='ocrx_word' id='word_1_185' title='bbox 1260 2811 1548 2867; x_wconf 66' lang='lat' dir='ltr'>Ecclesia}.</span> <span class='ocrx_word' id='word_1_186' title='bbox 1569 2813 1779 2868; x_wconf 90' lang='lat' dir='ltr'>Datum</span> <span class='ocrx_word' id='word_1_187' title='bbox 1803 2829 1844 2868; x_wconf 85' lang='lat' dir='ltr'>n</span> 
     </span>
    </p>
   </div>
   <div class='ocr_carea' id='block_1_30' title="bbox 185 2901 1842 2972">
    <p class='ocr_par' dir='ltr' id='par_1_30' title="bbox 185 2901 1842 2972">
     <span class='ocr_line' id='line_1_30' title="bbox 185 2901 1842 2972; baseline -0.001 -16"><span class='ocrx_word' id='word_1_188' title='bbox 185 2901 349 2968; x_wconf 92' lang='lat' dir='ltr'>Idus,</span> <span class='ocrx_word' id='word_1_189' title='bbox 385 2917 586 2958; x_wconf 88' lang='lat' dir='ltr'>mense</span> <span class='ocrx_word' id='word_1_190' title='bbox 614 2902 978 2967; x_wconf 90' lang='lat' dir='ltr'>Deeembrio,</span> <span class='ocrx_word' id='word_1_191' title='bbox 1012 2918 1114 2972; x_wconf 87' lang='lat' dir='ltr'>per</span> <span class='ocrx_word' id='word_1_192' title='bbox 1144 2916 1386 2956; x_wconf 89' lang='lat' dir='ltr'>manum</span> <span class='ocrx_word' id='word_1_193' title='bbox 1417 2901 1662 2956; x_wconf 89' lang='lat' dir='ltr'>Joannis</span> <span class='ocrx_word' id='word_1_194' title='bbox 1691 2901 1842 2972; x_wconf 87' lang='lat' dir='ltr'>epis-</span> 
     </span>
    </p>
   </div>
   <div class='ocr_carea' id='block_1_31' title="bbox 177 2989 1841 3064">
    <p class='ocr_par' dir='ltr' id='par_1_31' title="bbox 177 2989 1841 3064">
     <span class='ocr_line' id='line_1_31' title="bbox 177 2989 1841 3064; baseline 0.001 -20"><span class='ocrx_word' id='word_1_195' title='bbox 177 2991 334 3062; x_wconf 89' lang='lat' dir='ltr'>copi,</span> <span class='ocrx_word' id='word_1_196' title='bbox 369 2990 486 3046; x_wconf 89' lang='lat' dir='ltr'>Deo</span> <span class='ocrx_word' id='word_1_197' title='bbox 515 2991 790 3064; x_wconf 75' lang='lat' dir='ltr'>propitio,</span> <span class='ocrx_word' id='word_1_198' title='bbox 812 2989 1137 3062; x_wconf 88' lang='lat' dir='ltr'>imperante</span> <span class='ocrx_word' id='word_1_199' title='bbox 1168 2991 1384 3045; x_wconf 89' lang='lat' dir='ltr'>domno</span> <span class='ocrx_word' id='word_1_200' title='bbox 1425 2990 1691 3061; x_wconf 84' lang='lat' dir='ltr'>piissimo</span> <span class='ocrx_word' id='word_1_201' title='bbox 1721 2994 1841 3045; x_wconf 79' lang='lat' dir='ltr'>Au-</span> 
     </span>
    </p>
   </div>
   <div class='ocr_carea' id='block_1_32' title="bbox 174 3079 1842 3151">
    <p class='ocr_par' dir='ltr' id='par_1_32' title="bbox 174 3079 1842 3151">
     <span class='ocr_line' id='line_1_32' title="bbox 174 3079 1842 3151; baseline -0.001 -17"><span class='ocrx_word' id='word_1_202' title='bbox 174 3084 354 3150; x_wconf 89' lang='lat' dir='ltr'>gusto</span> <span class='ocrx_word' id='word_1_203' title='bbox 404 3079 611 3134; x_wconf 89' lang='lat' dir='ltr'>Ottone</span> <span class='ocrx_word' id='word_1_204' title='bbox 651 3097 686 3134; x_wconf 89' lang='lat' dir='ltr'>a</span> <span class='ocrx_word' id='word_1_205' title='bbox 733 3080 849 3136; x_wconf 88' lang='lat' dir='ltr'>Deo</span> <span class='ocrx_word' id='word_1_206' title='bbox 895 3084 1172 3136; x_wconf 90' lang='lat' dir='ltr'>coronato</span> <span class='ocrx_word' id='word_1_207' title='bbox 1231 3095 1446 3151; x_wconf 85' lang='lat' dir='ltr'>magno</span> <span class='ocrx_word' id='word_1_208' title='bbox 1493 3079 1842 3151; x_wconf 86' lang='lat' dir='ltr'>imperatore</span> 
     </span>
    </p>
   </div>
   <div class='ocr_carea' id='block_1_33' title="bbox 173 3167 1730 3237">
    <p class='ocr_par' dir='ltr' id='par_1_33' title="bbox 173 3167 1730 3237">
     <span class='ocr_line' id='line_1_33' title="bbox 173 3167 1730 3237; baseline 0 -15"><span class='ocrx_word' id='word_1_209' title='bbox 173 3184 332 3223; x_wconf 89' lang='lat' dir='ltr'>anno</span> <span class='ocrx_word' id='word_1_210' title='bbox 366 3185 490 3237; x_wconf 81' lang='lat' dir='ltr'><strong>VIII,</strong></span> <span class='ocrx_word' id='word_1_211' title='bbox 521 3167 578 3222; x_wconf 92' lang='lat' dir='ltr'>in</span> <span class='ocrx_word' id='word_1_212' title='bbox 610 3186 812 3224; x_wconf 89' lang='lat' dir='ltr'>mense</span> <span class='ocrx_word' id='word_1_213' title='bbox 844 3167 1184 3225; x_wconf 87' lang='lat' dir='ltr'>Decembrio</span> <span class='ocrx_word' id='word_1_214' title='bbox 1215 3172 1272 3222; x_wconf 88' lang='lat' dir='ltr'>et</span> <span class='ocrx_word' id='word_1_215' title='bbox 1303 3167 1624 3224; x_wconf 87' lang='lat' dir='ltr'>indictione</span> <span class='ocrx_word' id='word_1_216' title='bbox 1655 3185 1730 3223; x_wconf 86' lang='lat' dir='ltr'>IV.</span> 
     </span>
    </p>
   </div>
   <div class='ocr_carea' id='block_1_34' title="bbox 951 3274 1073 3330">
    <p class='ocr_par' dir='ltr' id='par_1_34' title="bbox 951 3274 1073 3330">
     <span class='ocr_line' id='line_1_34' title="bbox 951 3274 1073 3330; baseline 0 -2"><span class='ocrx_word' id='word_1_217' title='bbox 951 3274 1073 3330; x_wconf 89' lang='lat' dir='ltr'>VII.</span> 
     </span>
    </p>
   </div>
   <div class='ocr_carea' id='block_1_35' title="bbox 175 3334 1914 3420">
    <p class='ocr_par' dir='ltr' id='par_1_35' title="bbox 175 3334 1914 3420">
     <span class='ocr_line' id='line_1_35' title="bbox 175 3334 1914 3420; baseline 0.001 -2"><span class='ocrx_word' id='word_1_218' title='bbox 175 3380 477 3420; x_wconf 79' lang='lat' dir='ltr'>DENEDIC’I‘I</span> <span class='ocrx_word' id='word_1_219' title='bbox 507 3379 586 3420; x_wconf 83' lang='lat' dir='ltr'>VII</span> <span class='ocrx_word' id='word_1_220' title='bbox 617 3381 780 3420; x_wconf 62' lang='lat' dir='ltr'>PAPIE</span> <span class='ocrx_word' id='word_1_221' title='bbox 805 3381 988 3420; x_wconf 84' lang='lat' dir='ltr'>BULLA</span> <span class='ocrx_word' id='word_1_222' title='bbox 1017 3381 1128 3420; x_wconf 82' lang='lat' dir='ltr'>PRO</span> <span class='ocrx_word' id='word_1_223' title='bbox 1159 3381 1422 3420; x_wconf 75' lang='lat' dir='ltr'>ECCLESIA</span> <span class='ocrx_word' id='word_1_224' title='bbox 1449 3381 1529 3420; x_wconf 85' lang='lat' dir='ltr'>SS.</span> <span class='ocrx_word' id='word_1_225' title='bbox 1551 3381 1835 3420; x_wconf 65' lang='lat' dir='ltr'>APOLLINII</span> <span class='ocrx_word' id='word_1_226' title='bbox 1871 3334 1914 3400; x_wconf 83' lang='lat' dir='ltr'>C</span> 
     </span>
    </p>
   </div>
   <div class='ocr_carea' id='block_1_36' title="bbox 639 3469 1376 3510">
    <p class='ocr_par' dir='ltr' id='par_1_36' title="bbox 639 3469 1376 3510">
     <span class='ocr_line' id='line_1_36' title="bbox 639 3469 1376 3510; baseline -0.001 -1"><span class='ocrx_word' id='word_1_227' title='bbox 639 3471 706 3509; x_wconf 78' lang='lat' dir='ltr'>ET</span> <span class='ocrx_word' id='word_1_228' title='bbox 737 3469 989 3510; x_wconf 75' lang='lat' dir='ltr'>URSICINI</span> <span class='ocrx_word' id='word_1_229' title='bbox 1029 3469 1376 3510; x_wconf 72' lang='lat' dir='ltr'>CANOSSANA.</span> 
     </span>
    </p>
   </div>
   <div class='ocr_carea' id='block_1_37' title="bbox 827 3559 1194 3632">
    <p class='ocr_par' dir='ltr' id='par_1_37' title="bbox 827 3559 1194 3632">
     <span class='ocr_line' id='line_1_37' title="bbox 827 3559 1194 3632; baseline -0.005 -16"><span class='ocrx_word' id='word_1_230' title='bbox 827 3560 1012 3632; x_wconf 85' lang='lat' dir='ltr'>(Anno</span> <span class='ocrx_word' id='word_1_231' title='bbox 1043 3559 1194 3632; x_wconf 85' lang='lat'>975.)</span> 
     </span>
    </p>
   </div>
   <div class='ocr_carea' id='block_1_38' title="bbox 170 3665 1836 3738">
    <p class='ocr_par' dir='ltr' id='par_1_38' title="bbox 170 3665 1836 3738">
     <span class='ocr_line' id='line_1_38' title="bbox 170 3665 1836 3738; baseline 0.001 -16"><span class='ocrx_word' id='word_1_232' title='bbox 170 3665 572 3723; x_wconf 77' lang='lat' dir='ltr'>Fundationem</span> <span class='ocrx_word' id='word_1_233' title='bbox 599 3667 838 3725; x_wconf 63' lang='lat' dir='ltr'>ecclesiis</span> <span class='ocrx_word' id='word_1_234' title='bbox 865 3669 1041 3723; x_wconf 86' lang='lat' dir='ltr'>sancti</span> <span class='ocrx_word' id='word_1_235' title='bbox 1059 3667 1338 3738; x_wconf 74' lang='lat' dir='ltr'>Apollonii</span> <span class='ocrx_word' id='word_1_236' title='bbox 1367 3677 1418 3724; x_wconf 85' lang='lat' dir='ltr'>et</span> <span class='ocrx_word' id='word_1_237' title='bbox 1439 3669 1836 3724; x_wconf 69' lang='lat' dir='ltr'>institutionem</span> 
     </span>
    </p>
   </div>
   <div class='ocr_carea' id='block_1_39' title="bbox 237 3755 1835 3824">
    <p class='ocr_par' dir='ltr' id='par_1_39' title="bbox 237 3755 1835 3824">
     <span class='ocr_line' id='line_1_39' title="bbox 237 3755 1835 3824; baseline 0.001 -14"><span class='ocrx_word' id='word_1_238' title='bbox 237 3755 532 3812; x_wconf 81' lang='lat' dir='ltr'>duodecim</span> <span class='ocrx_word' id='word_1_239' title='bbox 579 3757 989 3824; x_wconf 83' lang='lat' dir='ltr'>canonicorum,</span> <span class='ocrx_word' id='word_1_240' title='bbox 1040 3755 1122 3810; x_wconf 88' lang='lat' dir='ltr'>ibi</span> <span class='ocrx_word' id='word_1_241' title='bbox 1173 3757 1377 3824; x_wconf 82' lang='lat' dir='ltr'>factum</span> <span class='ocrx_word' id='word_1_242' title='bbox 1431 3755 1499 3810; x_wconf 88' lang='lat' dir='ltr'>ab</span> <span class='ocrx_word' id='word_1_243' title='bbox 1557 3755 1835 3812; x_wconf 79' lang='lat' dir='ltr'>Adelberto</span> 
     </span>
    </p>
   </div>
   <div class='ocr_carea' id='block_1_40' title="bbox 233 3844 1834 3922">
    <p class='ocr_par' dir='ltr' id='par_1_40' title="bbox 233 3844 1834 3922">
     <span class='ocr_line' id='line_1_40' title="bbox 233 3844 1834 3922; baseline 0 -22"><span class='ocrx_word' id='word_1_244' title='bbox 233 3845 437 3900; x_wconf 81' lang='lat' dir='ltr'>comite</span> <span class='ocrx_word' id='word_1_245' title='bbox 469 3846 529 3901; x_wconf 88' lang='lat' dir='ltr'>in</span> <span class='ocrx_word' id='word_1_246' title='bbox 560 3845 778 3900; x_wconf 86' lang='lat' dir='ltr'>castello</span> <span class='ocrx_word' id='word_1_247' title='bbox 810 3845 1087 3922; x_wconf 82' lang='lat' dir='ltr'>Canusina</span> <span class='ocrx_word' id='word_1_248' title='bbox 1117 3845 1401 3914; x_wconf 80' lang='lat' dir='ltr'>conﬁrmat</span> <span class='ocrx_word' id='word_1_249' title='bbox 1419 3844 1490 3900; x_wconf 83' lang='lat' dir='ltr'>ad</span> <span class='ocrx_word' id='word_1_250' title='bbox 1519 3846 1834 3916; x_wconf 70' lang='lat' dir='ltr'>petitione»:</span> 
     </span>
    </p>
   </div>
   <div class='ocr_carea' id='block_1_41' title="bbox 239 3931 1082 4006">
    <p class='ocr_par' dir='ltr' id='par_1_41' title="bbox 239 3931 1082 4006">
     <span class='ocr_line' id='line_1_41' title="bbox 239 3931 1082 4006; baseline -0.001 -17"><span class='ocrx_word' id='word_1_251' title='bbox 239 3931 514 3990; x_wconf 83' lang='lat' dir='ltr'>Te-udaldi</span> <span class='ocrx_word' id='word_1_252' title='bbox 541 3936 777 4002; x_wconf 82' lang='lat' dir='ltr'>comitis,</span> <span class='ocrx_word' id='word_1_253' title='bbox 808 3935 924 4006; x_wconf 86' lang='lat' dir='ltr'>ejus</span> <span class='ocrx_word' id='word_1_254' title='bbox 953 3934 1082 4004; x_wconf 83' lang='lat' dir='ltr'>ﬁlii.</span> 
     </span>
    </p>
   </div>
   <div class='ocr_carea' id='block_1_42' title="bbox 509 4021 1492 4094">
    <p class='ocr_par' dir='ltr' id='par_1_42' title="bbox 509 4021 1492 4094">
     <span class='ocr_line' id='line_1_42' title="bbox 509 4021 1492 4094; baseline -0.002 -16"><span class='ocrx_word' id='word_1_255' title='bbox 509 4022 840 4092; x_wconf 90' lang='lat' dir='ltr'>(Murator.,</span> <span class='ocrx_word' id='word_1_256' title='bbox 873 4023 1054 4094; x_wconf 63' lang='lat' dir='ltr'>Antii].</span> <span class='ocrx_word' id='word_1_257' title='bbox 1088 4023 1208 4077; x_wconf 86' lang='lat' dir='ltr'>Ital.</span> <span class='ocrx_word' id='word_1_258' title='bbox 1241 4021 1312 4090; x_wconf 83' lang='lat' dir='ltr'>V,</span> <span class='ocrx_word' id='word_1_259' title='bbox 1342 4023 1492 4088; x_wconf 82' lang='lat'>207.)</span> 
     </span>
    </p>
   </div>
   <div class='ocr_carea' id='block_1_43' title="bbox 237 4129 1686 4202">
    <p class='ocr_par' dir='ltr' id='par_1_43' title="bbox 237 4129 1686 4202">
     <span class='ocr_line' id='line_1_43' title="bbox 237 4129 1686 4202; baseline -0.002 -18"><span class='ocrx_word' id='word_1_260' title='bbox 237 4130 602 4185; x_wconf 70' lang='lat' dir='ltr'>Besamc&#39;rus</span> <span class='ocrx_word' id='word_1_261' title='bbox 634 4129 966 4202; x_wconf 90' lang='lat' dir='ltr'>episcopus,</span> <span class='ocrx_word' id='word_1_262' title='bbox 1002 4145 1205 4184; x_wconf 84' lang='lat' dir='ltr'>servus</span> <span class='ocrx_word' id='word_1_263' title='bbox 1229 4144 1532 4184; x_wconf 87' lang='lat' dir='ltr'>servorum</span> <span class='ocrx_word' id='word_1_264' title='bbox 1566 4129 1686 4184; x_wconf 89' lang='lat' dir='ltr'>Dei.</span> 
     </span>
    </p>
   </div>
   <div class='ocr_carea' id='block_1_44' title="bbox 235 4216 1834 4289">
    <p class='ocr_par' dir='ltr' id='par_1_44' title="bbox 235 4216 1834 4289">
     <span class='ocr_line' id='line_1_44' title="bbox 235 4216 1834 4289; baseline -0.001 -15"><span class='ocrx_word' id='word_1_265' title='bbox 235 4218 535 4275; x_wconf 88' lang='lat' dir='ltr'>Omnibus</span> <span class='ocrx_word' id='word_1_266' title='bbox 551 4222 767 4274; x_wconf 69' lang='lat' dir='ltr'>sanctae</span> <span class='ocrx_word' id='word_1_267' title='bbox 790 4218 888 4272; x_wconf 91' lang='lat' dir='ltr'>Dei</span> <span class='ocrx_word' id='word_1_268' title='bbox 909 4216 1178 4272; x_wconf 72' lang='lat' dir='ltr'>Ecclesiae</span> <span class='ocrx_word' id='word_1_269' title='bbox 1197 4216 1468 4272; x_wconf 82' lang='lat' dir='ltr'>fidelibus</span> <span class='ocrx_word' id='word_1_270' title='bbox 1487 4221 1680 4289; x_wconf 87' lang='lat' dir='ltr'>pateat</span> <span class='ocrx_word' id='word_1_271' title='bbox 1695 4233 1834 4288; x_wconf 88' lang='lat' dir='ltr'>qua-</span> 
     </span>
    </p>
   </div>
   <div class='ocr_carea' id='block_1_45' title="bbox 167 4305 1829 4376">
    <p class='ocr_par' dir='ltr' id='par_1_45' title="bbox 167 4305 1829 4376">
     <span class='ocr_line' id='line_1_45' title="bbox 167 4305 1829 4376; baseline 0.001 -18"><span class='ocrx_word' id='word_1_272' title='bbox 167 4306 302 4362; x_wconf 88' lang='lat' dir='ltr'>.itcr</span> <span class='ocrx_word' id='word_1_273' title='bbox 322 4306 665 4363; x_wconf 87' lang='lat' dir='ltr'>Teudaldus</span> <span class='ocrx_word' id='word_1_274' title='bbox 687 4322 904 4374; x_wconf 89' lang='lat' dir='ltr'>comes,</span> <span class='ocrx_word' id='word_1_275' title='bbox 933 4306 1088 4362; x_wconf 84' lang='lat' dir='ltr'>lilius</span> <span class='ocrx_word' id='word_1_276' title='bbox 1107 4305 1401 4361; x_wconf 87' lang='lat' dir='ltr'>Adelberti</span> <span class='ocrx_word' id='word_1_277' title='bbox 1417 4307 1544 4376; x_wconf 88' lang='lat' dir='ltr'>jam</span> <span class='ocrx_word' id='word_1_278' title='bbox 1577 4305 1829 4372; x_wconf 88' lang='lat' dir='ltr'>comitis,</span> 
     </span>
    </p>
   </div>
   <div class='ocr_carea' id='block_1_46' title="bbox 163 4393 1832 4469">
    <p class='ocr_par' dir='ltr' id='par_1_46' title="bbox 163 4393 1832 4469">
     <span class='ocr_line' id='line_1_46' title="bbox 163 4393 1832 4469; baseline 0 -21"><span class='ocrx_word' id='word_1_279' title='bbox 163 4393 380 4452; x_wconf 87' lang='lat' dir='ltr'>limina</span> <span class='ocrx_word' id='word_1_280' title='bbox 429 4394 832 4469; x_wconf 87' lang='lat' dir='ltr'>apostolorum</span> <span class='ocrx_word' id='word_1_281' title='bbox 883 4395 1063 4467; x_wconf 84' lang='lat' dir='ltr'>digna</span> <span class='ocrx_word' id='word_1_282' title='bbox 1105 4395 1408 4449; x_wconf 84' lang='lat' dir='ltr'>devotione</span> <span class='ocrx_word' id='word_1_283' title='bbox 1463 4394 1730 4461; x_wconf 88' lang='lat' dir='ltr'>visitans,</span> <span class='ocrx_word' id='word_1_284' title='bbox 1764 4411 1832 4450; x_wconf 87' lang='lat' dir='ltr'>ex</span> 
     </span>
    </p>
   </div>
   <div class='ocr_carea' id='block_1_47' title="bbox 159 4482 1832 4557">
    <p class='ocr_par' dir='ltr' id='par_1_47' title="bbox 159 4482 1832 4557">
     <span class='ocr_line' id='line_1_47' title="bbox 159 4482 1832 4557; baseline -0.002 -17"><span class='ocrx_word' id='word_1_285' title='bbox 159 4490 326 4554; x_wconf 87' lang='lat' dir='ltr'>parte</span> <span class='ocrx_word' id='word_1_286' title='bbox 359 4485 452 4540; x_wconf 88' lang='lat' dir='ltr'>sui</span> <span class='ocrx_word' id='word_1_287' title='bbox 478 4483 666 4557; x_wconf 88' lang='lat' dir='ltr'>patris</span> <span class='ocrx_word' id='word_1_288' title='bbox 686 4483 1035 4555; x_wconf 89' lang='lat' dir='ltr'>hujusmodi</span> <span class='ocrx_word' id='word_1_289' title='bbox 1065 4501 1100 4539; x_wconf 92' lang='lat' dir='ltr'>a</span> <span class='ocrx_word' id='word_1_290' title='bbox 1130 4487 1330 4538; x_wconf 88' lang='lat' dir='ltr'>nostra</span> <span class='ocrx_word' id='word_1_291' title='bbox 1361 4482 1679 4555; x_wconf 90' lang='lat' dir='ltr'>apostolica</span> <span class='ocrx_word' id='word_1_292' title='bbox 1702 4497 1832 4538; x_wconf 90' lang='lat' dir='ltr'>auc-</span> 
     </span>
    </p>
   </div>
   <div class='ocr_carea' id='block_1_48' title="bbox 159 4571 1829 4646">
    <p class='ocr_par' dir='ltr' id='par_1_48' title="bbox 159 4571 1829 4646">
     <span class='ocr_line' id='line_1_48' title="bbox 159 4571 1829 4646; baseline 0 -20"><span class='ocrx_word' id='word_1_293' title='bbox 159 4573 400 4630; x_wconf 89' lang='lat' dir='ltr'>toritate</span> <span class='ocrx_word' id='word_1_294' title='bbox 431 4573 620 4646; x_wconf 89' lang='lat' dir='ltr'>petiit,</span> <span class='ocrx_word' id='word_1_295' title='bbox 655 4577 721 4628; x_wconf 92' lang='lat' dir='ltr'>ut</span> <span class='ocrx_word' id='word_1_296' title='bbox 749 4571 1054 4629; x_wconf 86' lang='lat' dir='ltr'>ecclesiam</span> <span class='ocrx_word' id='word_1_297' title='bbox 1089 4573 1147 4628; x_wconf 90' lang='lat' dir='ltr'>in</span> <span class='ocrx_word' id='word_1_298' title='bbox 1179 4573 1460 4628; x_wconf 84' lang='lat' dir='ltr'>honorem</span> <span class='ocrx_word' id='word_1_299' title='bbox 1493 4577 1829 4628; x_wconf 87' lang='lat' dir='ltr'>sanctorum</span> 
     </span>
    </p>
   </div>
   <div class='ocr_carea' id='block_1_49' title="bbox 1955 682 3607 754">
    <p class='ocr_par' dir='ltr' id='par_1_49' title="bbox 1955 682 3607 754">
     <span class='ocr_line' id='line_1_49' title="bbox 1955 682 3607 754; baseline 0.01 -18"><span class='ocrx_word' id='word_1_300' title='bbox 1955 682 2061 736; x_wconf 83' lang='lat' dir='ltr'>hoc</span> <span class='ocrx_word' id='word_1_301' title='bbox 2087 683 2455 754; x_wconf 61' lang='lat' dir='ltr'>privilegium</span> <span class='ocrx_word' id='word_1_302' title='bbox 2479 685 2824 740; x_wconf 81' lang='lat' dir='ltr'>auctoritate</span> <span class='ocrx_word' id='word_1_303' title='bbox 2847 686 3114 742; x_wconf 84' lang='lat' dir='ltr'>fulcitum</span> <span class='ocrx_word' id='word_1_304' title='bbox 3141 690 3189 743; x_wconf 87' lang='lat' dir='ltr'>ei</span> <span class='ocrx_word' id='word_1_305' title='bbox 3217 693 3336 746; x_wconf 74' lang='lat' dir='ltr'>fieri</span> <span class='ocrx_word' id='word_1_306' title='bbox 3354 695 3607 752; x_wconf 55' lang='lat' dir='ltr'>decrevi.</span> 
     </span>
    </p>
   </div>
   <div class='ocr_carea' id='block_1_50' title="bbox 1955 759 3607 851">
    <p class='ocr_par' dir='ltr' id='par_1_50' title="bbox 1955 759 3607 851">
     <span class='ocr_line' id='line_1_50' title="bbox 1955 759 3607 851; baseline 0.01 -27"><span class='ocrx_word' id='word_1_307' title='bbox 1955 787 2110 837; x_wconf 88' lang='lat' dir='ltr'>mus,</span> <span class='ocrx_word' id='word_1_308' title='bbox 2145 776 2204 824; x_wconf 87' lang='lat' dir='ltr'>et</span> <span class='ocrx_word' id='word_1_309' title='bbox 2247 775 2535 842; x_wconf 88' lang='lat' dir='ltr'>quatenus</span> <span class='ocrx_word' id='word_1_310' title='bbox 2580 774 2907 828; x_wconf 87' lang='lat' dir='ltr'>secundum</span> <span class='ocrx_word' id='word_1_311' title='bbox 2960 759 3300 844; x_wconf 84' lang='lat' dir='ltr'>petitionem</span> <span class='ocrx_word' id='word_1_312' title='bbox 3341 781 3607 851; x_wconf 85' lang='lat' dir='ltr'>ejusdem</span> 
     </span>
    </p>
   </div>
   <div class='ocr_carea' id='block_1_51' title="bbox 1953 857 3611 932">
    <p class='ocr_par' dir='ltr' id='par_1_51' title="bbox 1953 857 3611 932">
     <span class='ocr_line' id='line_1_51' title="bbox 1953 857 3611 932; baseline 0.01 -19"><span class='ocrx_word' id='word_1_313' title='bbox 1953 857 2237 914; x_wconf 87' lang='lat' dir='ltr'>Teudaldi</span> <span class='ocrx_word' id='word_1_314' title='bbox 2268 859 2498 914; x_wconf 89' lang='lat' dir='ltr'>comitis</span> <span class='ocrx_word' id='word_1_315' title='bbox 2531 859 2738 932; x_wconf 88' lang='lat' dir='ltr'>suique</span> <span class='ocrx_word' id='word_1_316' title='bbox 2771 863 2954 932; x_wconf 89' lang='lat' dir='ltr'>patris</span> <span class='ocrx_word' id='word_1_317' title='bbox 2979 862 3410 923; x_wconf 83' lang='lat' dir='ltr'>institutionem</span> <span class='ocrx_word' id='word_1_318' title='bbox 3437 877 3492 927; x_wconf 88' lang='lat' dir='ltr'>et</span> <span class='ocrx_word' id='word_1_319' title='bbox 3515 875 3611 931; x_wconf 85' lang='lat' dir='ltr'>do-</span> 
     </span>
    </p>
   </div>
   <div class='ocr_carea' id='block_1_52' title="bbox 1954 948 3611 1020">
    <p class='ocr_par' dir='ltr' id='par_1_52' title="bbox 1954 948 3611 1020">
     <span class='ocr_line' id='line_1_52' title="bbox 1954 948 3611 1020; baseline 0.01 -17"><span class='ocrx_word' id='word_1_320' title='bbox 1954 948 2253 1003; x_wconf 88' lang='lat' dir='ltr'>nationem</span> <span class='ocrx_word' id='word_1_321' title='bbox 2277 949 2404 1018; x_wconf 89' lang='lat' dir='ltr'>jam</span> <span class='ocrx_word' id='word_1_322' title='bbox 2435 948 2594 1004; x_wconf 90' lang='lat' dir='ltr'>dicta</span> <span class='ocrx_word' id='word_1_323' title='bbox 2640 949 2886 1005; x_wconf 84' lang='lat' dir='ltr'>ecclesia</span> <span class='ocrx_word' id='word_1_324' title='bbox 2935 969 2969 1005; x_wconf 90' lang='lat' dir='ltr'>a</span> <span class='ocrx_word' id='word_1_325' title='bbox 3017 953 3186 1008; x_wconf 88' lang='lat' dir='ltr'>nobis</span> <span class='ocrx_word' id='word_1_326' title='bbox 3238 959 3611 1020; x_wconf 87' lang='lat' dir='ltr'>corroborata</span> 
     </span>
    </p>
   </div>
   <div class='ocr_carea' id='block_1_53' title="bbox 1955 1037 2877 1109">
    <p class='ocr_par' dir='ltr' id='par_1_53' title="bbox 1955 1037 2877 1109">
     <span class='ocr_line' id='line_1_53' title="bbox 1955 1037 2877 1109; baseline 0.002 -18"><span class='ocrx_word' id='word_1_327' title='bbox 1955 1037 2146 1092; x_wconf 91' lang='lat' dir='ltr'>modis</span> <span class='ocrx_word' id='word_1_328' title='bbox 2179 1038 2454 1093; x_wconf 87' lang='lat' dir='ltr'>omnibus</span> <span class='ocrx_word' id='word_1_329' title='bbox 2485 1037 2781 1109; x_wconf 86' lang='lat' dir='ltr'>persistat.</span> <span class='ocrx_word' id='word_1_330' title='bbox 2864 1080 2877 1093; x_wconf 92' lang='lat'>.</span> 
     </span>
    </p>
   </div>
   <div class='ocr_carea' id='block_1_54' title="bbox 2456 1127 3106 1199">
    <p class='ocr_par' dir='ltr' id='par_1_54' title="bbox 2456 1127 3106 1199">
     <span class='ocr_line' id='line_1_54' title="bbox 2456 1127 3106 1199; baseline 0.003 -17"><span class='ocrx_word' id='word_1_331' title='bbox 2456 1127 2683 1199; x_wconf 79' lang='lat' dir='ltr'>Reliqua</span> <span class='ocrx_word' id='word_1_332' title='bbox 2709 1127 3106 1184; x_wconf 80' lang='lat' dir='ltr'>desiderantur.</span> 
     </span>
    </p>
   </div>
   <div class='ocr_carea' id='block_1_55' title="bbox 2029 1215 3610 1287">
    <p class='ocr_par' dir='ltr' id='par_1_55' title="bbox 2029 1215 3610 1287">
     <span class='ocr_line' id='line_1_55' title="bbox 2029 1215 3610 1287; baseline 0.012 -21"><span class='ocrx_word' id='word_1_333' title='bbox 2029 1215 2322 1285; x_wconf 81' lang='lat' dir='ltr'>Scriptum</span> <span class='ocrx_word' id='word_1_334' title='bbox 2359 1231 2462 1286; x_wconf 83' lang='lat' dir='ltr'>per</span> <span class='ocrx_word' id='word_1_335' title='bbox 2487 1233 2730 1270; x_wconf 84' lang='lat' dir='ltr'>manum</span> <span class='ocrx_word' id='word_1_336' title='bbox 2756 1217 3035 1287; x_wconf 83' lang='lat' dir='ltr'>Stephani</span> <span class='ocrx_word' id='word_1_337' title='bbox 3057 1221 3267 1275; x_wconf 85' lang='lat' dir='ltr'>notarii</span> <span class='ocrx_word' id='word_1_338' title='bbox 3291 1226 3439 1280; x_wconf 84' lang='lat' dir='ltr'>sacri</span> <span class='ocrx_word' id='word_1_339' title='bbox 3474 1230 3610 1284; x_wconf 89' lang='lat' dir='ltr'>scri-</span> 
     </span>
    </p>
   </div>
   <div class='ocr_carea' id='block_1_56' title="bbox 1957 1303 3604 1385">
    <p class='ocr_par' dir='ltr' id='par_1_56' title="bbox 1957 1303 3604 1385">
     <span class='ocr_line' id='line_1_56' title="bbox 1957 1303 3604 1385; baseline 0.007 -29"><span class='ocrx_word' id='word_1_340' title='bbox 1957 1303 2048 1356; x_wconf 72' lang='lat' dir='ltr'>nei</span> <span class='ocrx_word' id='word_1_341' title='bbox 2080 1308 2293 1356; x_wconf 65' lang='lat' dir='ltr'>sanctae</span> <span class='ocrx_word' id='word_1_342' title='bbox 2317 1305 2591 1358; x_wconf 72' lang='lat' dir='ltr'>Romanae</span> <span class='ocrx_word' id='word_1_343' title='bbox 2623 1304 3004 1360; x_wconf 75' lang='lat' dir='ltr'>Erclesi:e.....</span> <span class='ocrx_word' id='word_1_344' title='bbox 3037 1307 3353 1366; x_wconf 85' lang='lat' dir='ltr'>lndictiene</span> <span class='ocrx_word' id='word_1_345' title='bbox 3377 1323 3604 1385; x_wconf 83' lang='lat' dir='ltr'>quarta.</span> 
     </span>
    </p>
   </div>
   <div class='ocr_carea' id='block_1_57' title="bbox 2029 1392 3609 1464">
    <p class='ocr_par' dir='ltr' id='par_1_57' title="bbox 2029 1392 3609 1464">
     <span class='ocr_line' id='line_1_57' title="bbox 2029 1392 3609 1464; baseline 0.009 -18"><span class='ocrx_word' id='word_1_346' title='bbox 2029 1392 2238 1446; x_wconf 85' lang='lat' dir='ltr'>Datum</span> <span class='ocrx_word' id='word_1_347' title='bbox 2275 1410 2328 1447; x_wconf 82' lang='lat' dir='ltr'><strong>IV</strong></span> <span class='ocrx_word' id='word_1_348' title='bbox 2361 1392 2647 1446; x_wconf 79' lang='lat' dir='ltr'>Kalendas</span> <span class='ocrx_word' id='word_1_349' title='bbox 2675 1393 2938 1447; x_wconf 83' lang='lat' dir='ltr'>Januarii</span> <span class='ocrx_word' id='word_1_350' title='bbox 2973 1413 3074 1464; x_wconf 85' lang='lat' dir='ltr'>per</span> <span class='ocrx_word' id='word_1_351' title='bbox 3094 1413 3305 1454; x_wconf 88' lang='lat' dir='ltr'>manus</span> <span class='ocrx_word' id='word_1_352' title='bbox 3326 1403 3609 1460; x_wconf 83' lang='lat' dir='ltr'>Guidonis</span> 
     </span>
    </p>
   </div>
   <div class='ocr_carea' id='block_1_58' title="bbox 1956 1480 3606 1561">
    <p class='ocr_par' dir='ltr' id='par_1_58' title="bbox 1956 1480 3606 1561">
     <span class='ocr_line' id='line_1_58' title="bbox 1956 1480 3606 1561; baseline 0.008 -27"><span class='ocrx_word' id='word_1_353' title='bbox 1956 1481 2210 1552; x_wconf 82' lang='lat' dir='ltr'>episcopi</span> <span class='ocrx_word' id='word_1_354' title='bbox 2244 1485 2300 1534; x_wconf 84' lang='lat' dir='ltr'>et</span> <span class='ocrx_word' id='word_1_355' title='bbox 2332 1480 2754 1534; x_wconf 80' lang='lat' dir='ltr'>bibliothecarii</span> <span class='ocrx_word' id='word_1_356' title='bbox 2802 1487 3012 1536; x_wconf 69' lang='lat' dir='ltr'>sanctze</span> <span class='ocrx_word' id='word_1_357' title='bbox 3054 1487 3209 1539; x_wconf 86' lang='lat' dir='ltr'>sedis</span> <span class='ocrx_word' id='word_1_358' title='bbox 3257 1491 3606 1561; x_wconf 76' lang='lat' dir='ltr'>apostolicze,</span> 
     </span>
    </p>
   </div>
   <div class='ocr_carea' id='block_1_59' title="bbox 1957 1569 3612 1641">
    <p class='ocr_par' dir='ltr' id='par_1_59' title="bbox 1957 1569 3612 1641">
     <span class='ocr_line' id='line_1_59' title="bbox 1957 1569 3612 1641; baseline 0.008 -17"><span class='ocrx_word' id='word_1_359' title='bbox 1957 1587 2110 1624; x_wconf 90' lang='lat' dir='ltr'>anno</span> <span class='ocrx_word' id='word_1_360' title='bbox 2145 1569 2517 1641; x_wconf 76' lang='lat' dir='ltr'>pontiﬁcatus</span> <span class='ocrx_word' id='word_1_361' title='bbox 2563 1569 2763 1623; x_wconf 82' lang='lat' dir='ltr'>damni</span> <span class='ocrx_word' id='word_1_362' title='bbox 2805 1571 3094 1627; x_wconf 80' lang='lat' dir='ltr'>Benedicti</span> <span class='ocrx_word' id='word_1_363' title='bbox 3130 1577 3486 1634; x_wconf 88' lang='lat' dir='ltr'>sanctissimi</span> <span class='ocrx_word' id='word_1_364' title='bbox 3510 1582 3612 1640; x_wconf 89' lang='lat' dir='ltr'>VII</span> 
     </span>
    </p>
   </div>
   <div class='ocr_carea' id='block_1_60' title="bbox 1957 1655 3570 1730">
    <p class='ocr_par' dir='ltr' id='par_1_60' title="bbox 1957 1655 3570 1730">
     <span class='ocr_line' id='line_1_60' title="bbox 1957 1655 3570 1730; baseline 0.009 -18"><span class='ocrx_word' id='word_1_365' title='bbox 1957 1675 2118 1730; x_wconf 67' lang='lat' dir='ltr'>papae</span> <span class='ocrx_word' id='word_1_366' title='bbox 2142 1658 2420 1725; x_wconf 88' lang='lat' dir='ltr'>secundo,</span> <span class='ocrx_word' id='word_1_367' title='bbox 2453 1655 2684 1728; x_wconf 90' lang='lat' dir='ltr'>imperii</span> <span class='ocrx_word' id='word_1_368' title='bbox 2703 1673 2839 1713; x_wconf 86' lang='lat' dir='ltr'>vero</span> <span class='ocrx_word' id='word_1_369' title='bbox 2865 1659 3064 1715; x_wconf 87' lang='lat' dir='ltr'>domni</span> <span class='ocrx_word' id='word_1_370' title='bbox 3097 1661 3326 1722; x_wconf 88' lang='lat' dir='ltr'>Ottonis</span> <span class='ocrx_word' id='word_1_371' title='bbox 3357 1669 3570 1726; x_wconf 87' lang='lat' dir='ltr'>Tertio.</span> 
     </span>
    </p>
   </div>
   <div class='ocr_carea' id='block_1_61' title="bbox 2702 1746 2854 1802">
    <p class='ocr_par' dir='ltr' id='par_1_61' title="bbox 2702 1746 2854 1802">
     <span class='ocr_line' id='line_1_61' title="bbox 2702 1746 2854 1802; baseline 0.02 -3"><span class='ocrx_word' id='word_1_372' title='bbox 2702 1746 2854 1802; x_wconf 84' lang='lat' dir='ltr'><strong>VIII.</strong></span> 
     </span>
    </p>
   </div>
   <div class='ocr_carea' id='block_1_62' title="bbox 2029 1850 3538 1902">
    <p class='ocr_par' dir='ltr' id='par_1_62' title="bbox 2029 1850 3538 1902">
     <span class='ocr_line' id='line_1_62' title="bbox 2029 1850 3538 1902; baseline 0.008 -12"><span class='ocrx_word' id='word_1_373' title='bbox 2029 1850 2322 1891; x_wconf 77' lang='lat' dir='ltr'>BENEDIC’I‘I</span> <span class='ocrx_word' id='word_1_374' title='bbox 2355 1851 2514 1890; x_wconf 70' lang='lat' dir='ltr'>PAP£</span> <span class='ocrx_word' id='word_1_375' title='bbox 2543 1851 2620 1890; x_wconf 80' lang='lat' dir='ltr'><strong>VII</strong></span> <span class='ocrx_word' id='word_1_376' title='bbox 2651 1851 3024 1893; x_wconf 78' lang='lat' dir='ltr'>PRIVILEGIUM</span> <span class='ocrx_word' id='word_1_377' title='bbox 3048 1855 3158 1894; x_wconf 77' lang='lat' dir='ltr'>PRO</span> <span class='ocrx_word' id='word_1_378' title='bbox 3180 1857 3538 1902; x_wconf 77' lang='lat' dir='ltr'>MONASTERIO</span> 
     </span>
    </p>
   </div>
   <div class='ocr_carea' id='block_1_63' title="bbox 2533 1940 3022 1982">
    <p class='ocr_par' dir='ltr' id='par_1_63' title="bbox 2533 1940 3022 1982">
     <span class='ocr_line' id='line_1_63' title="bbox 2533 1940 3022 1982; baseline 0.002 -2"><span class='ocrx_word' id='word_1_379' title='bbox 2533 1941 2562 1980; x_wconf 91' lang='lat' dir='ltr'><strong>S</strong></span> <span class='ocrx_word' id='word_1_380' title='bbox 2571 1965 2582 1978; x_wconf 87' lang='lat'>.</span> <span class='ocrx_word' id='word_1_381' title='bbox 2619 1940 3002 1982; x_wconf 72' lang='lat' dir='ltr'>PANTALEONIS</span> <span class='ocrx_word' id='word_1_382' title='bbox 3011 1969 3022 1981; x_wconf 89' lang='lat'>.</span> 
     </span>
    </p>
   </div>
   <div class='ocr_carea' id='block_1_64' title="bbox 2604 2038 2970 2110">
    <p class='ocr_par' dir='ltr' id='par_1_64' title="bbox 2604 2038 2970 2110">
     <span class='ocr_line' id='line_1_64' title="bbox 2604 2038 2970 2110; baseline 0.008 -18"><span class='ocrx_word' id='word_1_383' title='bbox 2604 2041 2788 2107; x_wconf 84' lang='lat' dir='ltr'>(Anno</span> <span class='ocrx_word' id='word_1_384' title='bbox 2815 2038 2970 2110; x_wconf 85' lang='lat'>976.)</span> 
     </span>
    </p>
   </div>
   <div class='ocr_carea' id='block_1_65' title="bbox 1955 2128 3614 2204">
    <p class='ocr_par' dir='ltr' id='par_1_65' title="bbox 1955 2128 3614 2204">
     <span class='ocr_line' id='line_1_65' title="bbox 1955 2128 3614 2204; baseline 0.008 -22"><span class='ocrx_word' id='word_1_385' title='bbox 1955 2128 2352 2204; x_wconf 10' lang='lat' dir='ltr'>Monasteriiis.</span> <span class='ocrx_word' id='word_1_386' title='bbox 2387 2129 2738 2204; x_wconf 66' lang='lat' dir='ltr'>Pantaleonis</span> <span class='ocrx_word' id='word_1_387' title='bbox 2769 2129 3105 2204; x_wconf 74' lang='lat' dir='ltr'>colonicnsis</span> <span class='ocrx_word' id='word_1_388' title='bbox 3149 2139 3512 2204; x_wconf 84' lang='lat' dir='ltr'>possessiones</span> <span class='ocrx_word' id='word_1_389' title='bbox 3562 2148 3614 2196; x_wconf 86' lang='lat' dir='ltr'>et</span> 
     </span>
    </p>
   </div>
   <div class='ocr_carea' id='block_1_66' title="bbox 2022 2199 3614 2277">
    <p class='ocr_par' dir='ltr' id='par_1_66' title="bbox 2022 2199 3614 2277">
     <span class='ocr_line' id='line_1_66' title="bbox 2022 2199 3614 2277; baseline 0.008 -23"><span class='ocrx_word' id='word_1_390' title='bbox 2022 2201 2316 2277; x_wconf 68' lang='lat' dir='ltr'>priuilegia</span> <span class='ocrx_word' id='word_1_391' title='bbox 2351 2201 2748 2277; x_wconf 42' lang='lat' dir='ltr'>continuone</span> <span class='ocrx_word' id='word_1_392' title='bbox 2799 2199 2873 2254; x_wconf 93' lang='lat' dir='ltr'>0b</span> <span class='ocrx_word' id='word_1_393' title='bbox 2919 2199 3164 2257; x_wconf 79' lang='lat' dir='ltr'>amoreni</span> <span class='ocrx_word' id='word_1_394' title='bbox 3190 2207 3534 2277; x_wconf 85' lang='lat' dir='ltr'>imperatoris</span> <span class='ocrx_word' id='word_1_395' title='bbox 3561 2219 3614 2266; x_wconf 86' lang='lat' dir='ltr'>et</span> 
     </span>
    </p>
   </div>
   <div class='ocr_carea' id='block_1_67' title="bbox 2025 2271 3611 2348">
    <p class='ocr_par' dir='ltr' id='par_1_67' title="bbox 2025 2271 3611 2348">
     <span class='ocr_line' id='line_1_67' title="bbox 2025 2271 3611 2348; baseline 0.008 -24"><span class='ocrx_word' id='word_1_396' title='bbox 2025 2274 2338 2348; x_wconf 52' lang='lat' dir='ltr'>petitionem</span> <span class='ocrx_word' id='word_1_397' title='bbox 2369 2271 2754 2348; x_wconf 70' lang='lat' dir='ltr'>imperatricis,</span> <span class='ocrx_word' id='word_1_398' title='bbox 2788 2288 2888 2348; x_wconf 81' lang='lat' dir='ltr'>nec</span> <span class='ocrx_word' id='word_1_399' title='bbox 2914 2289 3025 2327; x_wconf 80' lang='lat' dir='ltr'>non</span> <span class='ocrx_word' id='word_1_400' title='bbox 3049 2283 3101 2329; x_wconf 86' lang='lat' dir='ltr'>et</span> <span class='ocrx_word' id='word_1_401' title='bbox 3125 2271 3611 2348; x_wconf 74' lang='lat' dir='ltr'>prapterjoeundi-</span> 
     </span>
    </p>
   </div>
   <div class='ocr_carea' id='block_1_68' title="bbox 2026 2341 3610 2414">
    <p class='ocr_par' dir='ltr' id='par_1_68' title="bbox 2026 2341 3610 2414">
     <span class='ocr_line' id='line_1_68' title="bbox 2026 2341 3610 2414; baseline 0.008 -18"><span class='ocrx_word' id='word_1_402' title='bbox 2026 2341 2186 2397; x_wconf 80' lang='lat' dir='ltr'>tatem</span> <span class='ocrx_word' id='word_1_403' title='bbox 2217 2342 2451 2414; x_wconf 79' lang='lat' dir='ltr'>Guarini</span> <span class='ocrx_word' id='word_1_404' title='bbox 2479 2341 2891 2414; x_wconf 76' lang='lat' dir='ltr'>archiepisc-Opi,</span> <span class='ocrx_word' id='word_1_405' title='bbox 2913 2365 2940 2391; x_wconf 76' lang='grc' dir='ltr'><strong>ν</strong></span> <span class='ocrx_word' id='word_1_406' title='bbox 2961 2341 3239 2414; x_wconf 63' lang='lat' dir='ltr'>permittit</span> <span class='ocrx_word' id='word_1_407' title='bbox 3253 2356 3314 2404; x_wconf 87' lang='lat' dir='ltr'>ut</span> <span class='ocrx_word' id='word_1_408' title='bbox 3343 2341 3610 2408; x_wconf 75' lang='lat' dir='ltr'>Christia-</span> 
     </span>
    </p>
   </div>
   <div class='ocr_carea' id='block_1_69' title="bbox 1954 2412 3190 2472">
    <p class='ocr_par' dir='ltr' id='par_1_69' title="bbox 1954 2412 3190 2472">
     <span class='ocr_line' id='line_1_69' title="bbox 1954 2412 3190 2472; baseline 0.005 -6"><span class='ocrx_word' id='word_1_409' title='bbox 1954 2431 1987 2466; x_wconf 76' lang='grc' dir='ltr'><em>η</em></span> <span class='ocrx_word' id='word_1_410' title='bbox 1999 2431 2058 2468; x_wconf 84' lang='lat' dir='ltr'>us</span> <span class='ocrx_word' id='word_1_411' title='bbox 2089 2414 2252 2468; x_wconf 81' lang='lat' dir='ltr'>abbas</span> <span class='ocrx_word' id='word_1_412' title='bbox 2283 2412 2576 2468; x_wconf 67' lang='lat' dir='ltr'>ilatmatica</span> <span class='ocrx_word' id='word_1_413' title='bbox 2603 2422 2652 2468; x_wconf 88' lang='lat' dir='ltr'>et</span> <span class='ocrx_word' id='word_1_414' title='bbox 2680 2412 3190 2472; x_wconf 62' lang='lat' dir='ltr'>samlaliisutatur.</span> 
     </span>
    </p>
   </div>
   <div class='ocr_carea' id='block_1_70' title="bbox 1953 2527 3608 2610">
    <p class='ocr_par' dir='ltr' id='par_1_70' title="bbox 1953 2527 3608 2610">
     <span class='ocr_line' id='line_1_70' title="bbox 1953 2527 3608 2610; baseline 0.008 -28"><span class='ocrx_word' id='word_1_415' title='bbox 1953 2529 2040 2596; x_wconf 58' lang='grc' dir='ltr'>(κν</span> <span class='ocrx_word' id='word_1_416' title='bbox 2053 2529 2325 2594; x_wconf 87' lang='lat' dir='ltr'>urtwein,</span> <span class='ocrx_word' id='word_1_417' title='bbox 2345 2528 2604 2583; x_wconf 80' lang='lat' dir='ltr'>Subsidia</span> <span class='ocrx_word' id='word_1_418' title='bbox 2631 2527 3000 2600; x_wconf 82' lang='lat' dir='ltr'>diplmnatica,</span> <span class='ocrx_word' id='word_1_419' title='bbox 3026 2531 3426 2610; x_wconf 63' lang='lat' dir='ltr'>Heidelbergm</span> <span class='ocrx_word' id='word_1_420' title='bbox 3446 2539 3608 2607; x_wconf 84' lang='grc'>1781,</span> 
     </span>
    </p>
   </div>
   <div class='ocr_carea' id='block_1_71' title="bbox 2622 2643 2923 2711">
    <p class='ocr_par' dir='ltr' id='par_1_71' title="bbox 2622 2643 2923 2711">
     <span class='ocr_line' id='line_1_71' title="bbox 2622 2643 2923 2711; baseline 0.003 -14"><span class='ocrx_word' id='word_1_421' title='bbox 2622 2645 2680 2697; x_wconf 87' lang='grc'>8·</span> <span class='ocrx_word' id='word_1_422' title='bbox 2710 2643 2804 2711; x_wconf 91' lang='lat' dir='ltr'>IV,</span> <span class='ocrx_word' id='word_1_423' title='bbox 2833 2645 2923 2700; x_wconf 85' lang='lat'>29.</span> 
     </span>
    </p>
   </div>
   <div class='ocr_carea' id='block_1_72' title="bbox 2025 2648 3612 2813">
    <p class='ocr_par' dir='ltr' id='par_1_72' title="bbox 2025 2648 3612 2813">
     <span class='ocr_line' id='line_1_72' title="bbox 2622 2648 2923 2711; baseline 0.003 -14"><span class='ocrx_word' id='word_1_424' title='bbox 2622 2648 2680 2697; x_wconf 84' lang='lat'>8‘</span> <span class='ocrx_word' id='word_1_425' title='bbox 2710 2648 2804 2711; x_wconf 85' lang='lat' dir='ltr'>1v,</span> <span class='ocrx_word' id='word_1_426' title='bbox 2833 2648 2923 2700; x_wconf 85' lang='lat'>29.</span> 
     </span>
     <span class='ocr_line' id='line_1_73' title="bbox 2025 2648 3612 2813; baseline 0.008 -26"><span class='ocrx_word' id='word_1_427' title='bbox 2025 2732 2307 2787; x_wconf 86' lang='lat' dir='ltr'>Convenit</span> <span class='ocrx_word' id='word_1_428' title='bbox 2338 2731 2654 2803; x_wconf 84' lang='lat' dir='ltr'>apostolico</span> <span class='ocrx_word' id='word_1_429' title='bbox 2681 2648 3088 2803; x_wconf 50' lang='lat' dir='ltr'>moderagnini,</span> <span class='ocrx_word' id='word_1_430' title='bbox 3107 2742 3215 2792; x_wconf 83' lang='lat' dir='ltr'>etc.</span> <span class='ocrx_word' id='word_1_431' title='bbox 3245 2739 3469 2813; x_wconf 76' lang='lat' dir='ltr'>Reliqua</span> <span class='ocrx_word' id='word_1_432' title='bbox 3493 2743 3612 2800; x_wconf 80' lang='lat' dir='ltr'>vide</span> 
     </span>
    </p>
   </div>
   <div class='ocr_carea' id='block_1_73' title="bbox 1953 2820 2734 2892">
    <p class='ocr_par' dir='ltr' id='par_1_73' title="bbox 1953 2820 2734 2892">
     <span class='ocr_line' id='line_1_74' title="bbox 1953 2820 2734 2892; baseline 0.004 -18"><span class='ocrx_word' id='word_1_433' title='bbox 1953 2820 2099 2892; x_wconf 78' lang='lat' dir='ltr'>apud</span> <span class='ocrx_word' id='word_1_434' title='bbox 2131 2821 2412 2876; x_wconf 78' lang='lat' dir='ltr'>laudatum</span> <span class='ocrx_word' id='word_1_435' title='bbox 2441 2829 2734 2877; x_wconf 77' lang='lat' dir='ltr'>auctorem.</span> 
     </span>
    </p>
   </div>
   <div class='ocr_carea' id='block_1_74' title="bbox 2737 2936 2914 2993">
    <p class='ocr_par' dir='ltr' id='par_1_74' title="bbox 2737 2936 2914 2993">
     <span class='ocr_line' id='line_1_75' title="bbox 2737 2936 2914 2993; baseline -0.006 0"><span class='ocrx_word' id='word_1_436' title='bbox 2737 2937 2826 2993; x_wconf 86' lang='lat' dir='ltr'>IX.</span> <span class='ocrx_word' id='word_1_437' title='bbox 2905 2936 2914 2942; x_wconf 82' lang='grc'><strong>’</strong></span> 
     </span>
    </p>
   </div>
   <div class='ocr_carea' id='block_1_75' title="bbox 1990 3041 3572 3092">
    <p class='ocr_par' dir='ltr' id='par_1_75' title="bbox 1990 3041 3572 3092">
     <span class='ocr_line' id='line_1_76' title="bbox 1990 3041 3572 3092; baseline 0.009 -14"><span class='ocrx_word' id='word_1_438' title='bbox 1990 3041 2284 3080; x_wconf 68' lang='lat' dir='ltr'>DENEDICTI</span> <span class='ocrx_word' id='word_1_439' title='bbox 2328 3042 2486 3080; x_wconf 56' lang='lat' dir='ltr'>DARE</span> <span class='ocrx_word' id='word_1_440' title='bbox 2523 3042 2602 3081; x_wconf 77' lang='lat' dir='ltr'>VII</span> <span class='ocrx_word' id='word_1_441' title='bbox 2644 3043 3018 3084; x_wconf 76' lang='lat' dir='ltr'>PRIVILEGIU&#39;M</span> <span class='ocrx_word' id='word_1_442' title='bbox 3063 3047 3172 3084; x_wconf 78' lang='lat' dir='ltr'>PRO</span> <span class='ocrx_word' id='word_1_443' title='bbox 3212 3049 3572 3092; x_wconf 77' lang='lat' dir='ltr'>MONAS’I‘ERIO</span> 
     </span>
    </p>
   </div>
   <div class='ocr_carea' id='block_1_76' title="bbox 2619 3131 2935 3172">
    <p class='ocr_par' dir='ltr' id='par_1_76' title="bbox 2619 3131 2935 3172">
     <span class='ocr_line' id='line_1_77' title="bbox 2619 3131 2935 3172; baseline 0.009 -3"><span class='ocrx_word' id='word_1_444' title='bbox 2619 3131 2935 3172; x_wconf 75' lang='lat' dir='ltr'>CASINENSI.</span> 
     </span>
    </p>
   </div>
   <div class='ocr_carea' id='block_1_77' title="bbox 2590 3234 2971 3302">
    <p class='ocr_par' dir='ltr' id='par_1_77' title="bbox 2590 3234 2971 3302">
     <span class='ocr_line' id='line_1_78' title="bbox 2590 3234 2971 3302; baseline 0.005 -16"><span class='ocrx_word' id='word_1_445' title='bbox 2590 3234 2780 3300; x_wconf 88' lang='lat' dir='ltr'>(Anno</span> <span class='ocrx_word' id='word_1_446' title='bbox 2817 3234 2971 3302; x_wconf 84' lang='lat'>977.)</span> 
     </span>
    </p>
   </div>
   <div class='ocr_carea' id='block_1_78' title="bbox 2068 3319 3260 3394">
    <p class='ocr_par' dir='ltr' id='par_1_78' title="bbox 2068 3319 3260 3394">
     <span class='ocr_line' id='line_1_79' title="bbox 2068 3319 3260 3394; baseline 0.006 -22"><span class='ocrx_word' id='word_1_447' title='bbox 2068 3377 2074 3382; x_wconf 57' lang='grc'><strong><em>,</em></strong></span> <span class='ocrx_word' id='word_1_448' title='bbox 2294 3319 2571 3391; x_wconf 86' lang='lat' dir='ltr'>(Gattula,</span> <span class='ocrx_word' id='word_1_449' title='bbox 2603 3321 2740 3376; x_wconf 81' lang='lat' dir='ltr'>Hist.</span> <span class='ocrx_word' id='word_1_450' title='bbox 2775 3321 2983 3391; x_wconf 81' lang='lat' dir='ltr'>Cusin.,</span> <span class='ocrx_word' id='word_1_451' title='bbox 3017 3340 3074 3394; x_wconf 91' lang='lat' dir='ltr'>p.</span> <span class='ocrx_word' id='word_1_452' title='bbox 3106 3326 3260 3394; x_wconf 74' lang='grc'>840.)</span> 
     </span>
    </p>
   </div>
   <div class='ocr_carea' id='block_1_79' title="bbox 2015 3417 3604 3491">
    <p class='ocr_par' dir='ltr' id='par_1_79' title="bbox 2015 3417 3604 3491">
     <span class='ocr_line' id='line_1_80' title="bbox 2015 3417 3604 3491; baseline 0.008 -20"><span class='ocrx_word' id='word_1_453' title='bbox 2015 3417 2377 3473; x_wconf 81' lang='lat' dir='ltr'>BENEDIC‘I‘US</span> <span class='ocrx_word' id='word_1_454' title='bbox 2402 3419 2734 3490; x_wconf 90' lang='lat' dir='ltr'>episcopus,</span> <span class='ocrx_word' id='word_1_455' title='bbox 2754 3435 2957 3475; x_wconf 87' lang='lat' dir='ltr'>servus</span> <span class='ocrx_word' id='word_1_456' title='bbox 2980 3439 3278 3478; x_wconf 87' lang='lat' dir='ltr'>servorum</span> <span class='ocrx_word' id='word_1_457' title='bbox 3313 3425 3436 3491; x_wconf 85' lang='lat' dir='ltr'>Dei,</span> <span class='ocrx_word' id='word_1_458' title='bbox 3466 3427 3604 3484; x_wconf 85' lang='lat' dir='ltr'>cha-</span> 
     </span>
    </p>
   </div>
   <div class='ocr_carea' id='block_1_80' title="bbox 1945 3504 3648 3570">
    <p class='ocr_par' dir='ltr' id='par_1_80' title="bbox 1945 3504 3648 3570">
     <span class='ocr_line' id='line_1_81' title="bbox 1945 3504 3648 3570; baseline 0.007 -11"><span class='ocrx_word' id='word_1_459' title='bbox 1945 3504 2180 3560; x_wconf 79' lang='lat' dir='ltr'>rissima</span> <span class='ocrx_word' id='word_1_460' title='bbox 2211 3505 2270 3560; x_wconf 88' lang='lat' dir='ltr'>in</span> <span class='ocrx_word' id='word_1_461' title='bbox 2293 3505 2540 3561; x_wconf 90' lang='lat' dir='ltr'>Domino</span> <span class='ocrx_word' id='word_1_462' title='bbox 2563 3507 2702 3562; x_wconf 85' lang='lat' dir='ltr'>Jesu</span> <span class='ocrx_word' id='word_1_463' title='bbox 2726 3507 2956 3564; x_wconf 89' lang='lat' dir='ltr'>Christo</span> <span class='ocrx_word' id='word_1_464' title='bbox 2980 3509 3100 3564; x_wconf 76' lang='lat' dir='ltr'>filio</span> <span class='ocrx_word' id='word_1_465' title='bbox 3119 3513 3412 3568; x_wconf 69' lang='lat' dir='ltr'>Amoenus</span> <span class='ocrx_word' id='word_1_466' title='bbox 3434 3531 3604 3570; x_wconf 87' lang='lat' dir='ltr'>vene-</span> <span class='ocrx_word' id='word_1_467' title='bbox 3642 3548 3648 3553; x_wconf 98' lang='lat'><strong><em>-</em></strong></span> 
     </span>
    </p>
   </div>
   <div class='ocr_carea' id='block_1_81' title="bbox 1945 3593 3603 3666">
    <p class='ocr_par' dir='ltr' id='par_1_81' title="bbox 1945 3593 3603 3666">
     <span class='ocr_line' id='line_1_82' title="bbox 1945 3593 3603 3666; baseline 0.005 -18"><span class='ocrx_word' id='word_1_468' title='bbox 1945 3593 2116 3649; x_wconf 88' lang='lat' dir='ltr'>rabili</span> <span class='ocrx_word' id='word_1_469' title='bbox 2163 3599 2222 3648; x_wconf 89' lang='lat' dir='ltr'>et</span> <span class='ocrx_word' id='word_1_470' title='bbox 2266 3593 2536 3666; x_wconf 85' lang='lat' dir='ltr'>religioso</span> <span class='ocrx_word' id='word_1_471' title='bbox 2581 3595 2780 3650; x_wconf 88' lang='lat' dir='ltr'>abbati</span> <span class='ocrx_word' id='word_1_472' title='bbox 2830 3598 3214 3654; x_wconf 84' lang='lat' dir='ltr'>sacratissimi</span> <span class='ocrx_word' id='word_1_473' title='bbox 3266 3601 3603 3657; x_wconf 84' lang='lat' dir='ltr'>monasterii</span> 
     </span>
    </p>
   </div>
   <div class='ocr_carea' id='block_1_82' title="bbox 1945 3683 3603 3754">
    <p class='ocr_par' dir='ltr' id='par_1_82' title="bbox 1945 3683 3603 3754">
     <span class='ocr_line' id='line_1_83' title="bbox 1945 3683 3603 3754; baseline 0.007 -18"><span class='ocrx_word' id='word_1_474' title='bbox 1945 3683 2098 3737; x_wconf 89' lang='lat' dir='ltr'>beati</span> <span class='ocrx_word' id='word_1_475' title='bbox 2133 3683 2428 3738; x_wconf 88' lang='lat' dir='ltr'>Benedicti</span> <span class='ocrx_word' id='word_1_476' title='bbox 2479 3684 2836 3739; x_wconf 83' lang='lat' dir='ltr'>confessoris</span> <span class='ocrx_word' id='word_1_477' title='bbox 2873 3685 3109 3754; x_wconf 86' lang='lat' dir='ltr'>Christi,</span> <span class='ocrx_word' id='word_1_478' title='bbox 3153 3687 3266 3744; x_wconf 88' lang='lat' dir='ltr'>sibi</span> <span class='ocrx_word' id='word_1_479' title='bbox 3313 3705 3368 3742; x_wconf 83' lang='lat' dir='ltr'>1n</span> <span class='ocrx_word' id='word_1_480' title='bbox 3407 3696 3603 3746; x_wconf 88' lang='lat' dir='ltr'>monte</span> 
     </span>
    </p>
   </div>
   <div class='ocr_carea' id='block_1_83' title="bbox 1945 3770 3601 3848">
    <p class='ocr_par' dir='ltr' id='par_1_83' title="bbox 1945 3770 3601 3848">
     <span class='ocr_line' id='line_1_84' title="bbox 1945 3770 3601 3848; baseline 0.005 -22"><span class='ocrx_word' id='word_1_481' title='bbox 1945 3770 2181 3838; x_wconf 89' lang='lat' dir='ltr'>Casino,</span> <span class='ocrx_word' id='word_1_482' title='bbox 2209 3776 2267 3826; x_wconf 91' lang='lat' dir='ltr'>et</span> <span class='ocrx_word' id='word_1_483' title='bbox 2296 3787 2399 3842; x_wconf 87' lang='lat' dir='ltr'>per</span> <span class='ocrx_word' id='word_1_484' title='bbox 2425 3775 2483 3826; x_wconf 91' lang='lat' dir='ltr'>te</span> <span class='ocrx_word' id='word_1_485' title='bbox 2529 3771 2588 3826; x_wconf 91' lang='lat' dir='ltr'>in</span> <span class='ocrx_word' id='word_1_486' title='bbox 2637 3773 2842 3829; x_wconf 88' lang='lat' dir='ltr'>eodem</span> <span class='ocrx_word' id='word_1_487' title='bbox 2873 3774 3190 3830; x_wconf 76' lang='lat' dir='ltr'>venerabili</span> <span class='ocrx_word' id='word_1_488' title='bbox 3224 3779 3601 3848; x_wconf 89' lang='lat' dir='ltr'>monasterio,</span> 
     </span>
    </p>
   </div>
   <div class='ocr_carea' id='block_1_84' title="bbox 1942 3859 3391 3935">
    <p class='ocr_par' dir='ltr' id='par_1_84' title="bbox 1942 3859 3391 3935">
     <span class='ocr_line' id='line_1_85' title="bbox 1942 3859 3391 3935; baseline 0.005 -21"><span class='ocrx_word' id='word_1_489' title='bbox 1942 3859 2031 3915; x_wconf 90' lang='lat' dir='ltr'>vel</span> <span class='ocrx_word' id='word_1_490' title='bbox 2062 3865 2284 3915; x_wconf 69' lang='lat' dir='ltr'>cunctae</span> <span class='ocrx_word' id='word_1_491' title='bbox 2315 3861 2444 3932; x_wconf 87' lang='lat' dir='ltr'>ejus</span> <span class='ocrx_word' id='word_1_492' title='bbox 2475 3861 2908 3933; x_wconf 86' lang='lat' dir='ltr'>congregationi</span> <span class='ocrx_word' id='word_1_493' title='bbox 2931 3862 2990 3916; x_wconf 90' lang='lat' dir='ltr'>in</span> <span class='ocrx_word' id='word_1_494' title='bbox 3023 3869 3391 3935; x_wconf 88' lang='lat' dir='ltr'>perpetuum.</span> 
     </span>
    </p>
   </div>
   <div class='ocr_carea' id='block_1_85' title="bbox 2014 3949 3598 4024">
    <p class='ocr_par' dir='ltr' id='par_1_85' title="bbox 2014 3949 3598 4024">
     <span class='ocr_line' id='line_1_86' title="bbox 2014 3949 3598 4024; baseline 0.005 -20"><span class='ocrx_word' id='word_1_495' title='bbox 2014 3949 2304 4015; x_wconf 86' lang='lat' dir='ltr'>Quoniam</span> <span class='ocrx_word' id='word_1_496' title='bbox 2336 3965 2568 4020; x_wconf 85' lang='lat' dir='ltr'>semper</span> <span class='ocrx_word' id='word_1_497' title='bbox 2595 3954 2735 4004; x_wconf 87' lang='lat' dir='ltr'>sunt</span> <span class='ocrx_word' id='word_1_498' title='bbox 2775 3951 3148 4008; x_wconf 82' lang='lat' dir='ltr'>concedenda</span> <span class='ocrx_word' id='word_1_499' title='bbox 3177 3969 3305 4024; x_wconf 64' lang='lat' dir='ltr'>quae</span> <span class='ocrx_word' id='word_1_500' title='bbox 3337 3955 3598 4013; x_wconf 87' lang='lat' dir='ltr'>rationa-</span> 
     </span>
    </p>
   </div>
   <div class='ocr_carea' id='block_1_86' title="bbox 1941 4036 3599 4112">
    <p class='ocr_par' dir='ltr' id='par_1_86' title="bbox 1941 4036 3599 4112">
     <span class='ocr_line' id='line_1_87' title="bbox 1941 4036 3599 4112; baseline 0.007 -21"><span class='ocrx_word' id='word_1_501' title='bbox 1941 4036 2098 4093; x_wconf 89' lang='lat' dir='ltr'>libus</span> <span class='ocrx_word' id='word_1_502' title='bbox 2139 4041 2472 4108; x_wconf 87' lang='lat' dir='ltr'>congruunt</span> <span class='ocrx_word' id='word_1_503' title='bbox 2509 4037 2835 4106; x_wconf 88' lang='lat' dir='ltr'>desideriis,</span> <span class='ocrx_word' id='word_1_504' title='bbox 2874 4044 3099 4112; x_wconf 84' lang='lat' dir='ltr'>oportet</span> <span class='ocrx_word' id='word_1_505' title='bbox 3149 4047 3216 4098; x_wconf 91' lang='lat' dir='ltr'>ut</span> <span class='ocrx_word' id='word_1_506' title='bbox 3263 4044 3489 4101; x_wconf 90' lang='lat' dir='ltr'>devotio</span> <span class='ocrx_word' id='word_1_507' title='bbox 3537 4045 3599 4102; x_wconf 90' lang='lat' dir='ltr'>in</span> 
     </span>
    </p>
   </div>
   <div class='ocr_carea' id='block_1_87' title="bbox 1944 4125 3599 4204">
    <p class='ocr_par' dir='ltr' id='par_1_87' title="bbox 1944 4125 3599 4204">
     <span class='ocr_line' id='line_1_88' title="bbox 1944 4125 3599 4204; baseline 0.007 -24"><span class='ocrx_word' id='word_1_508' title='bbox 1944 4142 2037 4180; x_wconf 89' lang='lat' dir='ltr'>me</span> <span class='ocrx_word' id='word_1_509' title='bbox 2060 4125 2325 4198; x_wconf 89' lang='lat' dir='ltr'>petitoris</span> <span class='ocrx_word' id='word_1_510' title='bbox 2347 4125 2648 4182; x_wconf 89' lang='lat' dir='ltr'>humiliter</span> <span class='ocrx_word' id='word_1_511' title='bbox 2663 4129 2950 4199; x_wconf 86' lang='lat' dir='ltr'>acquisita</span> <span class='ocrx_word' id='word_1_512' title='bbox 2970 4129 3029 4184; x_wconf 89' lang='lat' dir='ltr'>in</span> <span class='ocrx_word' id='word_1_513' title='bbox 3053 4131 3368 4204; x_wconf 87' lang='lat' dir='ltr'>privilegiis</span> <span class='ocrx_word' id='word_1_514' title='bbox 3389 4150 3599 4192; x_wconf 84' lang='lat' dir='ltr'>conce-</span> 
     </span>
    </p>
   </div>
   <div class='ocr_carea' id='block_1_88' title="bbox 1944 4215 3600 4298">
    <p class='ocr_par' dir='ltr' id='par_1_88' title="bbox 1944 4215 3600 4298">
     <span class='ocr_line' id='line_1_89' title="bbox 1944 4215 3600 4298; baseline 0.006 -28"><span class='ocrx_word' id='word_1_515' title='bbox 1944 4216 2152 4271; x_wconf 90' lang='lat' dir='ltr'>dendis</span> <span class='ocrx_word' id='word_1_516' title='bbox 2180 4215 2422 4270; x_wconf 90' lang='lat' dir='ltr'>minime</span> <span class='ocrx_word' id='word_1_517' title='bbox 2453 4215 2773 4288; x_wconf 76' lang='lat' dir='ltr'>denegatur</span> <span class='ocrx_word' id='word_1_518' title='bbox 2801 4235 2834 4272; x_wconf 91' lang='lat' dir='ltr'>a</span> <span class='ocrx_word' id='word_1_519' title='bbox 2865 4223 3066 4274; x_wconf 86' lang='lat' dir='ltr'>nostra</span> <span class='ocrx_word' id='word_1_520' title='bbox 3081 4219 3414 4278; x_wconf 86' lang='lat' dir='ltr'>clementia.</span> <span class='ocrx_word' id='word_1_521' title='bbox 3439 4224 3600 4298; x_wconf 84' lang='lat' dir='ltr'>Legi-</span> 
     </span>
    </p>
   </div>
   <div class='ocr_carea' id='block_1_89' title="bbox 1942 4304 3596 4379">
    <p class='ocr_par' dir='ltr' id='par_1_89' title="bbox 1942 4304 3596 4379">
     <span class='ocr_line' id='line_1_90' title="bbox 1942 4304 3596 4379; baseline 0.007 -21"><span class='ocrx_word' id='word_1_522' title='bbox 1942 4307 2039 4358; x_wconf 90' lang='lat' dir='ltr'>tur</span> <span class='ocrx_word' id='word_1_523' title='bbox 2087 4304 2226 4376; x_wconf 89' lang='lat' dir='ltr'>quia</span> <span class='ocrx_word' id='word_1_524' title='bbox 2273 4305 2502 4376; x_wconf 87' lang='lat' dir='ltr'>petistis</span> <span class='ocrx_word' id='word_1_525' title='bbox 2543 4322 2578 4359; x_wconf 91' lang='lat' dir='ltr'>a</span> <span class='ocrx_word' id='word_1_526' title='bbox 2622 4306 2790 4361; x_wconf 89' lang='lat' dir='ltr'>nobis</span> <span class='ocrx_word' id='word_1_527' title='bbox 2839 4313 3130 4379; x_wconf 85' lang='lat' dir='ltr'>quatenus</span> <span class='ocrx_word' id='word_1_528' title='bbox 3174 4313 3596 4369; x_wconf 87' lang='lat' dir='ltr'>monasterium</span> 
     </span>
    </p>
   </div>
   <div class='ocr_carea' id='block_1_90' title="bbox 1941 4392 3592 4457">
    <p class='ocr_par' dir='ltr' id='par_1_90' title="bbox 1941 4392 3592 4457">
     <span class='ocr_line' id='line_1_91' title="bbox 1941 4392 3592 4457; baseline 0.007 -12"><span class='ocrx_word' id='word_1_529' title='bbox 1941 4392 2095 4448; x_wconf 86' lang='lat' dir='ltr'>beati</span> <span class='ocrx_word' id='word_1_530' title='bbox 2127 4393 2423 4448; x_wconf 87' lang='lat' dir='ltr'>Benedicti</span> <span class='ocrx_word' id='word_1_531' title='bbox 2456 4395 2807 4454; x_wconf 79' lang='lat' dir='ltr'>confessoris</span> <span class='ocrx_word' id='word_1_532' title='bbox 2855 4397 2994 4452; x_wconf 88' lang='lat' dir='ltr'>Jesu</span> <span class='ocrx_word' id='word_1_533' title='bbox 3038 4397 3254 4453; x_wconf 89' lang='lat' dir='ltr'>Christi</span> <span class='ocrx_word' id='word_1_534' title='bbox 3305 4401 3484 4454; x_wconf 89' lang='lat' dir='ltr'>situm</span> <span class='ocrx_word' id='word_1_535' title='bbox 3533 4401 3592 4457; x_wconf 88' lang='lat' dir='ltr'>in</span> 
     </span>
    </p>
   </div>
   <div class='ocr_carea' id='block_1_91' title="bbox 1933 4481 3594 4554">
    <p class='ocr_par' dir='ltr' id='par_1_91' title="bbox 1933 4481 3594 4554">
     <span class='ocr_line' id='line_1_92' title="bbox 1933 4481 3594 4554; baseline 0.005 -19"><span class='ocrx_word' id='word_1_536' title='bbox 1933 4481 2060 4552; x_wconf 90' lang='lat' dir='ltr'>jam</span> <span class='ocrx_word' id='word_1_537' title='bbox 2097 4481 2250 4536; x_wconf 89' lang='lat' dir='ltr'>dicto</span> <span class='ocrx_word' id='word_1_538' title='bbox 2282 4481 2476 4537; x_wconf 90' lang='lat' dir='ltr'>Monte</span> <span class='ocrx_word' id='word_1_539' title='bbox 2507 4482 2737 4549; x_wconf 87' lang='lat' dir='ltr'>Casino,</span> <span class='ocrx_word' id='word_1_540' title='bbox 2764 4487 2937 4554; x_wconf 87' lang='lat' dir='ltr'>atque</span> <span class='ocrx_word' id='word_1_541' title='bbox 2967 4487 3389 4542; x_wconf 87' lang='lat' dir='ltr'>monasterium</span> <span class='ocrx_word' id='word_1_542' title='bbox 3414 4488 3594 4544; x_wconf 67' lang='lat' dir='ltr'>beatae</span> 
     </span>
    </p>
   </div>
   <div class='ocr_carea' id='block_1_92' title="bbox 1942 4568 3592 4638">
    <p class='ocr_par' dir='ltr' id='par_1_92' title="bbox 1942 4568 3592 4638">
     <span class='ocr_line' id='line_1_93' title="bbox 1942 4568 3592 4638; baseline 0.004 -14"><span class='ocrx_word' id='word_1_543' title='bbox 1942 4568 2452 4638; x_wconf 73' lang='lat' dir='ltr'>Scholasticm,seu</span> <span class='ocrx_word' id='word_1_544' title='bbox 2485 4575 2543 4624; x_wconf 89' lang='lat' dir='ltr'>et</span> <span class='ocrx_word' id='word_1_545' title='bbox 2575 4571 2998 4626; x_wconf 88' lang='lat' dir='ltr'>monasterium</span> <span class='ocrx_word' id='word_1_546' title='bbox 3023 4571 3253 4628; x_wconf 89' lang='lat' dir='ltr'>Domini</span> <span class='ocrx_word' id='word_1_547' title='bbox 3277 4575 3592 4631; x_wconf 87' lang='lat' dir='ltr'>Salvatoris</span> 
     </span>
    </p>
   </div>
   <div class='ocr_carea' id='block_1_93' title="bbox 157 4658 3594 4768">
    <p class='ocr_par' dir='ltr' id='par_1_93' title="bbox 157 4658 3594 4768">
     <span class='ocr_line' id='line_1_94' title="bbox 157 4658 3594 4768; baseline 0.001 -52"><span class='ocrx_word' id='word_1_548' title='bbox 157 4663 570 4720; x_wconf 84' lang='lat' dir='ltr'>confessorum</span> <span class='ocrx_word' id='word_1_549' title='bbox 603 4661 1031 4734; x_wconf 89' lang='lat' dir='ltr'>Dei,Apollonii</span> <span class='ocrx_word' id='word_1_550' title='bbox 1061 4660 1637 4730; x_wconf 88' lang='lat' dir='ltr'>videlicet,Ursicini,</span> <span class='ocrx_word' id='word_1_551' title='bbox 1657 4665 1830 4731; x_wconf 86' lang='lat' dir='ltr'>atque</span> <span class='ocrx_word' id='word_1_552' title='bbox 1860 4703 1907 4768; x_wconf 83' lang='lat' dir='ltr'><strong>D</strong></span> <span class='ocrx_word' id='word_1_553' title='bbox 1940 4658 2050 4713; x_wconf 90' lang='lat' dir='ltr'>sub</span> <span class='ocrx_word' id='word_1_554' title='bbox 2085 4659 2320 4730; x_wconf 67' lang='lat' dir='ltr'>priefato</span> <span class='ocrx_word' id='word_1_555' title='bbox 2353 4663 2548 4714; x_wconf 88' lang='lat' dir='ltr'>monte</span> <span class='ocrx_word' id='word_1_556' title='bbox 2591 4660 2940 4732; x_wconf 40' lang='lat' dir='ltr'>consecrati,</span> <span class='ocrx_word' id='word_1_557' title='bbox 2971 4676 3190 4716; x_wconf 89' lang='lat' dir='ltr'>necnon</span> <span class='ocrx_word' id='word_1_558' title='bbox 3241 4668 3297 4717; x_wconf 89' lang='lat' dir='ltr'>et</span> <span class='ocrx_word' id='word_1_559' title='bbox 3342 4668 3594 4734; x_wconf 90' lang='lat' dir='ltr'>quatuor</span> 
     </span>
     <span class='ocr_line' id='line_1_95' title="bbox 159 4746 3478 4768; baseline 0 0"><span class='ocrx_word' id='word_1_560' title='bbox 159 4749 199 4768; x_wconf 67' lang='grc' dir='ltr'><strong>π</strong></span> <span class='ocrx_word' id='word_1_561' title='bbox 289 4752 328 4768; x_wconf 74' lang='grc' dir='ltr'>ιο</span> <span class='ocrx_word' id='word_1_562' title='bbox 376 4752 387 4761; x_wconf 77' lang='grc'><strong><em>⁸</em></strong></span> <span class='ocrx_word' id='word_1_563' title='bbox 477 4751 490 4764; x_wconf 80' lang='grc' dir='ltr'><strong><em>ο</em></strong></span> <span class='ocrx_word' id='word_1_564' title='bbox 672 4755 681 4768; x_wconf 79' lang='grc' dir='ltr'>ι</span> <span class='ocrx_word' id='word_1_565' title='bbox 1022 4767 1029 4768; x_wconf 59' lang='lat'><strong><em>,</em></strong></span> <span class='ocrx_word' id='word_1_566' title='bbox 1106 4767 1115 4768; x_wconf 32' lang='grc' dir='ltr'><em>κ</em></span> <span class='ocrx_word' id='word_1_567' title='bbox 1148 4751 1202 4768; x_wconf 70' lang='grc' dir='ltr'>ιι</span> <span class='ocrx_word' id='word_1_568' title='bbox 1250 4767 1273 4768; x_wconf 39' lang='grc' dir='ltr'>η</span> <span class='ocrx_word' id='word_1_569' title='bbox 1319 4750 1408 4768; x_wconf 63' lang='lat'>0,&quot;</span> <span class='ocrx_word' id='word_1_570' title='bbox 1462 4749 1540 4768; x_wconf 54' lang='lat' dir='ltr'>Ai,</span> <span class='ocrx_word' id='word_1_571' title='bbox 1598 4767 1651 4768; x_wconf 36' lang='grc' dir='ltr'><em>γη</em></span> <span class='ocrx_word' id='word_1_572' title='bbox 1678 4749 1753 4768; x_wconf 46' lang='lat'>1,3</span> <span class='ocrx_word' id='word_1_573' title='bbox 1782 4753 1823 4768; x_wconf 73' lang='grc' dir='ltr'>,ι</span> <span class='ocrx_word' id='word_1_574' title='bbox 1939 4747 2286 4768; x_wconf 46' lang='grc' dir='ltr'>--,.Α--ιᾼ..2-</span> <span class='ocrx_word' id='word_1_575' title='bbox 2327 4746 2645 4768; x_wconf 43' lang='grc' dir='ltr'>,μ---11,..μ..⁴</span> <span class='ocrx_word' id='word_1_576' title='bbox 2697 4765 2872 4768; x_wconf 33' lang='grc' dir='ltr'>--Ῠ--μ-</span> <span class='ocrx_word' id='word_1_577' title='bbox 2920 4767 3005 4768; x_wconf 32' lang='grc' dir='ltr'>κκη</span> <span class='ocrx_word' id='word_1_578' title='bbox 3036 4755 3069 4768; x_wconf 32' lang='grc' dir='ltr'>γι</span> <span class='ocrx_word' id='word_1_579' title='bbox 3107 4767 3113 4768; x_wconf 60' lang='lat'><strong><em>,</em></strong></span> <span class='ocrx_word' id='word_1_580' title='bbox 3149 4750 3202 4768; x_wconf 76' lang='grc' dir='ltr'>ιι</span> <span class='ocrx_word' id='word_1_581' title='bbox 3277 4752 3288 4763; x_wconf 86' lang='grc'><strong>·</strong></span> <span class='ocrx_word' id='word_1_582' title='bbox 3377 4753 3386 4763; x_wconf 77' lang='grc' dir='ltr'><strong>ο</strong></span> <span class='ocrx_word' id='word_1_583' title='bbox 3464 4753 3478 4768; x_wconf 74' lang='lat'><strong>1</strong></span> 
     </span>
    </p>
   </div>
   <div class='ocr_carea' id='block_1_94' title="bbox 159 4749 1831 4822">
    <p class='ocr_par' dir='ltr' id='par_1_94' title="bbox 159 4749 1831 4822">
     <span class='ocr_line' id='line_1_96' title="bbox 159 4749 1831 4822; baseline -0.001 -16"><span class='ocrx_word' id='word_1_584' title='bbox 159 4749 514 4820; x_wconf 83' lang='lat' dir='ltr'>Rusticiaui,</span> <span class='ocrx_word' id='word_1_585' title='bbox 536 4755 864 4807; x_wconf 83' lang='lat' dir='ltr'>martxrum</span> <span class='ocrx_word' id='word_1_586' title='bbox 891 4767 1124 4822; x_wconf 88' lang='lat' dir='ltr'>quoque</span> <span class='ocrx_word' id='word_1_587' title='bbox 1148 4749 1756 4815; x_wconf 86' lang='lat' dir='ltr'>Mauricii,Alexandri</span> <span class='ocrx_word' id='word_1_588' title='bbox 1774 4753 1831 4804; x_wconf 88' lang='lat' dir='ltr'>et</span> 
     </span>
    </p>
   </div>
   <div class='ocr_carea' id='block_1_95' title="bbox 154 4837 1828 4910">
    <p class='ocr_par' dir='ltr' id='par_1_95' title="bbox 154 4837 1828 4910">
     <span class='ocr_line' id='line_1_97' title="bbox 154 4837 1828 4910; baseline 0.002 -20"><span class='ocrx_word' id='word_1_589' title='bbox 154 4837 416 4896; x_wconf 88' lang='lat' dir='ltr'>Victoris</span> <span class='ocrx_word' id='word_1_590' title='bbox 446 4843 1062 4910; x_wconf 88' lang='lat' dir='ltr'>consecratam,quam</span> <span class='ocrx_word' id='word_1_591' title='bbox 1095 4839 1224 4910; x_wconf 90' lang='lat' dir='ltr'>ipso</span> <span class='ocrx_word' id='word_1_592' title='bbox 1253 4837 1600 4894; x_wconf 90' lang='lat' dir='ltr'>Adelbertus</span> <span class='ocrx_word' id='word_1_593' title='bbox 1620 4837 1679 4892; x_wconf 92' lang='lat' dir='ltr'>in</span> <span class='ocrx_word' id='word_1_594' title='bbox 1703 4837 1828 4893; x_wconf 88' lang='lat' dir='ltr'>suis</span> 
     </span>
    </p>
   </div>
   <div class='ocr_carea' id='block_1_96' title="bbox 157 4925 1829 5000">
    <p class='ocr_par' dir='ltr' id='par_1_96' title="bbox 157 4925 1829 5000">
     <span class='ocr_line' id='line_1_98' title="bbox 157 4925 1829 5000; baseline -0.001 -19"><span class='ocrx_word' id='word_1_595' title='bbox 157 4928 417 5000; x_wconf 89' lang='lat' dir='ltr'>propriis</span> <span class='ocrx_word' id='word_1_596' title='bbox 447 4929 644 4996; x_wconf 89' lang='lat' dir='ltr'>rebus,</span> <span class='ocrx_word' id='word_1_597' title='bbox 667 4926 912 4983; x_wconf 90' lang='lat' dir='ltr'>videlice</span> <span class='ocrx_word' id='word_1_598' title='bbox 970 4927 1029 4981; x_wconf 90' lang='lat' dir='ltr'>in</span> <span class='ocrx_word' id='word_1_599' title='bbox 1064 4943 1208 4998; x_wconf 89' lang='lat' dir='ltr'>rupe</span> <span class='ocrx_word' id='word_1_600' title='bbox 1239 4943 1367 4998; x_wconf 69' lang='lat' dir='ltr'>qua:</span> <span class='ocrx_word' id='word_1_601' title='bbox 1388 4925 1648 4982; x_wconf 80' lang='lat' dir='ltr'>Canuxia</span> <span class='ocrx_word' id='word_1_602' title='bbox 1667 4942 1829 4981; x_wconf 78' lang='lat' dir='ltr'>voca-</span> 
     </span>
    </p>
   </div>
   <div class='ocr_carea' id='block_1_97' title="bbox 155 5012 1826 5085">
    <p class='ocr_par' dir='ltr' id='par_1_97' title="bbox 155 5012 1826 5085">
     <span class='ocr_line' id='line_1_99' title="bbox 155 5012 1826 5085; baseline -0.001 -15"><span class='ocrx_word' id='word_1_603' title='bbox 155 5021 274 5085; x_wconf 88' lang='lat' dir='ltr'>tur,</span> <span class='ocrx_word' id='word_1_604' title='bbox 309 5017 386 5072; x_wconf 87' lang='lat' dir='ltr'>ab</span> <span class='ocrx_word' id='word_1_605' title='bbox 417 5017 558 5074; x_wconf 88' lang='lat' dir='ltr'>imis</span> <span class='ocrx_word' id='word_1_606' title='bbox 587 5015 986 5072; x_wconf 82' lang='lat' dir='ltr'>fundamentis</span> <span class='ocrx_word' id='word_1_607' title='bbox 1017 5018 1445 5082; x_wconf 80' lang='lat' dir='ltr'>construxerat,</span> <span class='ocrx_word' id='word_1_608' title='bbox 1477 5018 1535 5070; x_wconf 89' lang='lat' dir='ltr'>et</span> <span class='ocrx_word' id='word_1_609' title='bbox 1564 5015 1636 5070; x_wconf 86' lang='lat' dir='ltr'>ad</span> <span class='ocrx_word' id='word_1_610' title='bbox 1676 5012 1826 5068; x_wconf 89' lang='lat' dir='ltr'>divi-</span> 
     </span>
    </p>
   </div>
   <div class='ocr_carea' id='block_1_98' title="bbox 157 5103 1825 5176">
    <p class='ocr_par' dir='ltr' id='par_1_98' title="bbox 157 5103 1825 5176">
     <span class='ocr_line' id='line_1_100' title="bbox 157 5103 1825 5176; baseline -0.001 -17"><span class='ocrx_word' id='word_1_611' title='bbox 157 5121 302 5161; x_wconf 90' lang='lat' dir='ltr'>num</span> <span class='ocrx_word' id='word_1_612' title='bbox 337 5105 566 5162; x_wconf 89' lang='lat' dir='ltr'>cultum</span> <span class='ocrx_word' id='word_1_613' title='bbox 589 5105 751 5162; x_wconf 88' lang='lat' dir='ltr'>varia</span> <span class='ocrx_word' id='word_1_614' title='bbox 772 5105 964 5176; x_wconf 86' lang='lat' dir='ltr'>specie</span> <span class='ocrx_word' id='word_1_615' title='bbox 991 5103 1692 5174; x_wconf 88' lang='lat' dir='ltr'>dedicaverat,eidemque</span> <span class='ocrx_word' id='word_1_616' title='bbox 1708 5103 1825 5159; x_wconf 89' lang='lat' dir='ltr'>Deo</span> 
     </span>
    </p>
   </div>
   <div class='ocr_carea' id='block_1_99' title="bbox 154 5191 1824 5265">
    <p class='ocr_par' dir='ltr' id='par_1_99' title="bbox 154 5191 1824 5265">
     <span class='ocr_line' id='line_1_101' title="bbox 154 5191 1824 5265; baseline -0.002 -17"><span class='ocrx_word' id='word_1_617' title='bbox 154 5197 213 5248; x_wconf 88' lang='lat' dir='ltr'>et</span> <span class='ocrx_word' id='word_1_618' title='bbox 242 5195 470 5250; x_wconf 87' lang='lat' dir='ltr'>sanctis</span> <span class='ocrx_word' id='word_1_619' title='bbox 503 5193 718 5250; x_wconf 89' lang='lat' dir='ltr'>obtulit</span> <span class='ocrx_word' id='word_1_620' title='bbox 747 5191 1130 5265; x_wconf 84' lang='lat' dir='ltr'>proprietario</span> <span class='ocrx_word' id='word_1_621' title='bbox 1154 5193 1290 5262; x_wconf 87' lang='lat' dir='ltr'>jure</span> <span class='ocrx_word' id='word_1_622' title='bbox 1320 5191 1514 5247; x_wconf 88' lang='lat' dir='ltr'>omnis</span> <span class='ocrx_word' id='word_1_623' title='bbox 1550 5191 1824 5246; x_wconf 89' lang='lat' dir='ltr'>territorii</span> 
     </span>
    </p>
   </div>
   <div class='ocr_carea' id='block_1_100' title="bbox 154 5279 1823 5356">
    <p class='ocr_par' dir='ltr' id='par_1_100' title="bbox 154 5279 1823 5356">
     <span class='ocr_line' id='line_1_102' title="bbox 154 5279 1823 5356; baseline -0.001 -18"><span class='ocrx_word' id='word_1_624' title='bbox 154 5283 278 5340; x_wconf 87' lang='lat' dir='ltr'>sive</span> <span class='ocrx_word' id='word_1_625' title='bbox 299 5283 507 5356; x_wconf 71' lang='lat' dir='ltr'>praedii</span> <span class='ocrx_word' id='word_1_626' title='bbox 531 5283 624 5339; x_wconf 86' lang='lat' dir='ltr'>sui</span> <span class='ocrx_word' id='word_1_627' title='bbox 651 5283 942 5339; x_wconf 89' lang='lat' dir='ltr'>decimam</span> <span class='ocrx_word' id='word_1_628' title='bbox 963 5281 1037 5338; x_wconf 88' lang='lat' dir='ltr'>ad</span> <span class='ocrx_word' id='word_1_629' title='bbox 1063 5296 1238 5337; x_wconf 89' lang='lat' dir='ltr'>usum</span> <span class='ocrx_word' id='word_1_630' title='bbox 1261 5279 1493 5336; x_wconf 83' lang='lat' dir='ltr'>fruendi</span> <span class='ocrx_word' id='word_1_631' title='bbox 1515 5279 1823 5336; x_wconf 89' lang='lat' dir='ltr'>duodecim</span> 
     </span>
    </p>
   </div>
   <div class='ocr_carea' id='block_1_101' title="bbox 155 5369 1823 5444">
    <p class='ocr_par' dir='ltr' id='par_1_101' title="bbox 155 5369 1823 5444">
     <span class='ocr_line' id='line_1_103' title="bbox 155 5369 1823 5444; baseline -0.001 -18"><span class='ocrx_word' id='word_1_632' title='bbox 155 5371 601 5439; x_wconf 86' lang='lat' dir='ltr'>canonicorum,</span> <span class='ocrx_word' id='word_1_633' title='bbox 622 5371 723 5444; x_wconf 90' lang='lat' dir='ltr'>qui</span> <span class='ocrx_word' id='word_1_634' title='bbox 751 5371 972 5428; x_wconf 89' lang='lat' dir='ltr'>ibidem</span> <span class='ocrx_word' id='word_1_635' title='bbox 995 5387 1098 5442; x_wconf 89' lang='lat' dir='ltr'>pro</span> <span class='ocrx_word' id='word_1_636' title='bbox 1121 5369 1335 5426; x_wconf 82' lang='lat' dir='ltr'>futuris</span> <span class='ocrx_word' id='word_1_637' title='bbox 1367 5369 1729 5440; x_wconf 87' lang='lat' dir='ltr'>temporibus</span> <span class='ocrx_word' id='word_1_638' title='bbox 1749 5369 1823 5424; x_wconf 88' lang='lat' dir='ltr'>ab</span> 
     </span>
    </p>
   </div>
   <div class='ocr_carea' id='block_1_102' title="bbox 155 5455 1822 5532">
    <p class='ocr_par' dir='ltr' id='par_1_102' title="bbox 155 5455 1822 5532">
     <span class='ocr_line' id='line_1_104' title="bbox 155 5455 1822 5532; baseline -0.001 -18"><span class='ocrx_word' id='word_1_639' title='bbox 155 5459 308 5531; x_wconf 89' lang='lat' dir='ltr'>ipso,</span> <span class='ocrx_word' id='word_1_640' title='bbox 325 5477 434 5517; x_wconf 90' lang='lat' dir='ltr'>seu</span> <span class='ocrx_word' id='word_1_641' title='bbox 457 5477 492 5517; x_wconf 90' lang='lat' dir='ltr'>a</span> <span class='ocrx_word' id='word_1_642' title='bbox 511 5459 649 5518; x_wconf 82' lang='lat' dir='ltr'>filiis</span> <span class='ocrx_word' id='word_1_643' title='bbox 675 5460 820 5530; x_wconf 84' lang='lat' dir='ltr'>suis,</span> <span class='ocrx_word' id='word_1_644' title='bbox 835 5459 1150 5532; x_wconf 88' lang='lat' dir='ltr'>nepotibus</span> <span class='ocrx_word' id='word_1_645' title='bbox 1166 5475 1235 5515; x_wconf 88' lang='lat' dir='ltr'>ac</span> <span class='ocrx_word' id='word_1_646' title='bbox 1255 5456 1676 5530; x_wconf 88' lang='lat' dir='ltr'>pronepotibus</span> <span class='ocrx_word' id='word_1_647' title='bbox 1697 5455 1822 5513; x_wconf 90' lang='lat' dir='ltr'>suis</span> 
     </span>
    </p>
   </div>
   <div class='ocr_carea' id='block_1_103' title="bbox 153 5544 1820 5621">
    <p class='ocr_par' dir='ltr' id='par_1_103' title="bbox 153 5544 1820 5621">
     <span class='ocr_line' id='line_1_105' title="bbox 153 5544 1820 5621; baseline -0.002 -18"><span class='ocrx_word' id='word_1_648' title='bbox 153 5549 414 5604; x_wconf 88' lang='lat' dir='ltr'>ordinati</span> <span class='ocrx_word' id='word_1_649' title='bbox 447 5549 684 5618; x_wconf 84' lang='lat' dir='ltr'>fuerint,</span> <span class='ocrx_word' id='word_1_650' title='bbox 718 5547 1041 5621; x_wconf 87' lang='lat' dir='ltr'>apostolica</span> <span class='ocrx_word' id='word_1_651' title='bbox 1069 5545 1258 5604; x_wconf 89' lang='lat' dir='ltr'>nostri</span> <span class='ocrx_word' id='word_1_652' title='bbox 1299 5544 1586 5619; x_wconf 86' lang='lat' dir='ltr'>privilegii</span> <span class='ocrx_word' id='word_1_653' title='bbox 1623 5547 1820 5600; x_wconf 88' lang='lat' dir='ltr'>aucto-</span> 
     </span>
    </p>
   </div>
   <div class='ocr_carea' id='block_1_104' title="bbox 153 5633 1822 5709">
    <p class='ocr_par' dir='ltr' id='par_1_104' title="bbox 153 5633 1822 5709">
     <span class='ocr_line' id='line_1_106' title="bbox 153 5633 1822 5709; baseline -0.002 -15"><span class='ocrx_word' id='word_1_654' title='bbox 153 5637 329 5695; x_wconf 84' lang='lat' dir='ltr'>ritate</span> <span class='ocrx_word' id='word_1_655' title='bbox 379 5637 730 5696; x_wconf 78' lang='lat' dir='ltr'>contirmare</span> <span class='ocrx_word' id='word_1_656' title='bbox 773 5653 838 5694; x_wconf 87' lang='lat' dir='ltr'>ac</span> <span class='ocrx_word' id='word_1_657' title='bbox 888 5637 1160 5694; x_wconf 89' lang='lat' dir='ltr'>roborare</span> <span class='ocrx_word' id='word_1_658' title='bbox 1207 5636 1604 5709; x_wconf 85' lang='lat' dir='ltr'>dignaremur.</span> <span class='ocrx_word' id='word_1_659' title='bbox 1639 5633 1822 5706; x_wconf 88' lang='lat' dir='ltr'>Cujus</span> 
     </span>
    </p>
   </div>
   <div class='ocr_carea' id='block_1_105' title="bbox 150 5724 1822 5802">
    <p class='ocr_par' dir='ltr' id='par_1_105' title="bbox 150 5724 1822 5802">
     <span class='ocr_line' id='line_1_107' title="bbox 150 5724 1822 5802; baseline 0 -19"><span class='ocrx_word' id='word_1_660' title='bbox 150 5727 342 5802; x_wconf 82' lang='lat' dir='ltr'>igitur</span> <span class='ocrx_word' id='word_1_661' title='bbox 375 5727 594 5787; x_wconf 74' lang='lat' dir='ltr'>devotis</span> <span class='ocrx_word' id='word_1_662' title='bbox 625 5727 892 5801; x_wconf 87' lang='lat' dir='ltr'>petitioni</span> <span class='ocrx_word' id='word_1_663' title='bbox 927 5730 1275 5796; x_wconf 84' lang='lat' dir='ltr'>annuentes,</span> <span class='ocrx_word' id='word_1_664' title='bbox 1301 5729 1357 5785; x_wconf 88' lang='lat' dir='ltr'>et</span> <span class='ocrx_word' id='word_1_665' title='bbox 1402 5724 1554 5784; x_wconf 88' lang='lat' dir='ltr'>bono</span> <span class='ocrx_word' id='word_1_666' title='bbox 1602 5727 1732 5784; x_wconf 86' lang='lat' dir='ltr'>voto</span> <span class='ocrx_word' id='word_1_667' title='bbox 1763 5727 1822 5783; x_wconf 89' lang='lat' dir='ltr'>et</span> 
     </span>
    </p>
   </div>
   <div class='ocr_carea' id='block_1_106' title="bbox 1939 4746 3592 4818">
    <p class='ocr_par' dir='ltr' id='par_1_106' title="bbox 1939 4746 3592 4818">
     <span class='ocr_line' id='line_1_108' title="bbox 1939 4746 3592 4818; baseline 0.005 -16"><span class='ocrx_word' id='word_1_668' title='bbox 1939 4747 2294 4802; x_wconf 87' lang='lat' dir='ltr'>monasteria</span> <span class='ocrx_word' id='word_1_669' title='bbox 2324 4746 2674 4818; x_wconf 88' lang='lat' dir='ltr'>puellarum,</span> <span class='ocrx_word' id='word_1_670' title='bbox 2697 4765 2879 4803; x_wconf 86' lang='lat' dir='ltr'>unum</span> <span class='ocrx_word' id='word_1_671' title='bbox 2911 4755 3124 4805; x_wconf 70' lang='lat' dir='ltr'>sanctae</span> <span class='ocrx_word' id='word_1_672' title='bbox 3149 4750 3342 4806; x_wconf 70' lang='lat' dir='ltr'>Mariae</span> <span class='ocrx_word' id='word_1_673' title='bbox 3375 4753 3433 4808; x_wconf 91' lang='lat' dir='ltr'>in</span> <span class='ocrx_word' id='word_1_674' title='bbox 3464 4753 3592 4810; x_wconf 90' lang='lat' dir='ltr'>loco</span> 
     </span>
    </p>
   </div>
   <div class='ocr_carea' id='block_1_107' title="bbox 1937 4835 3590 4910">
    <p class='ocr_par' dir='ltr' id='par_1_107' title="bbox 1937 4835 3590 4910">
     <span class='ocr_line' id='line_1_109' title="bbox 1937 4835 3590 4910; baseline 0.004 -18"><span class='ocrx_word' id='word_1_675' title='bbox 1937 4835 2038 4908; x_wconf 85' lang='lat' dir='ltr'>qui</span> <span class='ocrx_word' id='word_1_676' title='bbox 2097 4835 2491 4890; x_wconf 89' lang='lat' dir='ltr'>Plnmbariola</span> <span class='ocrx_word' id='word_1_677' title='bbox 2546 4841 2804 4907; x_wconf 89' lang='lat' dir='ltr'>vocatur,</span> <span class='ocrx_word' id='word_1_678' title='bbox 2838 4836 2998 4893; x_wconf 89' lang='lat' dir='ltr'>aliud</span> <span class='ocrx_word' id='word_1_679' title='bbox 3058 4839 3324 4910; x_wconf 89' lang='lat' dir='ltr'>ejusdem</span> <span class='ocrx_word' id='word_1_680' title='bbox 3375 4849 3590 4899; x_wconf 78' lang='lat' dir='ltr'>sanctae</span> 
     </span>
    </p>
   </div>
   <div class='ocr_carea' id='block_1_108' title="bbox 1939 4923 3588 4998">
    <p class='ocr_par' dir='ltr' id='par_1_108' title="bbox 1939 4923 3588 4998">
     <span class='ocr_line' id='line_1_110' title="bbox 1939 4923 3588 4998; baseline 0.005 -18"><span class='ocrx_word' id='word_1_681' title='bbox 1939 4925 2133 4981; x_wconf 67' lang='lat' dir='ltr'>Maria:</span> <span class='ocrx_word' id='word_1_682' title='bbox 2166 4925 2222 4979; x_wconf 90' lang='lat' dir='ltr'>in</span> <span class='ocrx_word' id='word_1_683' title='bbox 2259 4923 2382 4980; x_wconf 92' lang='lat' dir='ltr'>loco</span> <span class='ocrx_word' id='word_1_684' title='bbox 2415 4925 2512 4996; x_wconf 89' lang='lat' dir='ltr'>qui</span> <span class='ocrx_word' id='word_1_685' title='bbox 2553 4925 2756 4998; x_wconf 86' lang='lat' dir='ltr'>Cingla</span> <span class='ocrx_word' id='word_1_686' title='bbox 2803 4926 3039 4996; x_wconf 87' lang='lat' dir='ltr'>dicitur,</span> <span class='ocrx_word' id='word_1_687' title='bbox 3061 4932 3119 4982; x_wconf 87' lang='lat' dir='ltr'>et</span> <span class='ocrx_word' id='word_1_688' title='bbox 3165 4932 3588 4989; x_wconf 88' lang='lat' dir='ltr'>monasterium</span> 
     </span>
    </p>
   </div>
   <div class='ocr_carea' id='block_1_109' title="bbox 1937 5014 3590 5084">
    <p class='ocr_par' dir='ltr' id='par_1_109' title="bbox 1937 5014 3590 5084">
     <span class='ocr_line' id='line_1_111' title="bbox 1937 5014 3590 5084; baseline 0.005 -15"><span class='ocrx_word' id='word_1_689' title='bbox 1937 5018 2150 5069; x_wconf 75' lang='lat' dir='ltr'>sancta:</span> <span class='ocrx_word' id='word_1_690' title='bbox 2173 5014 2420 5084; x_wconf 64' lang='lat' dir='ltr'>Sophia),</span> <span class='ocrx_word' id='word_1_691' title='bbox 2454 5021 2857 5071; x_wconf 90' lang='lat' dir='ltr'>constructum</span> <span class='ocrx_word' id='word_1_692' title='bbox 2885 5016 3036 5071; x_wconf 88' lang='lat' dir='ltr'>infra</span> <span class='ocrx_word' id='word_1_693' title='bbox 3064 5018 3354 5075; x_wconf 85' lang='lat' dir='ltr'>civitatem</span> <span class='ocrx_word' id='word_1_694' title='bbox 3404 5022 3590 5078; x_wconf 89' lang='lat' dir='ltr'>Bene-</span> 
     </span>
    </p>
   </div>
   <div class='ocr_carea' id='block_1_110' title="bbox 1935 5103 3589 5170">
    <p class='ocr_par' dir='ltr' id='par_1_110' title="bbox 1935 5103 3589 5170">
     <span class='ocr_line' id='line_1_112' title="bbox 1935 5103 3589 5170; baseline 0.006 -14"><span class='ocrx_word' id='word_1_695' title='bbox 1935 5108 2269 5170; x_wconf 90' lang='lat' dir='ltr'>ventanam,</span> <span class='ocrx_word' id='word_1_696' title='bbox 2298 5103 2438 5158; x_wconf 89' lang='lat' dir='ltr'>item</span> <span class='ocrx_word' id='word_1_697' title='bbox 2460 5106 2518 5158; x_wconf 91' lang='lat' dir='ltr'>et</span> <span class='ocrx_word' id='word_1_698' title='bbox 2548 5105 2970 5160; x_wconf 87' lang='lat' dir='ltr'>monasterium</span> <span class='ocrx_word' id='word_1_699' title='bbox 3021 5112 3238 5163; x_wconf 66' lang='lat' dir='ltr'>sanctae</span> <span class='ocrx_word' id='word_1_700' title='bbox 3289 5109 3484 5165; x_wconf 66' lang='lat' dir='ltr'>Maria)</span> <span class='ocrx_word' id='word_1_701' title='bbox 3527 5110 3589 5166; x_wconf 88' lang='lat' dir='ltr'>in</span> 
     </span>
    </p>
   </div>
   <div class='ocr_carea' id='block_1_111' title="bbox 1935 5190 3588 5260">
    <p class='ocr_par' dir='ltr' id='par_1_111' title="bbox 1935 5190 3588 5260">
     <span class='ocr_line' id='line_1_113' title="bbox 1935 5190 3588 5260; baseline 0.007 -15"><span class='ocrx_word' id='word_1_702' title='bbox 1935 5190 2164 5246; x_wconf 88' lang='lat' dir='ltr'>civitate</span> <span class='ocrx_word' id='word_1_703' title='bbox 2195 5190 2468 5247; x_wconf 88' lang='lat' dir='ltr'>Cosentia</span> <span class='ocrx_word' id='word_1_704' title='bbox 2497 5197 2924 5260; x_wconf 88' lang='lat' dir='ltr'>consecratum,</span> <span class='ocrx_word' id='word_1_705' title='bbox 2955 5199 3014 5250; x_wconf 90' lang='lat' dir='ltr'>et</span> <span class='ocrx_word' id='word_1_706' title='bbox 3043 5194 3222 5250; x_wconf 86' lang='lat' dir='ltr'>simul</span> <span class='ocrx_word' id='word_1_707' title='bbox 3251 5197 3429 5254; x_wconf 90' lang='lat' dir='ltr'>etiam</span> <span class='ocrx_word' id='word_1_708' title='bbox 3462 5216 3588 5256; x_wconf 55' lang='lat' dir='ltr'>mo-</span> 
     </span>
    </p>
   </div>
   <div class='ocr_carea' id='block_1_112' title="bbox 1935 5279 3589 5360">
    <p class='ocr_par' dir='ltr' id='par_1_112' title="bbox 1935 5279 3589 5360">
     <span class='ocr_line' id='line_1_114' title="bbox 1935 5279 3589 5360; baseline 0.006 -25"><span class='ocrx_word' id='word_1_709' title='bbox 1935 5279 2258 5336; x_wconf 89' lang='lat' dir='ltr'>nasterium</span> <span class='ocrx_word' id='word_1_710' title='bbox 2289 5279 2475 5336; x_wconf 89' lang='lat' dir='ltr'>sancti</span> <span class='ocrx_word' id='word_1_711' title='bbox 2497 5281 2792 5338; x_wconf 87' lang='lat' dir='ltr'>Benedicti</span> <span class='ocrx_word' id='word_1_712' title='bbox 2839 5281 2994 5339; x_wconf 88' lang='lat' dir='ltr'>infra</span> <span class='ocrx_word' id='word_1_713' title='bbox 3017 5283 3309 5342; x_wconf 87' lang='lat' dir='ltr'>civitatem</span> <span class='ocrx_word' id='word_1_714' title='bbox 3357 5288 3589 5360; x_wconf 86' lang='lat' dir='ltr'>Capua-</span> 
     </span>
    </p>
   </div>
   <div class='ocr_carea' id='block_1_113' title="bbox 1935 5371 3588 5448">
    <p class='ocr_par' dir='ltr' id='par_1_113' title="bbox 1935 5371 3588 5448">
     <span class='ocr_line' id='line_1_115' title="bbox 1935 5371 3588 5448; baseline 0.006 -25"><span class='ocrx_word' id='word_1_715' title='bbox 1935 5385 2093 5435; x_wconf 90' lang='lat' dir='ltr'>nam,</span> <span class='ocrx_word' id='word_1_716' title='bbox 2127 5373 2404 5441; x_wconf 66' lang='lat' dir='ltr'>praeterea</span> <span class='ocrx_word' id='word_1_717' title='bbox 2450 5374 2508 5426; x_wconf 89' lang='lat' dir='ltr'>et</span> <span class='ocrx_word' id='word_1_718' title='bbox 2559 5371 2984 5427; x_wconf 88' lang='lat' dir='ltr'>monasterium</span> <span class='ocrx_word' id='word_1_719' title='bbox 3037 5373 3390 5445; x_wconf 88' lang='lat' dir='ltr'>puellarum,</span> <span class='ocrx_word' id='word_1_720' title='bbox 3431 5378 3588 5448; x_wconf 89' lang='lat' dir='ltr'>quod</span> 
     </span>
    </p>
   </div>
   <div class='ocr_carea' id='block_1_114' title="bbox 1931 5458 3588 5536">
    <p class='ocr_par' dir='ltr' id='par_1_114' title="bbox 1931 5458 3588 5536">
     <span class='ocr_line' id='line_1_116' title="bbox 1931 5458 3588 5536; baseline 0.005 -24"><span class='ocrx_word' id='word_1_721' title='bbox 1931 5461 2172 5513; x_wconf 86' lang='lat' dir='ltr'>vocatur</span> <span class='ocrx_word' id='word_1_722' title='bbox 2191 5458 2378 5514; x_wconf 90' lang='lat' dir='ltr'>sancti</span> <span class='ocrx_word' id='word_1_723' title='bbox 2400 5458 2647 5516; x_wconf 84' lang='lat' dir='ltr'>Joannis</span> <span class='ocrx_word' id='word_1_724' title='bbox 2664 5459 2723 5514; x_wconf 91' lang='lat' dir='ltr'>in</span> <span class='ocrx_word' id='word_1_725' title='bbox 2741 5459 2976 5518; x_wconf 88' lang='lat' dir='ltr'>civitate</span> <span class='ocrx_word' id='word_1_726' title='bbox 2989 5463 3115 5533; x_wconf 88' lang='lat' dir='ltr'>jam</span> <span class='ocrx_word' id='word_1_727' title='bbox 3139 5463 3296 5521; x_wconf 90' lang='lat' dir='ltr'>dicta</span> <span class='ocrx_word' id='word_1_728' title='bbox 3309 5465 3588 5536; x_wconf 86' lang='lat' dir='ltr'>Capuana</span> 
     </span>
    </p>
   </div>
   <div class='ocr_carea' id='block_1_115' title="bbox 1933 5547 3586 5626">
    <p class='ocr_par' dir='ltr' id='par_1_115' title="bbox 1933 5547 3586 5626">
     <span class='ocr_line' id='line_1_117' title="bbox 1933 5547 3586 5626; baseline 0.005 -24"><span class='ocrx_word' id='word_1_729' title='bbox 1933 5551 2362 5616; x_wconf 89' lang='lat' dir='ltr'>consecratum,</span> <span class='ocrx_word' id='word_1_730' title='bbox 2395 5551 2453 5604; x_wconf 89' lang='lat' dir='ltr'>et</span> <span class='ocrx_word' id='word_1_731' title='bbox 2481 5547 2659 5604; x_wconf 90' lang='lat' dir='ltr'>simul</span> <span class='ocrx_word' id='word_1_732' title='bbox 2689 5548 2867 5605; x_wconf 89' lang='lat' dir='ltr'>etiam</span> <span class='ocrx_word' id='word_1_733' title='bbox 2897 5551 3156 5608; x_wconf 69' lang='lat' dir='ltr'>ecclesiae</span> <span class='ocrx_word' id='word_1_734' title='bbox 3201 5569 3305 5625; x_wconf 90' lang='lat' dir='ltr'>per</span> <span class='ocrx_word' id='word_1_735' title='bbox 3349 5553 3586 5626; x_wconf 82' lang='lat' dir='ltr'>singula</span> 
     </span>
    </p>
   </div>
   <div class='ocr_carea' id='block_1_116' title="bbox 1932 5633 3581 5714">
    <p class='ocr_par' dir='ltr' id='par_1_116' title="bbox 1932 5633 3581 5714">
     <span class='ocr_line' id='line_1_118' title="bbox 1932 5633 3581 5714; baseline 0.004 -24"><span class='ocrx_word' id='word_1_736' title='bbox 1932 5633 2058 5692; x_wconf 90' lang='lat' dir='ltr'>loca</span> <span class='ocrx_word' id='word_1_737' title='bbox 2088 5640 2456 5706; x_wconf 67' lang='lat' dir='ltr'>constructae,</span> <span class='ocrx_word' id='word_1_738' title='bbox 2473 5637 2765 5710; x_wconf 64' lang='lat' dir='ltr'>praedictis</span> <span class='ocrx_word' id='word_1_739' title='bbox 2796 5641 3171 5697; x_wconf 88' lang='lat' dir='ltr'>monasteriis</span> <span class='ocrx_word' id='word_1_740' title='bbox 3203 5643 3581 5714; x_wconf 87' lang='lat' dir='ltr'>pertinentes.</span> 
     </span>
    </p>
   </div>
   <div class='ocr_carea' id='block_1_117' title="bbox 1929 5724 3584 5802">
    <p class='ocr_par' dir='ltr' id='par_1_117' title="bbox 1929 5724 3584 5802">
     <span class='ocr_line' id='line_1_119' title="bbox 1929 5724 3584 5802; baseline 0.006 -20"><span class='ocrx_word' id='word_1_741' title='bbox 1929 5724 2247 5802; x_wconf 79' lang='lat' dir='ltr'>privilegiis</span> <span class='ocrx_word' id='word_1_742' title='bbox 2280 5726 2610 5801; x_wconf 76' lang='lat' dir='ltr'>apostolica:</span> <span class='ocrx_word' id='word_1_743' title='bbox 2659 5727 2818 5788; x_wconf 88' lang='lat' dir='ltr'>sedis</span> <span class='ocrx_word' id='word_1_744' title='bbox 2867 5729 3070 5789; x_wconf 84' lang='lat' dir='ltr'>infulis</span> <span class='ocrx_word' id='word_1_745' title='bbox 3119 5729 3487 5802; x_wconf 85' lang='lat' dir='ltr'>decorentur,</span> <span class='ocrx_word' id='word_1_746' title='bbox 3517 5733 3584 5792; x_wconf 78' lang='lat' dir='ltr'>ut</span> 
     </span>
    </p>
   </div>
  </div>
