3912 6370
356 358 471 418 327

1650 343 2063 410 BENEDIC’I‘I
2106 344 2337 406 PAPZE
2380 346 2485 407 VII

3667 350 3803 412 328

357 480 895 553 subjurisdictione
927 482 1159 543 sanctze,
1193 476 1287 530 cui
1339 476 1453 529 Deo
1492 481 1724 529 auctore
1754 469 2005 526 deservi-
2038 470 2084 533 Α
2122 486 2223 538 per
2274 471 2450 541 hujus
2503 473 2716 526 decreti
2768 476 2949 527 nostri
3006 476 3305 547 paginam,
3362 475 3797 531 interdicimus

356 587 488 626 mus
514 569 767 624 ecclesim
790 564 1377 633 constitutm,nnllius
1411 564 1664 615 erclesim
1691 560 2003 628 cujuslibet

352 660 759 730 episcoporum
791 654 1114 710 ditionibus
1148 656 1602 715 commoveatur,
1638 650 1725 705 vel
1761 646 2008 703 submit-

350 751 526 802 tatur.
558 747 665 800 Pro
695 761 813 816 qua
842 760 901 798 re
933 742 1054 814 piis‘
1074 740 1380 797 desideriis
1413 740 1691 807 faventes,
1715 754 1781 792 ac
1808 740 2009 792 nostra

348 835 713 901 auctoritate,
758 833 815 886 id
847 832 1000 904 quod
1043 830 1377 902 exposcitur
1416 827 1679 899 petitioni
1713 826 2008 895 mancipa‘

348 940 511 1002 mus;
546 927 603 977 et
636 923 762 977 ideo
793 938 1025 976 omnem
1049 918 1365 990 cujuslibet
1384 915 2001 987 C(‘ClCSiﬁH‘piSCOpum

346 1013 405 1067 in
437 1012 676 1083 praefata
702 1008 1056 1064 venerabilia
1100 1007 1244 1074 loca,
1280 1020 1696 1078 quamcunque
1717 1002 1999 1057 ditionem

344 1101 557 1156 habere
578 1098 817 1154 omnino
849 1097 1472 1170 prohibemus,pra3ter
1503 1094 1701 1149 sedem
1737 1095 1999 1145 nostram

342 1189 720 1261 apostolicam
742 1188 1023 1242 habentes
1049 1190 1399 1255 resj‘wrtum,
1417 1183 1626 1238 aniodo
1648 1187 1704 1237 et
1727 1180 1999 1250 deinceps

342 1279 560 1333 omisso
591 1277 857 1333 videlicet
887 1276 1045 1330 omni
1091 1274 1341 1329 novitate
1375 1278 1433 1327 et
1464 1271 1737 1325 violentia
1790 1270 1845 1323 in
1896 1286 1995 1323 ea-

342 1368 475 1421 dem
507 1367 862 1422 monasteria
895 1365 1296 1437 prohibemus;
1332 1363 1410 1415 ita
1460 1366 1548 1429 ut,
1600 1360 1711 1415 nisi
1758 1358 1893 1429 quis
1923 1359 1995 1411 ab

340 1457 551 1513 abbate
584 1454 925 1511 monasterii
960 1454 1135 1508 fuerit
1156 1453 1455 1515 invitatus,
1477 1465 1662 1521 neque
1697 1448 1769 1503 ad
1793 1464 1993 1502 conse-

339 1546 621 1600 crandam
651 1544 982 1611 ecclesiam,
1002 1541 1093 1598 vel
1113 1541 1474 1596 sacerdotem
1497 1539 1567 1593 de
1591 1537 1845 1609 prrel‘atis
1878 1552 1995 1589 mo-

338 1633 631 1700 nasteriis,
653 1633 773 1688 sive
805 1632 865 1687 in
895 1632 1173 1687 omnibus
1213 1628 1374 1685 cellis
1406 1628 1622 1682 ibidem
1648 1624 1990 1697 pertinenti-

336 1722 447 1778 bus
463 1726 781 1794 prc'esumat
812 1720 1058 1793 ingredi,
1075 1736 1178 1775 nec
1203 1719 1519 1773 missarum
1543 1715 1759 1769 ibidem
1785 1712 1991 1770 solem-

2120 562 2394 612 omuibus
2420 562 2657 613 omnino
2677 562 2991 630 cujuslibet
3016 563 3270 618 ecclesia:
3295 564 3792 634 praisulibusn’el

2119 650 2524 719 cujuscunque
2554 650 2860 721 dignitatis
2887 651 3146 723 przeditis
3169 659 3479 724 potestate,
3497 655 3614 709 sub
3641 671 3794 709 ana-

2117 736 2397 792 thematis
2422 738 2923 807 interdictione,et
2944 741 3141 795 aeterni
3157 741 3368 811 judicii
3390 741 3797 815 obligatione,

2116 826 2216 896 qui
2265 828 2705 897 praesumpserit
2754 830 3021 898 praesenti
3068 830 3476 886 constitutioni
3527 849 3564 886 a
3608 832 3793 887 nobis

2114 916 2352 983 pra‘t‘ato
2376 916 2731 969 monasterio
2762 915 3301 989 indultm,quolibet
3323 922 3498 975 modo
3522 921 3790 976 existere

2116 1008 2445 1059 temerator.
2459 1046 2470 1058 .
2483 1046 2494 1059 .

2183 1093 2477 1162 Scriptum
2506 1112 2606 1164 per
2628 1111 2867 1149 manum
2893 1096 3173 1166 Stephani
3199 1098 3407 1152 notarii
3428 1099 3783 1171 regiouarii,

2110 1185 2166 1233 et
2211 1182 2500 1235 scriniarii
2552 1188 2766 1236 sanetae
2821 1184 3091 1238 Romana:
3135 1186 3423 1254 ECCIOSiiD,
3462 1188 3520 1241 in
3568 1205 3784 1243 mense

2109 1269 2279 1336 Maio,
2320 1272 2637 1324 indictione
2667 1289 2721 1325 v.
2758 1273 2906 1325 Bene
2935 1272 3137 1327 valete.

2177 1360 2390 1414 Datum
2429 1378 2488 1413 ιιι
2510 1360 2630 1415 Kal.
2650 1361 2809 1414 Junii
2835 1378 2938 1431 per
2960 1379 3200 1416 manum
3221 1364 3500 1434 Stephani
3530 1382 3782 1419 nomen-

2105 1450 2349 1504 cratoris
2383 1450 2500 1521 (sic)
2525 1454 2740 1504 sancta:
2781 1450 2938 1505 sedis
2978 1437 3502 1522 apostolicie,anno
3537 1456 3780 1525 pontiﬁ-

2104 1543 2271 1594 catus
2299 1538 2497 1592 domni
2522 1539 2704 1593 nostri
2740 1539 3036 1594 Benedicti
3068 1541 3285 1596 summi
3319 1543 3626 1612 pontiﬁcis
3648 1544 3777 1613 VII,

2103 1644 2265 1700 papae
2299 1645 2384 1696 ιιι,
2416 1627 2742 1698 imperante
2775 1628 2990 1683 domno
3039 1634 3237 1685 nostro
3284 1630 3497 1687 Ottone
3547 1649 3585 1687 a
3624 1632 3772 1699 Deo,

2102 1721 2376 1773 coronato
2410 1733 2623 1788 magno
2653 1720 2710 1770 et
2739 1716 2981 1787 paciﬁco
3023 1718 3393 1789 imperatore,
3425 1724 3585 1775 anno
3616 1738 3682 1790 ιε,
3717 1722 3774 1774 in

336 1811 582 1867 nitatem
613 1809 908 1883 quispiam
942 1808 1252 1880 episcopus
1283 1807 1601 1879 praesumat
1648 1803 1990 1859 omnimodo
2026 1840 2074 1904 Β
2106 1823 2306 1862 mense
2336 1812 2394 1861 et
2427 1806 2745 1861 indictione
2775 1823 2829 1861 v.

334 1900 478 1956 inibi
514 1899 830 1955 celebrare.

403 1990 488 2044 Ad
521 1988 946 2045 consecrandus
970 1991 1164 2042 autem
1198 1985 1472 2040 ecclesias
1499 1984 1555 2037 in
1574 1981 1996 2054 suprascriptis

335 2078 733 2145 monasteriis,
766 2077 854 2131 vel
905 2075 1088 2143 cellis,
1125 2088 1535 2146 quemcunque
1584 2071 1993 2142 episcoporum

336 2167 583 2223 invitare
603 2165 851 2222 voluerit
874 2166 997 2237 ipse
1018 2165 1220 2231 abbas,
1244 2164 1370 2218 sine
1393 2160 1713 2232 cujuslibet
1748 2158 1991 2229 impedi-

336 2260 533 2312 mento
564 2254 942 2310 concedimus
963 2258 1339 2325 potestatem,
1356 2256 1421 2305 ut
1445 2250 1701 2321 profecto
1717 2248 1888 2319 juxta
1912 2247 1991 2312 id,

336 2346 491 2417 quod
524 2344 807 2417 subjectis
838 2342 1173 2415 apostolicis
1199 2339 1519 2412 privilegiis
1550 2337 1885 2393 consistunt
1913 2337 1997 2390 in-

336 2449 624 2489 concussa
648 2431 919 2487 donanda
947 2433 1349 2503 permaneant.
1384 2428 1518 2494 Sed,
1544 2431 1601 2481 et
1631 2426 1994 2481 constituen-

334 2527 423 2579 tes
456 2540 572 2578 una
605 2523 746 2577 dum
790 2520 1139 2576 sacerdotali
1190 2522 1386 2574 nostro
1433 2515 1677 2588 collegio
1732 2530 1834 2585 per
1887 2513 1994 2567 hoc

336 2617 605 2668 nostrum
636 2610 1023 2682 apostolicum
1066 2608 1435 2681 privilegium
1468 2606 1667 2662 omnia
1699 2604 1843 2671 loca,
1867 2620 1994 2675 qua}

335 2700 651 2772 aliquando
702 2700 1001 2772 possidere
1049 2698 1178 2770 ipsa
1215 2695 1571 2752 venerabilia
1612 2693 1995 2759 monasteria,

333 2788 421 2843 vel
453 2806 581 2861 qua)
612 2805 768 2844 nunc
799 2788 904 2855 eis,
939 2791 1040 2843 aut
1068 2791 1268 2858 postea
1298 2804 1331 2842 a
1357 2784 1631 2841 ﬁdelibus
1653 2781 1994 2838 hominibus

334 2879 553 2933 fuerint
583 2895 860 2932 concessa
891 2894 993 2948 per
1022 2876 1251 2930 diversa
1283 2874 1594 2941 territoria,
1614 2871 1759 2927 nulli
1785 2869 1996 2925 casta]-

333 2967 462 3034 deo,
494 2972 596 3021 aut
626 2966 941 3036 episcopis,
974 2982 1087 3018 non
1144 2982 1357 3035 magno
1406 2962 1494 3017 vel
1546 2979 1722 3033 parvo
1768 2959 1993 3013 homini

334 3072 437 3126 per
474 3055 778 3126 quodlibet
829 3054 1153 3125 ingenium,
1187 3058 1287 3107 aut
1336 3055 1752 3123 argumentum
1799 3049 1993 3113 liceat,

341 3145 890 3215 quomodocunque,
907 3140 1141 3197 easdem
1174 3142 1445 3196 invadere
1470 3140 1893 3212 possessiones,
1909 3135 1994 3192 vel

332 3249 577 3287 censum
612 3232 833 3298 tollere,
848 3236 948 3285 aut
979 3231 1235 3301 al‘lligere
1284 3230 1625 3297 monachos,
1648 3228 1734 3282 vel
1767 3244 1983 3293 servos,
2027 3208 2071 3275 C

333 3322 433 3376 sed
458 3322 647 3393 magis
668 3322 739 3376 ad
764 3321 997 3375 laudem
1022 3320 1323 3386 Christi,et
1342 3323 1616 3373 mternam
1641 3318 1987 3373 memoriam

332 3409 675 3483 largiturum
709 3416 988 3482 perpetuo
1022 3416 1280 3481 tempore
1331 3413 1608 3463 maneant
1656 3408 1876 3462 intacta
1915 3407 1988 3460 ab

330 3500 629 3567 omnibus,
660 3505 720 3553 et
749 3500 1079 3555 deserviant
1126 3499 1496 3554 solummodo
1545 3502 1758 3553 sancta)
1814 3497 1985 3551 matri

332 3589 607 3645 Romanis
642 3589 929 3656 Ecclesize,
958 3594 1016 3644 et
1044 3588 1243 3643 nullus
1273 3587 1485 3659 priesnl
1516 3588 1730 3642 audeat
1777 3587 1986 3640 amodo

332 3678 391 3732 in
425 3679 570 3750 ipsis
593 3677 899 3734 monachis
921 3679 1205 3750 subjectis
1237 3683 1453 3733 sancta:
1486 3681 1695 3731 nostra:
1719 3674 1986 3731 Ecclesiae

333 3784 749 3840 quamcunque
816 3768 1082 3841 ingerere
1138 3766 1824 3835 excommunicationem,
1883 3764 1984 3820 sed

333 3857 505 3913 liceat
534 3857 617 3913 ita
660 3873 934 3929 peragere
980 3857 1218 3911 deiﬁcos
1260 3872 1472 3911 cursus
1521 3856 1695 3910 sicuti
1744 3871 1778 3910 a
1818 3854 1985 3909 beato

334 3946 644 4001 Benedicto
677 3962 779 4016 per
810 3946 969 4000 illius
1001 3945 1262 4018 regulam
1312 3945 1533 4000 habent
1563 3946 1623 3999 in
1656 3944 1983 4011 mandatis;

334 4037 511 4104 atque
540 4034 961 4089 constituimus
994 4039 1059 4089 ut
1090 4034 1385 4105 quispiam
1434 4033 1645 4105 praesul
1695 4050 1807 4088 non
1841 4050 1984 4104 pra:-

332 4126 532 4177 sumat
562 4138 868 4195 segregare
888 4122 959 4177 ab
992 4121 1276 4190 ecclesiis,
1302 4128 1359 4177 et
1388 4122 1560 4178 dictis
1612 4123 1987 4178 monasteriis

331 4211 762 4283 pertinentibus
784 4210 1066 4283 populum
1090 4211 1307 4267 ibidem
1332 4218 1766 4282 percurrentem
1791 4213 1860 4267 ad
1891 4228 1990 4266 au-

334 4302 612 4357 diendum
639 4301 880 4357 verbum
914 4302 1036 4369 Dei,
1065 4308 1123 4358 et
1167 4304 1541 4357 conﬁtentem
1593 4301 1807 4357 delicta
1857 4319 1984 4367 sua,

332 4395 455 4446 tam
485 4392 545 4446 in
597 4391 864 4461 urbibus,
899 4409 1077 4464 quam
1120 4395 1282 4449 extra
1332 4392 1527 4458 urbes,
1562 4392 1662 4446 sed
1708 4391 1987 4446 canonice

336 4480 704 4552 ingrediatur
732 4482 974 4549 ibidem,
996 4487 1052 4537 et
1073 4483 1409 4552 egrediatur
1439 4482 1682 4537 devotus
1713 4481 1987 4552 populus,

332 4575 389 4623 et
411 4570 667 4624 ccclesize
699 4571 907 4626 vestris
939 4570 1265 4627 ditieuibus
1298 4570 1543 4625 subditae
1576 4570 1852 4624 omnibus
1886 4587 1985 4642 pa-

334 4663 515 4713 teant.
549 4660 659 4714 Sed
712 4660 990 4731 quoniam
1046 4658 1354 4729 pastoralis
1405 4665 1709 4731 propterea
1760 4659 1989 4714 nobisa

334 4746 448 4800 Deo
498 4764 638 4800 cura
686 4748 1004 4802 commissa
1051 4753 1160 4813 est,
1208 4754 1272 4801 ut
1324 4748 1529 4817 vigiles
1591 4750 1649 4802 in
1711 4749 1986 4802 omnibus

333 4834 579 4887 existere
613 4851 964 4902 mereamur,
1000 4852 1092 4900 ne,
1128 4838 1280 4906 quod
1314 4838 1487 4903 absit,
1510 4837 1823 4891 Dominicm
1855 4854 1989 4892 oves

334 4922 607 4991 luporum
642 4923 936 4977 morsibus
970 4922 1280 4978 lanientur.
1313 4928 1437 4990 Qua
1485 4926 1555 4980 de
1606 4944 1664 4981 re
1713 4928 1987 4981 omnibus

333 5008 768 5064 venerabilibus
843 5010 1153 5081 episcopis.
1215 5015 1592 5085 presbyteris,
1649 5017 1984 5082 abbatibus,

334 5097 702 5165 diaconibus,
730 5098 1001 5165 ducibus,
1029 5099 1305 5168 tribunis,
1338 5102 1639 5171 castaldis,
1667 5106 1986 5169 actoribus,

332 5184 419 5239 vel
480 5185 709 5240 cunctis
761 5186 944 5240 Deum
999 5187 1343 5244 timentibus
1394 5196 1606 5246 nostra":
1659 5193 1987 5263 apostolicae

335 5272 703 5328 auctoritatis
735 5273 846 5327 sub
876 5274 1263 5332 obtestatione
1313 5279 1467 5333 beati
1502 5280 1651 5333 Petri
1706 5282 1987 5353 principis

335 5360 732 5433 apostolorum
754 5361 1745 5438 praecipimus,atquejubemus,qui
1766 5369 1986 5439 ligandi

334 5449 714 5519 solvendique
762 5452 997 5518 peccata
1028 5451 1334 5509 hominum
1388 5456 1445 5508 in
1497 5456 1660 5522 ciete,
1695 5472 1761 5511 ac
1812 5462 1986 5527 terra,

333 5544 391 5593 et
412 5541 495 5605 (α)
515 5537 761 5590 Domino
778 5536 896 5589 Deo
917 5544 1116 5596 nostro
1148 5546 1498 5615 potestatem
1521 5546 1985 5618 percepit,cujus

333 5642 440 5687 nos
466 5626 659 5698 gratia
705 5623 901 5678 divina
940 5626 1095 5686 vices
1143 5633 1423 5710 gerimus,
1459 5634 1747 5688 statutum
1788 5640 1899 5707 est,
1931 5641 1987 5693 et

2900 1895 2962 1950 X.

2177 1984 2472 2024 DENEDIC’I‘X
2498 1982 2658 2020 ΡΑΡῶ
2680 1983 2754 2021 VII
2788 1983 3162 2023 PRIVILEGIUM
3195 1985 3303 2024 PRO
3334 1986 3711 2026 MONASTERIO

2640 2055 2689 2091 S.
2726 2054 2887 2092 PETRI
2923 2055 3225 2093 PERUSINO.

2757 2128 2942 2197 (Anno
2972 2127 3123 2199 977.)

2105 2220 2255 2273 Bona
2284 2227 2334 2273 ct
2353 2221 2488 2291 jura
2518 2218 2838 2291 iiwnastcrii
2864 2217 3041 2272 sancti
3076 2218 3227 2291 Petri
3268 2217 3334 2273 de
3350 2215 3364 2291 γ’
3383 2219 3621 2275 Perusia
3658 2238 3781 2276 con-

2173 2288 2373 2359 ﬁrmat.
2412 2288 2609 2361 Contra
2656 2288 2977 2359 dirimentes
3019 2290 3100 2343 vel
3142 2290 3528 2361 porturbautes
3558 2292 3774 2356 eadem,

2105 2371 2364 2419 zrtcmam
2393 2360 2830 2414 nmledictioncm
2860 2367 3210 2415 contestatur.

2390 2431 2753 2503 (Margariui,
2786 2432 3000 2486 Butler.
3038 2432 3223 2487 Casin.
3260 2433 3330 2498 II,
3362 2433 3481 2505 52.)

2178 2524 2533 2577 BENEDIC’I‘US
2566 2520 2877 2592 episcopus
2900 2537 3103 2576 servus
3126 2538 3428 2577 servorum
3456 2523 3557 2577 Dei
3585 2524 3774 2579 Pereo

2103 2610 2419 2667 venerabili
2454 2609 2650 2664 abbati
2686 2610 3027 2664 monasterii
3059 2610 3213 2666 beati
3265 2611 3415 2665 Petri
3468 2614 3772 2683 apostolo-

2105 2716 2237 2755 rum
2268 2698 2574 2771 principis,
2608 2697 2706 2768 qui
2741 2697 2980 2768 ponitur
3030 2698 3088 2753 in
3129 2696 3254 2754 loco
3302 2700 3770 2771 Quumplorano,

2104 2787 2662 2857 successoribusque
2694 2786 2815 2842 tuis
2847 2786 2905 2839 in
2940 2792 3311 2858 perpetuum.

2176 2877 2457 2933 Convenit
2478 2874 2796 2946 apostolico
2821 2875 3206 2931 moderamini
3234 2877 3330 2959 pia
3347 2878 3635 2951 religione
3659 2881 3778 2952 pcl—

2104 2966 2364 3021 lentibus
2394 2963 2673 3019 benevola
2710 2964 3117 3034 compassione
3148 2982 3513 3036 succurrere,
3547 2974 3605 3023 et
3641 2987 3773 3040 pos-

2105 3056 2363 3110 centium
2396 3053 2610 3108 animis
2657 3052 2833 3108 alacri
2881 3054 3186 3110 devotione
3230 3056 3522 3128 impertiri
3567 3076 3773 3114 assen-

2106 3161 2260 3198 sum.
2290 3145 2369 3198 Ex
2410 3143 2516 3197 hoc
2568 3141 2725 3196 enim
2775 3141 2920 3196 lucri
2972 3143 3350 3215 potissimum
3402 3147 3777 3217 prmmiuma

2102 3234 2402 3289 conditore
2425 3231 2691 3286 omnium
2726 3231 2842 3286 Deo
2874 3231 3103 3286 veniam
3137 3249 3564 3305 promerentur,
3600 3238 3650 3291 si
3684 3256 3777 3292 ve-

2102 3322 2384 3377 nerabilia
2405 3326 2741 3375 sanctorum
2768 3319 2893 3376 loca
2917 3321 3207 3389 ordinata,
3225 3323 3296 3377 ad
3321 3323 3628 3380 meliorem
3652 3327 3774 3381 fue-

2102 3413 2219 3466 rint
2250 3412 2376 3467 sine
2414 3410 2592 3464 dubio
2623 3414 2848 3463 statum
2883 3410 3185 3480 perducta.
3222 3412 3291 3466 Et
3334 3412 3461 3466 ideo
3492 3414 3636 3484 quia
3670 3420 3773 3469 tua

2100 3500 2471 3573 religiositas,
2492 3504 2692 3553 nostro
2725 3496 3077 3570 apostolatui
3109 3499 3416 3555 humiliter
3444 3503 3773 3572 postulavit

2099 3594 2392 3663 quatenus
2426 3589 2880 3643 concederemus
2901 3592 2959 3643 et
2980 3588 3468 3645 eouﬁrmaremus
3494 3591 3600 3645 tibi
3628 3610 3773 3664 pra:-

2097 3681 2321 3736 dictum
2353 3677 2779 3735 monasterium
2812 3677 2999 3732 sancti
3035 3677 3185 3731 Petri
3220 3677 3505 3751 principis
3533 3687 3771 3753 aposto-

2098 3769 2468 3837 lorum,cum
2499 3767 2777 3842 omnibus
2811 3766 3108 3834 domibus,
3131 3771 3189 3821 et
3228 3766 3393 3823 cellis
3423 3772 3601 3841 atque
3634 3772 3774 3826 tedi-

2098 3859 2343 3927 ﬁciis,et
2382 3857 2724 3925 ortuis,una
2748 3872 2883 3911 cum
2916 3855 3116 3923 fundo,
3151 3860 3210 3911 et
3259 3855 3555 3913 casalibus
3601 3860 3772 3927 suis;

2095 3949 2282 4003 vineis
2316 3950 2642 4018 quoque,et
2673 3946 2865 4013 terris,
2896 3945 3145 4017 campis,
3180 3946 3385 4016 pratis,
3422 3949 3685 4017 pascuis,
3713 3956 3773 4005 et.

2098 4037 2290 4103 silvis;
2318 4053 2541 4091 necnon
2565 4040 2621 4091 et
2644 4034 2952 4090 ecclesiam
2978 4038 3193 4089 sancta:
3219 4036 3433 4102 Lucio},
3450 4036 3768 4093 ecclesiam

2099 4131 2314 4182 saneta:
2347 4126 2566 4191 Martia,
2597 4140 2729 4177 cum
2788 4123 3065 4178 omnibus
3108 4140 3309 4178 earum
3362 4126 3766 4196 pertinentiis,

2099 4215 2418 4271 mobilibus
2448 4213 2535 4269 vel
2572 4211 3000 4280 immobilibus,
3031 4212 3427 4284 omnibusque
3458 4214 3531 4269 ad
3562 4216 3773 4287 praedi-

2098 4311 2259 4361 ctum
2284 4302 2707 4358 monasterium
2732 4301 3324 4371 pertinentibus,tam
3351 4318 3585 4375 ea,quae
3610 4322 3769 4360 nunc

2090 4398 2253 4467 juste
2284 4398 2341 4448 et
2365 4391 2786 4447 rationabiliier
2807 4389 2916 4444 sibi
2943 4390 3231 4461 pertinere
3252 4390 3545 4459 videntur,
3562 4392 3649 4448 vel
3676 4412 3767 4461 ea,

2100 4502 2227 4557 qua:
2259 4484 2331 4537 ab
2363 4483 2648 4537 hactenus
2679 4484 2852 4533 erunt
2884 4480 2942 4533 in
2977 4485 3325 4551 perpetuum
3348 4481 3505 4551 juris
3543 4489 3767 4536 sanctze

2017 4579 2063 4643 D
2098 4577 2391 4638 Romanm,
2414 4570 2506 4625 cui
2540 4571 2655 4625 Deo
2677 4574 2912 4623 auctore
2941 4568 3305 4623 deservimus
3326 4568 3634 4639 Ecclesize;
3675 4574 3763 4625 in-

2099 4663 2299 4720 clinati
2334 4660 2603 4733 precibus
2627 4659 2768 4720 tuis,
2785 4674 2886 4729 per
2909 4658 3086 4727 hujus
3110 4658 3292 4712 nostri
3316 4659 3622 4728 apostolici
3650 4661 3765 4731 pri-

2097 4751 2311 4822 vilegii,
2346 4748 2723 4804 concedimus
2757 4752 2815 4802 et
2846 4748 3265 4802 conﬁrmamus
3298 4747 3499 4812 tibi,et
3522 4765 3762 4803 success

2099 4841 2331 4897 soribus
2352 4839 2467 4893 tuis
2483 4839 2607 4909 jam
2632 4838 2855 4891 dictum
2880 4835 3477 4905 monasterium,cum
3497 4838 3624 4893 suis
3640 4854 3765 4892 om-

2099 4931 2275 4984 nibus
2315 4926 2706 5000 pertinentiis,
2731 4926 2886 4980 sicut
2925 4941 3103 4995 supra
3149 4924 3380 4995 legitur.
3417 4925 3765 4981 Statuentes

2098 5016 2421 5091 apostolica
2432 5032 2607 5069 censu
2620 5015 2819 5081 ra,snb
2833 5013 3225 5084 divinijudicii
3242 5014 3767 5071 obtestationibus-

2097 5113 2155 5163 et
2172 5106 2565 5162 anathematis
2584 5102 3120 5173 interdictionibus,
3136 5106 3199 5156 ut
3214 5101 3357 5157 nulli
3378 5120 3647 5174 unquam
3670 5122 3770 5159 no.

2099 5203 2355 5252 strorum
2390 5209 2799 5250 successorum
2830 5191 3202 5264 pontiﬁcum,
3225 5191 3313 5247 vel
3346 5191 3473 5246 alia:
3507 5210 3764 5267 magnae,

2098 5302 2403 5358 parvaeque
2434 5299 2693 5356 personae
2726 5282 3134 5352 cujuscunque
3184 5281 3261 5335 sit
3305 5280 3642 5355 dignitatis,
3676 5283 3769 5339 vel

2096 5375 2553 5438 ordinis,contra
2568 5372 2676 5427 hoc
2698 5376 2963 5426 nostrum
2978 5370 3366 5442 apostolicum
3385 5371 3769 5445 privilegium

2095 5463 2291 5519 venire
2314 5463 2398 5517 vel
2428 5478 2729 5534 insurgere
2754 5460 2947 5515 liceat.
2970 5459 3029 5515 Si
3056 5460 3188 5531 quis
3219 5461 3620 5534 autem,quod
3655 5462 3768 5520 mi-

2096 5553 2255 5607 nime
2294 5557 2592 5623 optamus,
2642 5549 2986 5605 inobediens
3032 5554 3090 5604 et
3139 5552 3514 5623 contemptor
3580 5551 3769 5626 hujus

2097 5642 2279 5697 nostri
2311 5639 2594 5715 privilegii
2628 5640 2686 5695 in
2722 5644 2839 5695 toto
2866 5637 2953 5695 vel
2986 5639 3044 5694 in
3074 5643 3239 5714 parte
3260 5641 3532 5715 repertus
3560 5640 3765 5713 fuerit,
