3912 6372
163 429 280 487 329

1342 432 1747 493 EPIS'I'OL/E
1792 432 1890 493 ΕΤ
1935 432 2406 494 ΡΙὶΙνΙΙιΕϐΙΑ.

2043 432 2406 494 ΙνΙΙιΕϐΙΑ.
3469 434 3586 493 330

157 559 245 616 vel
276 561 580 618 occasione
610 563 926 634 cujuslibet
949 579 1207 635 persona:
1232 570 1515 619 temerare
1538 581 1815 636 prmsum-
1851 572 1905 637 Α
1937 565 2155 622 Deinde
2186 566 2528 621 conscendit
2550 582 2726 638 super
2747 566 2940 637 ipsum
2964 562 3259 625 adoletum
3281 565 3352 628 de
3373 566 3586 625 comite

155 650 361 720 pserit,
395 650 510 706 nisi
565 652 901 724 resipuerit,
933 650 1409 708 maledictionem
1459 671 1493 708 a
1544 653 1732 720 Patre,
1765 658 1824 708 et
1935 653 2225 710 Suniario.
2248 654 2466 710 Deinde
2497 659 2653 710 recto
2686 653 2920 711 tramite
2949 652 3108 711 vadit
3127 670 3230 726 per
3267 654 3588 713 summita-

155 738 299 793 Fliio
316 742 374 794 et
398 740 624 813 Spiritu
649 745 855 796 sancto
878 745 1292 813 consequatur,
1329 746 1387 797 et
1423 758 1557 797 cum
1589 739 1821 797 diabolo
1930 744 2049 797 tem
2082 742 2153 798 de
2193 742 2320 815 ipsa
2350 759 2530 810 serra,
2564 745 2623 798 et
2670 740 2932 814 pervenit
2979 758 3156 814 super
3202 740 3398 815 ipsum
3437 741 3583 799 Cas-

152 829 399 901 ejusque
428 829 629 898 sociis,
659 828 1049 885 atrocissimis
1082 830 1269 902 poenis
1293 836 1350 886 et
1383 834 1595 885 aeterno
1628 831 1822 886 inccn-
1930 836 2088 887 trum
2122 832 2344 901 auri,et
2366 832 2572 887 exinde
2594 831 2665 887 ad
2693 832 2887 904 ipsum
2909 831 3096 888 rivum
3120 830 3192 886 de
3212 831 3381 887 vinea
3402 826 3580 902 mala,

154 916 248 972 dio
265 917 720 989 deputetur,nec
744 920 801 973 in
826 919 1252 975 resurrectione
1277 918 1595 974 electorum
1621 920 1820 975 futura
1929 925 1985 976 et
2018 922 2278 993 pervenit
2300 923 2373 976 ad
2406 919 2601 993 ipsum
2632 921 2845 977 vadum
2869 923 3190 993 petrosum,
3213 919 3580 993 transitoque

151 1005 368 1079 dignus
397 1006 821 1075 inveniatur,et
852 1026 885 1062 a
916 1008 1427 1076 communione,et
1461 1013 1672 1063 sanetur
1700 1026 1823 1063 ma.~
1927 1009 2045 1064 rivo
2077 1010 2337 1082 pervenit
2368 1010 2441 1065 ad
2466 1013 2647 1065 terras
2670 1008 2981 1077 Endalesii,
3002 1010 3101 1082 qui
3126 1009 3236 1065 fuit
3256 1000 3574 1082 quondam.

153 1095 262 1149 tris
286 1094 554 1150 Ecclesiae
579 1097 733 1164 sinu,
750 1102 808 1151 et
831 1114 864 1151 a
885 1097 1180 1152 consortio
1203 1102 1540 1152 sanctorum
1564 1098 1640 1152 sit
1673 1097 1813 1152 alie-
1927 1098 2149 1154 Deinde
2184 1098 2490 1154 revertitur
2520 1100 2589 1153 ad
2616 1099 2809 1170 ipsum
2834 1098 3106 1155 moialem
3145 1090 3205 1153 et
3234 1098 3577 1155 conscendit

151 1184 410 1250 nus.Qui
442 1190 639 1240 autem
676 1186 951 1241 inventus
984 1187 1160 1241 fuerit
1192 1204 1343 1257 smpe
1361 1187 1500 1241 dicti
1530 1190 1816 1241 monaste-
1924 1206 1957 1242 a
1988 1189 2329 1243 summitate
2360 1189 2431 1242 de
2473 1193 2669 1243 mente
2699 1187 3067 1256 Castrilio,et
3098 1188 3360 1259 pervenit
3400 1204 3578 1259 super

149 1272 219 1326 rii
250 1274 485 1344 ailjutor
516 1278 692 1346 atque
743 1276 1037 1346 defensor,
1073 1276 1322 1347 justitim
1374 1276 1668 1331 tramitem
1716 1292 1814 1331 se-
1924 1277 2118 1348 ipsum
2150 1278 2470 1332 terminum
2503 1278 2572 1332 de
2601 1276 2898 1349 palatiolo,
2924 1293 3109 1349 usque
3138 1276 3197 1331 in
3230 1294 3453 1332 serram
3485 1275 3574 1332 ul-

98 1384 105 1385 ν
150 1378 357 1433 quens,
389 1380 424 1418 a
450 1363 705 1420 dexteris
739 1364 1072 1420 inveniatur
1103 1365 1415 1438 particeps,
1449 1370 1624 1437 atque
1674 1382 1808 1420 cum

150 1451 373 1508 sanctis
403 1452 680 1510 omnibus
709 1453 952 1510 sociatis
985 1458 1348 1526 permaneat.

220 1541 518 1614 Scriptum
552 1559 655 1613 per
686 1558 931 1597 manum
968 1542 1271 1614 Liutulpbi
1307 1544 1517 1599 notarii
1549 1543 1808 1616 regiona-

143 1627 233 1697 rii,
255 1633 312 1685 et
341 1629 630 1686 scriniarii
654 1635 870 1686 sanctae
904 1631 1180 1687 Romanis
1206 1630 1476 1687 Ecclesiae
1510 1633 1569 1686 in
1604 1648 1805 1688 mense

142 1717 507 1785 Decembrio,
540 1722 596 1773 et
620 1717 941 1774 indictione
964 1718 1365 1791 suprascripta
1388 1725 1569 1776 sexta.

933 1853 1023 1908 XI.

1920 1370 2011 1421 tra
2039 1366 2229 1440 ipsam
2258 1367 2585 1435 Wardiam,
2617 1372 2674 1423 et
2699 1366 2783 1423 sic
2813 1366 2972 1422 vadit
3019 1382 3122 1438 per
3168 1367 3572 1432 summitatem

1920 1454 2107 1527 ipsius
2119 1473 2289 1511 serrae
2312 1459 2369 1512 et
2384 1456 2645 1529 pervenit
2662 1473 2838 1529 super
2850 1455 3046 1529 ipsum
3064 1453 3569 1527 Monasteriolum,

1917 1548 1973 1600 ct
1993 1544 2335 1602 conscendit
2351 1545 2421 1601 ad
2438 1544 2640 1619 Artiga
2660 1546 2729 1601 de
2750 1536 3047 1619 Lev‘igildo
3070 1559 3085 1600 :
3110 1536 3320 1611 deinde
3338 1544 3574 1601 descen-

1917 1634 2002 1689 dit
2023 1650 2200 1706 super
2219 1633 2409 1706 ipsam
2441 1633 2639 1691 villam
2663 1634 2734 1690 de
2753 1632 3331 1709 Valleformosa,qute
3353 1636 3479 1690 erat
3499 1634 3571 1692 de

1911 1721 2166 1779 Alezino.
2180 1722 2399 1780 Deinde
2415 1714 2623 1791 vadato
2640 1726 2895 1781 torrente
2907 1712 3247 1785 conscendit
3258 1738 3361 1795 per
3377 1722 3569 1796 ipsam

1909 1812 2166 1883 Articam
2216 1829 2392 1885 quam
2438 1810 2674 1883 Samuel
2726 1811 2943 1868 ibidem
3002 1812 3073 1870 de
3116 1827 3310 1876 eremo
3369 1810 3562 1868 traxit.

1911 1899 2129 1957 Deinde
2157 1900 2421 1958 ascendit
2469 1894 2539 1957 ad
2584 1900 2781 1974 ipsum
2831 1898 3050 1957 collum
3094 1900 3155 1956 in
3205 1900 3333 1973 ipsa
3360 1888 3473 1972 via,
3505 1904 3564 1957 et

141 1984 442 2024 BENEDIC’I‘I
485 1984 645 2023 par/8
683 1984 760 2023 vu
802 1983 987 2024 BULLA
1027 1987 1136 2024 ιιιιο
1169 1986 1429 2025 sccwsm
1457 1986 1798 2026 AUSONENSI.
1832 1947 1879 2013 Β
1908 1988 2211 2046 descendit
2258 2007 2360 2064 per
2404 1947 2750 2059 ρειῃίοέηιει,
2786 1993 2843 2047 et
2890 1989 3153 2063 pervenit
3303 1947 3561 2047 viam’de

786 2084 972 2155 (Anno
1002 2084 1173 2153 97s.)

138 2197 327 2270 (Apud
352 2195 568 2254 Florez.
597 2199 812 2271 Espana
832 2199 1108 2271 sagradt'a,
1134 2205 1277 2255 tom.
1303 2199 1546 2269 XXVIII,
1567 2217 1622 2273 p.
1643 2202 1797 2271 254.)

211 2341 573 2396 BENEDIC’I‘US
633 2340 963 2414 episcopus,
1029 2359 1232 2398 servus
1308 2359 1608 2399 servorum
1668 2344 1791 2412 Dei,

137 2428 339 2484 Faune
396 2429 518 2483 viro
578 2430 915 2499 venerabili,
976 2431 1247 2503 episcopo
1312 2449 1444 2488 vero
1513 2432 1792 2504 episcopii

136 2520 194 2574 S.
221 2519 371 2574 Petri
391 2518 661 2591 apostoli,
686 2524 742 2574 et
772 2537 875 2593 per
894 2537 1029 2577 eum
1058 2521 1114 2577 in
1148 2522 1351 2576 eodem
1371 2521 1643 2594 episcopo
1664 2522 1794 2594 ejus

136 2608 576 2664 successoribus
604 2609 662 2663 in
696 2613 1067 2681 perpetuum.

204 2697 351 2753 Cum
386 2714 634 2753 summm
665 2697 995 2769 apostolica:
1029 2699 1334 2772 dignitatis
1383 2716 1529 2772 apex
1573 2701 1633 2755 in
1682 2700 1791 2756 hoc

136 2785 317 2842 divini
366 2790 710 2858 prospectus
762 2786 948 2843 nitore
997 2786 1368 2860 dignoscitur
1423 2786 1787 2861 prmt‘ulgcre,

132 2891 265 2930 cum
313 2875 378 2930 in
420 2875 759 2931 exercendis
817 2874 918 2930 Dei
972 2873 1249 2932 laudibus
1307 2876 1399 2933 sui
1459 2876 1789 2949 impensius

131 2962 394 3019 studebit
420 2962 637 3019 laboris
668 2962 928 3026 exhiberi
961 2969 1280 3030 certamen,
1312 2965 1386 3021 ob
1435 2965 1544 3020 hoc
1595 2964 1790 3022 debita

131 3069 235 3108 nos
249 3052 520 3125 ejusdem
537 3051 868 3125 apostolicae
886 3052 1199 3124 pastoralis
1211 3053 1495 3126 compulit
1511 3053 1791 3110 sollicitu-

130 3139 284 3198 dinis
314 3158 479 3212 cura,
514 3157 758 3213 quaeque
804 3140 875 3198 ad
927 3141 1308 3198 stabilitatem
1340 3143 1629 3216 pertinere
1660 3143 1785 3216 pio-

129 3247 255 3299 rum
288 3229 658 3303 pignoscitur
704 3228 987 3298 locorum,
1023 3231 1277 3286 ubertim
1328 3232 1687 3305 promulgari
1730 3236 1787 3288 et

1904 2077 2153 2135 Corneto
2183 2080 2256 2135 ad
2280 2079 2469 2151 ipsam
2498 2077 2840 2152 speluncam
2872 2078 3219 2151 porcariam.
3240 2076 3458 2137 Deinde
3488 2078 3562 2135 ad

1903 2166 2093 2239 ipsam
2126 2167 2714 2240 Ubardiolam,super
2742 2168 2932 2240 ipsam
2957 2166 3229 2225 Chortem
3259 2166 3331 2226 de
3349 2165 3561 2231 Auric-

1905 2256 1979 2324 lo,
2015 2257 2223 2314 deinde
2252 2258 2412 2314 vadit
2460 2274 2562 2329 per
2608 2258 2800 2329 ipsam
2849 2272 3070 2313 serram
3102 2259 3257 2315 recto
3301 2253 3559 2329 tramite,

1903 2346 2163 2417 pervenit
2190 2364 2366 2419 super
2396 2347 2615 2402 Mutam
2648 2346 2719 2401 de
2743 2344 3140 2415 Frederico,et
3159 2344 3464 2401 descendit
3482 2344 3557 2401 ad

1903 2433 2100 2506 ipsum
2130 2436 2343 2491 vadum
2376 2436 2448 2491 de
2494 2435 2762 2504 Corneto,
2795 2439 2853 2491 et
2902 2434 2987 2490 sic
3034 2432 3195 2490 vadit
3240 2433 3314 2490 ad
3366 2434 3556 2506 ipsam

1901 2523 2131 2579 vincam
2159 2522 2543 2581 Waldcmari.
2578 2522 2799 2580 Deinde
2821 2523 2895 2580 ad
2926 2523 3114 2587 rivum
3163 2522 3558 2581 Cordosdina-

1901 2610 2076 2681 rium,
2108 2613 2264 2668 sicut
2293 2617 2349 2669 et
2379 2613 2587 2669 Comes
2618 2611 2911 2668 Borrellus
2946 2611 3301 2669 terminavit.
3336 2611 3555 2669 Deinde

1900 2701 2240 2758 conscendit
2273 2719 2376 2774 per
2405 2702 2595 2758 rivum
2628 2699 3035 2767 Rubricatum,
3068 2704 3128 2756 et
3169 2701 3432 2773 pervenit
3478 2700 3553 2757 ad

1900 2789 2176 2845 fleturum
2208 2791 2425 2863 pariter
2450 2790 2658 2846 ﬁscum
2690 2805 2825 2845 cum
2858 2791 3046 2860 Artes,
3071 2788 3248 2851 sicuti
3278 2788 3552 2862 designa-

1899 2883 2025 2935 tum
2056 2884 2114 2935 et
2144 2880 2528 2936 terminatum
2560 2879 2708 2935 serie
2740 2877 3080 2952 agnoscitur
3105 2878 3165 2934 in
3198 2876 3378 2951 regali
3426 2876 3552 2950 pri-

1896 2967 2123 3041 vilegio,
2158 2968 2244 3024 vel
2276 2968 2450 3024 sicuti
2483 2966 2874 3040 injudicatum
2906 2967 3170 3025 deﬁnivit
3210 2966 3270 3023 In
3313 2965 3552 3040 publico

1897 3057 2178 3130 Georgius
2221 3057 2610 3130 praedecessor
2632 3054 2962 3129 episcopus,
2988 3060 3047 3112 et
3093 3072 3228 3113 cum
3275 3056 3553 3115 omnibus

1895 3147 1967 3202 ad
2003 3146 2491 3218 praedominatum
2512 3144 2873 3218 episcopium
2905 3145 2967 3202 S.
2990 3142 3143 3201 Petri
3176 3144 3423 3220 apostoli
3454 3159 3553 3218 ge-

1896 3235 2168 3290 neraliter
2216 3240 2273 3292 et
2322 3235 2380 3290 in
2410 3234 2706 3307 integrum
2738 3234 3190 3306 pertinentibus,
3212 3234 3301 3290 vel
3333 3233 3393 3293 in
3422 3233 3555 3291 aliis

127 3318 455 3390 apostolicae
488 3316 875 3374 institutionis
925 3335 1174 3374 censura
1220 3320 1576 3376 conﬁrmari.
1610 3320 1793 3394 Igitur
1823 3317 1865 3384 C
1905 3341 2255 3397 quacunque
2287 3324 2553 3396 partibus
2581 3324 2651 3379 ad
2684 3323 2882 3394 ipsum
2911 3323 3312 3395 episcopatum
3336 3322 3553 3396 ubique

129 3407 260 3478 quia
288 3400 639 3480 postulastis
671 3423 704 3462 a
735 3407 904 3462 nobis
934 3407 1303 3480 privilegium
1328 3410 1396 3463 de
1421 3427 1599 3480 supra
1630 3410 1784 3465 dicto

128 3495 423 3569 episcopio
445 3496 505 3552 S.
530 3495 681 3551 Petri
715 3497 960 3568 apostoli
989 3497 1065 3552 sit
1098 3497 1155 3550 in
1188 3496 1312 3552 loco
1345 3499 1442 3570 qui
1475 3498 1637 3553 vicus
1672 3502 1783 3553 ter-

126 3582 318 3641 ritorio
348 3586 697 3641 Ausonense
729 3589 786 3640 et
832 3585 1206 3641 Menrasense
1258 3586 1615 3656 nominatur,
1646 3603 1782 3642 cum

120 3672 409 3731 universis
441 3672 705 3730 ccclesiis
736 3678 793 3730 et
823 3673 1007 3744 cellis,
1032 3673 1152 3729 sive
1178 3673 1408 3743 castris,
1430 3692 1614 3730 unum
1663 3675 1782 3731 sci-

120 3761 251 3820 licet
278 3766 529 3820 vocatur
557 3762 869 3833 Montcboi,
896 3762 1077 3819 alium
1108 3780 1362 3837 namque
1391 3764 1600 3833 Tovos,
1644 3780 1780 3819 cum

120 3853 397 3909 omnibus
422 3842 649 3909 ﬁnibus
681 3852 1066 3925 terminisque
1097 3869 1408 3919 eorum,ex
1438 3870 1554 3908 uno
1576 3851 1780 3908 videli-

123 3946 208 3999 cet
230 3942 487 4005 termino
519 3932 767 3998 ducente
798 3958 901 4014 pcr
928 3939 1234 4013 Aqualata,
1270 3945 1326 3998 et
1359 3941 1565 3998 exinde
1599 3946 1784 3998 trans-

125 4035 293 4097 eunte
336 4032 412 4088 ad
461 4030 678 4088 vadum
730 4031 801 4088 de
849 4030 979 4103 ipsa
1026 4030 1236 4098 aedere,
1270 4033 1327 4087 et
1375 4047 1479 4102 per
1507 4029 1781 4088 eumdem

126 4120 444 4183 terminum
483 4124 798 4189 remeante,
832 4124 889 4176 et
918 4123 1069 4176 recte
1101 4123 1376 4192 pergente
1408 4119 1467 4174 in
1501 4119 1648 4176 ﬁnes
1679 4120 1781 4193 qui

128 4207 336 4277 dicitur
363 4208 566 4278 Jorba,
598 4213 655 4267 et
687 4207 822 4265 inde
869 4208 928 4263 in
982 4209 1128 4265 ﬁnes
1177 4208 1277 4281 qui
1308 4208 1594 4278 Clariana,
1628 4212 1686 4267 et
1715 4226 1784 4266 ex

130 4295 238 4371 alia
265 4303 433 4373 parte
461 4301 786 4357 transmeat
816 4315 848 4354 a
876 4297 1162 4372 Aqualata
1195 4302 1470 4371 pergente
1502 4315 1606 4371 per
1637 4297 1783 4357 ﬁnes

135 4384 488 4457 Clarmonte,
510 4391 568 4445 et
597 4404 700 4465 per
730 4388 876 4444 ﬁnes
907 4386 976 4442 de
1004 4387 1145 4445 Auri
1197 4387 1335 4460 pino
1385 4387 1635 4445 ducente
1683 4404 1787 4462 per

130 4473 275 4545 ﬁnes
304 4477 378 4535 de
408 4475 639 4533 Miralia
662 4475 911 4533 ducente
943 4492 1131 4549 usque
1162 4476 1233 4531 ad
1265 4476 1547 4533 terminos
1577 4476 1648 4533 de
1680 4475 1783 4534 Ro-

132 4560 297 4622 cheta
338 4567 462 4624 sive
490 4563 661 4623 Villis
685 4580 698 4621 :
732 4569 789 4622 ct
818 4563 1114 4621 casalibus
1146 4563 1490 4633 suis,vineis
1512 4569 1568 4621 et
1590 4565 1782 4634 terris,

133 4651 291 4710 silvis
324 4655 742 4727 domibusque,
761 4669 1036 4727 agrorum
1077 4652 1587 4726 puteis,fontibus,
1624 4654 1782 4723 rivis,
1814 4688 1860 4753 Β

134 4743 286 4815 agris
315 4743 654 4817 aquimolis,
672 4743 974 4801 montibus
1002 4746 1059 4798 et
1079 4741 1291 4815 planis,
1309 4743 1783 4811 mercatis,teolo—

130 4830 271 4901 neis,
286 4834 518 4902 raﬁcas,
539 4835 860 4900 monestas,
877 4831 1215 4904 pasquaria,
1229 4832 1615 4900 berbaticum,
1634 4850 1781 4904 prie-

130 4921 329 4985 certim
362 4920 611 4980 ecclesia
643 4924 857 4978 sancta:
882 4920 1074 4976 Mariae
1106 4920 1219 4977 sita
1250 4921 1308 4975 in
1350 4921 1580 4977 civitate
1614 4921 1780 4976 Man-

131 5024 276 5078 resa,
299 5024 436 5067 cum
467 5011 746 5067 omnibus
768 5009 878 5066 sibi
904 5009 1275 5082 pertinentiis
1296 5008 1383 5064 vel
1414 5009 1782 5082 adjacentiis,

133 5113 230 5153 seu
280 5099 557 5158 ecclesias
608 5117 734 5173 quae
785 5098 936 5155 infra
980 5115 1079 5155 eas
1130 5103 1475 5155 constructae
1527 5103 1663 5155 sunt
1697 5096 1783 5153 vel

133 5189 533 5246 ccrstruendac
566 5205 694 5246 esse
726 5192 992 5263 possunt,
1028 5186 1206 5243 simul
1257 5204 1392 5243 cum
1427 5187 1782 5243 monasterio

134 5274 190 5331 S.
224 5278 543 5349 Benedicti,
567 5294 819 5350 quorum
851 5277 1085 5333 termini
1129 5278 1200 5332 ab
1245 5276 1464 5332 oriente
1496 5276 1785 5349 incipiunt

137 5380 316 5439 usque
356 5368 429 5423 ab
460 5366 589 5439 ipeo
622 5368 829 5424 ﬁcturo
862 5365 962 5439 qui
1014 5366 1385 5422 concluditur
1435 5365 1784 5421 terminibus

134 5451 292 5511 Artes
323 5456 590 5528 ejusdem
622 5455 898 5512 ccclesizn.
935 5454 1159 5510 Deinde
1205 5454 1364 5510 vadit
1414 5470 1516 5525 per
1561 5470 1783 5510 serram

136 5557 256 5612 quae
287 5545 524 5600 deducit
547 5561 648 5617 per
668 5545 827 5618 ipsas
847 5543 1183 5601 Alsinellias
1206 5548 1263 5599 et
1285 5541 1521 5615 attingit
1543 5543 1614 5615 ad
1639 5544 1784 5599 ﬁnes

134 5628 427 5689 SJlientis.
462 5632 681 5689 Deinde
712 5651 889 5704 super
938 5633 1133 5704 ipsum
1188 5632 1389 5704 poium
1439 5631 1688 5686 rubeum
1728 5636 1786 5686 et

134 5721 391 5791 pervenit
436 5739 613 5798 super
664 5721 862 5779 villam
916 5721 1189 5779 Scluvani
1230 5725 1286 5779 et
1333 5721 1582 5779 fratrum
1631 5720 1780 5797 ejus.

494 5859 766 5925 PATROL.
813 5857 1149 5922 CXXXVII.

1894 3414 2185 3484 pertinere
2242 3412 2623 3485 dignoscitur.
2659 3412 2830 3467 Fines
2884 3415 3083 3467 autem
3129 3412 3312 3468 totius
3364 3411 3551 3485 ipsius

1892 3501 2171 3573 episcopii
2198 3500 2257 3555 hi
2291 3506 2430 3557 sunt
2462 3517 2475 3556 :
2508 3500 2590 3556 Dc
2622 3504 2783 3571 parte
2814 3490 3136 3556 occidentis
3177 3500 3237 3554 in
3282 3500 3429 3561 ﬁnes
3478 3490 3551 3555 de

1893 3589 2425 3662 Quovecintenigio,
2455 3588 2541 3644 vel
2574 3588 2644 3643 de
2674 3588 2963 3655 Cardona,
2990 3592 3046 3651 et
3077 3587 3147 3647 de
3188 3589 3545 3661 Bergetano;

1892 3678 1963 3733 de
2011 3677 2170 3750 pario
2208 3677 2380 3732 Circii
2422 3676 2481 3732 in
2530 3675 2820 3746 Eramala,
2845 3680 2903 3734 et
2951 3692 3139 3751 usque
3182 3675 3242 3732 in
3282 3680 3548 3751 montem

1891 3765 2215 3823 Surocham
2258 3765 2521 3836 pervenit
2568 3765 2640 3821 ad
2691 3764 2887 3836 ipsum
2920 3768 3156 3838 pratum
3188 3764 3260 3825 de
3299 3763 3546 3838 Campo-

1893 3854 2184 3923 Rotundo,
2219 3857 2275 3910 et
2302 3870 2405 3925 per
2435 3853 2565 3926 ipsa
2589 3869 2751 3909 serra
2780 3852 2932 3911 sicut
2961 3869 3145 3927 aquas
3176 3858 3425 3929 vergunt
3455 3860 3553 3910 us-

1891 3959 2003 4015 que
2036 3943 2108 3998 ad
2140 3941 2347 4010 Gurni,
2377 3945 2434 3998 et
2461 3940 2671 3999 deinde
2702 3941 2775 3997 ad
2807 3944 3031 4014 petram
3058 3940 3314 4015 lavandi,
3337 3941 3549 4001 deinde

1892 4030 1963 4087 ad
1996 4030 2185 4103 ipsam
2209 4030 2469 4089 Rocham
2501 4029 2572 4088 de
2603 4028 2818 4095 latione
2848 4034 2906 4089 et
2928 4030 3304 4092 descenditin
3327 4031 3549 4092 ﬂumen

1892 4118 2115 4187 Teceri,
2149 4124 2206 4177 et
2235 4119 2497 4193 pervenit
2528 4117 2599 4175 ad
2634 4118 2832 4193 ipsum
2872 4118 3296 4193 plantadizium
3329 4118 3430 4197 qui
3459 4125 3552 4197 est

1892 4208 2046 4266 inter
2065 4208 2376 4267 Gerunden
2400 4212 2456 4265 et
2476 4207 2759 4267 terminos
2779 4209 2851 4268 de
2872 4210 3191 4280 Ausona,et
3208 4194 3552 4270 conscendit

1894 4315 1996 4371 per
2025 4298 2215 4370 ipsam
2248 4313 2469 4354 serram
2502 4313 2691 4370 usque
2733 4296 2794 4354 in
2845 4297 3271 4369 Gerundiliam,
3302 4303 3362 4357 et
3389 4299 3551 4357 vadit

1894 4405 1997 4460 per
2027 4387 2214 4459 ipsam
2248 4385 2401 4443 viam
2432 4403 2559 4459 qua:
2587 4386 2744 4445 venit
2773 4386 2845 4443 ad
2878 4385 3320 4459 Bellampollam
3339 4388 3400 4444 et
3425 4403 3551 4459 per-

1893 4476 2051 4534 venit
2071 4476 2143 4533 ad
2176 4475 2496 4532 terminum
2528 4474 2626 4547 qui
2659 4480 2749 4535 est
2775 4474 2928 4532 inter
2951 4475 3310 4535 Joannetum
3332 4479 3390 4534 et
3417 4475 3549 4548 ipsa

1894 4564 2107 4636 Elzeta,
2128 4567 2184 4620 et
2215 4564 2478 4636 pervenit
2500 4563 2561 4619 in
2595 4564 2743 4620 ﬁnes
2771 4552 2853 4621 de
2871 4563 3251 4636 Arbucias,et
3280 4580 3466 4637 usque
3487 4564 3548 4622 in

1895 4652 2204 4711 cacumina
2253 4653 2406 4709 inter
2444 4652 2592 4711 duos
2640 4652 2863 4726 signos,
2896 4656 2953 4709 et
3000 4668 3189 4726 usque
3236 4653 3309 4709 ad
3357 4653 3548 4727 ipsam

1890 4743 2101 4799 Calmm
2127 4759 2252 4815 quae
2296 4742 2515 4797 dicitur
2565 4742 2638 4798 ad
2686 4741 3038 4813 Area-Mala,
3070 4746 3128 4800 et
3175 4743 3437 4815 pervenit
3476 4744 3551 4801 ad

1894 4833 2086 4905 ipsum
2122 4830 2329 4887 collem
2361 4830 2433 4888 de
2464 4830 3076 4904 Montenigro,deinde
3106 4832 3166 4888 in
3190 4832 3380 4890 rivum
3401 4832 3550 4890 Gon-

1891 4925 2153 4995 gustum,
2179 4924 2235 4977 ct
2264 4920 2420 4975 venit
2452 4920 2524 4975 ad
2556 4919 2861 4977 castellum
2889 4920 3128 4991 Bertini,
3152 4925 3211 4979 et
3240 4939 3427 4995 usque
3458 4939 3552 4983 su-

1891 5028 1994 5082 per
2026 5008 2283 5065 Rocbam
2313 5012 2369 5064 S.
2395 5008 2653 5079 Genesii,
2684 5014 2742 5066 et
2762 5010 2920 5068 venit
2952 5010 3027 5067 ad
3057 5015 3320 5077 montem
3347 5012 3407 5072 S.
3440 5013 3553 5077 Sa-

1892 5097 2137 5169 turnini,
2162 5101 2219 5154 et
2262 5097 2421 5155 venit
2468 5098 2541 5154 ad
2590 5102 2851 5156 montem
2897 5098 3158 5159 Calvum.
3195 5100 3418 5163 Deinde
3477 5104 3552 5177 ad

1894 5191 2153 5244 montem
2188 5186 2510 5255 Serratum,
2546 5186 2597 5245 ei
2626 5187 2887 5260 pervenit
2916 5188 2990 5245 ad
3022 5194 3285 5251 montem
3317 5192 3419 5264 qui
3462 5197 3555 5255 est

1894 5276 2047 5333 infra
2089 5279 2352 5333 castrum
2402 5275 2746 5347 Odulinum,
2789 5280 2847 5333 et
2893 5280 3154 5337 castrum
3205 5279 3461 5355 Apiaria,
3495 5285 3556 5343 et

1893 5366 2051 5422 vadit
2064 5382 2166 5438 per
2183 5365 2588 5423 summitatem
2608 5366 2795 5440 ipsius
2818 5384 2988 5428 serrae
3012 5386 3199 5443 usque
3216 5370 3290 5427 ad
3308 5370 3550 5445 ﬁumen,

1895 5472 2069 5530 quem
2089 5455 2296 5512 dicunt
2310 5454 2598 5527 Anoliam,
2615 5459 2674 5515 et
2692 5456 2852 5516 vadit
2873 5457 2945 5517 ab
2962 5458 3090 5533 ipso
3107 5458 3348 5519 ﬂumine
3364 5474 3555 5533 usque

1894 5544 1954 5601 in
1986 5543 2421 5618 Hispaniam,et
2452 5563 2521 5603 ex
2551 5544 2665 5603 alia
2694 5550 2860 5619 parte
2888 5547 3064 5606 sicuti
3093 5549 3223 5623 ejus
3246 5548 3392 5607 ﬁnes
3412 5540 3555 5607 sunt

1895 5636 1998 5693 aut
2029 5633 2102 5688 ab
2134 5633 2358 5706 origine
2392 5633 2647 5704 fuerunt,
2662 5635 2861 5692 omnia
2883 5636 3039 5709 juris
3062 5637 3121 5694 S.
3147 5636 3554 5707 Romanm,cut

1895 5721 2011 5782 Deo
2045 5725 2280 5784 auctore
2310 5722 2694 5798 deservimus,
2724 5723 2993 5787 Ecclesiae
3033 5724 3198 5785 vobis
3238 5725 3310 5783 ad
3341 5727 3555 5805 teneo;

3117 5859 3188 5923 M
