3912 6382
159 425 276 485 333

905 559 948 616 Χ
957 561 1042 617 IV.

191 664 489 704 BENEDIC’I‘I
529 665 691 704 PAPIE
721 666 800 705 νιῐ
841 667 1216 706 PRIVILEGIUM
1259 669 1367 708 τ’Πο
1407 671 1775 709 MONASTERIO

633 738 833 776 SANCTI
875 739 1039 778 PETRI
1081 740 1326 781 RODENSI
1339 767 1351 779 .

800 811 990 878 (Anno
1023 812 1175 883 979.)

539 899 629 967 (D.
664 898 948 970 Bouquet,
987 899 1146 967 ibid.,
1178 917 1234 971 p.
1265 902 1431 969 246.)

225 1004 582 1059 BENEDOCTUS
613 1005 948 1076 episcopus,
985 1023 1187 1060 servus
1219 1023 1518 1062 servorum
1554 1009 1678 1075 Dei,
1712 1009 1818 1063 HIL
1859 1037 1864 1040 -

151 1109 396 1148 nesmno
425 1093 698 1164 episcopo
730 1099 788 1149 et
819 1095 1100 1149 omnibus
1135 1095 1444 1150 monachis
1476 1097 1535 1150 in
1588 1114 1815 1152 monas-

151 1179 298 1236 terio
328 1182 513 1236 sancti
543 1183 688 1236 Petri
722 1183 1012 1238 ltodcnsis
1063 1183 1442 1254 degentibus,
1476 1183 1726 1240 salutem
1759 1190 1818 1240 et

148 1287 354 1341 pacem
385 1274 442 1325 et
463 1269 844 1341 apostolicam
881 1271 1382 1328 benedictionem.

222 1359 505 1428 Quoniam
522 1359 927 1431 gratissimum
945 1361 1208 1432 satisque
1223 1361 1819 1432 condignumjudiea-

147 1469 286 1508 mus
318 1447 742 1504 famulanlibus
767 1447 1125 1503 famulitium
1152 1448 1696 1522 impendere,atque
1719 1452 1818 1505 do-

147 1539 431 1596 nantibus
462 1537 701 1608 praemia
733 1536 1189 1607 Iargiri,idcirco
1223 1537 1362 1609 quia
1383 1538 1812 1594 monasterium

143 1620 337 1686 Sancti
371 1625 522 1683 Petri
555 1625 862 1693 Rodensis,
889 1626 1043 1697 quod
1069 1625 1206 1696 jure
1241 1625 1607 1681 haereditario
1629 1627 1812 1698 possi-

141 1718 408 1774 dendum
439 1712 770 1785 accepistis,
787 1731 945 1768 nunc
967 1719 1165 1769 autem
1191 1715 1300 1770 sub
1313 1715 1452 1785 jure
1476 1719 1535 1769 et
1549 1714 1812 1770 domina-

138 1805 302 1862 tione
333 1803 472 1860 almi
505 1801 788 1874 principis
831 1801 1233 1874 apostolorum
1285 1802 1440 1858 Petri
1487 1807 1546 1858 et
1592 1808 1806 1859 nostrae

1332 432 1734 495 EPISTOL/E
1779 431 1880 496 ET
1921 433 2398 502 PRIVILEGIA.

1834 565 1893 636 Α
1924 569 2116 637 datus,
2151 577 2205 625 et
2237 579 2473 629 sanctos
2505 575 2606 630 Dei
2642 575 2879 630 Petrum
2912 581 2970 630 et
3003 576 3250 634 Paulum
3289 580 3586 654 principes

3463 451 3584 512 334

1929 659 2329 726 apostolorum
2356 663 2469 717 sibi
2503 663 2559 718 in
2592 665 2865 735 prmsenti
2899 670 2956 720 et
2984 667 3178 722 futura
3211 667 3329 724 vita
3369 671 3588 728 sentiat

1927 748 2290 816 contrarios;
2323 754 2500 822 atque
2531 751 2592 805 in
2623 751 2850 806 inferno
2883 751 3141 809 inferiori
3175 762 3590 815 concrematas

1926 853 2062 890 cum
2093 835 2326 894 diabolo
2349 842 2406 893 et
2431 838 2708 894 omnibus
2730 839 2965 895 deficiat
2997 839 3220 914 impiis.
3237 843 3426 914 Hujus
3446 861 3583 902 vero

1927 924 2324 995 apostolicalis
2349 927 2562 982 decreti
2597 927 2778 982 nostri
2813 928 3088 1001 paginam
3113 931 3366 1003 propriis
3399 932 3586 988 mani-

1927 1014 2038 1067 bus
2067 1015 2504 1081 roborantes,in
2528 1033 2740 1070 manus
2771 1017 3096 1072 Hildesindi
3127 1019 3384 1092 epis00pi
3403 1025 3584 1094 atque

1927 1103 2158 1158 abbatis
2191 1104 2378 1175 ipsius
2407 1103 2516 1158 loci
2537 1109 2590 1158 et
2624 1105 2869 1160 fratrum
2890 1122 3025 1160 cum
3044 1106 3144 1162 illo
3165 1109 3579 1166 comitantium

1929 1192 2241 1258 tradimus,
2273 1197 2568 1247 annuente
2600 1192 2830 1247 Christo
2861 1193 3002 1249 Jesu
3053 1195 3303 1250 Domino
3353 1201 3579 1267 nostro,

1927 1281 2260 1350 perenniter
2289 1285 2464 1352 atque
2497 1280 2747 1336 fideliter
2795 1283 3235 1353 possidendam.
3282 1285 3392 1350 Qui
3437 1302 3576 1358 ergo

1925 1374 2137 1422 nostra:
2168 1369 2564 1424 concessionis
2601 1369 2686 1423 vel
2727 1370 3064 1426 donationis
3113 1373 3351 1442 adjutor
3399 1378 3575 1445 atque

1923 1457 2196 1512 defensor
2220 1457 2525 1524 exstiterit,
2559 1458 2942 1528 apostolicam
2993 1461 3466 1516 benedictionem
3515 1467 3574 1518 et

1922 1550 2294 1616 peccatorum
2327 1545 2759 1601 absolutionem
2773 1547 2992 1619 abipso
3021 1549 3314 1620 clavigero
3335 1567 3571 1607 summo

1921 1650 1984 1686 sc
2014 1633 2276 1688 obtinere
2308 1633 2475 1688 sciat.

1991 1721 2288 1792 Scriptum
2347 1739 2450 1793 per
2506 1739 2720 1780 manus
2777 1723 3058 1797 Stephani
3121 1726 3332 1782 notarii
3394 1731 3572 1800 atque

1917 1809 2207 1866 scriniarii
2238 1811 2295 1864 in
2329 1811 2467 1866 sede
2496 1810 2650 1866 beati
2687 1812 2838 1868 Petri
2869 1813 3119 1885 apostoli
3164 1815 3384 1880 Roma),
3413 1831 3569 1872 anno

135 1891 494 1950 venerabilis
526 1890 801 1946 Romanae
831 1891 989 1946 sedis
1029 1894 1313 1962 perpetuo
1344 1890 1712 1960 habiturum.
1748 1897 1806 1948 et
1834 1933 1884 2000 Β
1918 1899 2341 1955 Incarnationis
2375 1899 2606 1956 Domini
2638 1900 2766 1970 979,
2799 1901 3120 1958 indictione
3153 1903 3326 1972 vu,in
3363 1919 3568 1962 mense

135 1981 309 2038 vobis
341 1978 738 2051 conspicimus
754 1995 882 2034 esse
900 1979 1119 2038 tradita
1128 1979 1488 2050 1n,quocirca
1500 1996 1666 2034 versa
1681 1981 1804 2036 vice

139 2069 494 2127 auctoritate
525 2067 843 2138 apostolica
873 2066 1254 2122 concedimus
1295 2071 1352 2122 et
1382 2068 1803 2124 conﬁrmamus

137 2158 250 2215 tibi
282 2157 516 2228 tuisque
534 2155 978 2212 successoribus
1003 2155 1062 2209 in
1092 2159 1439 2227 perpetuum
1471 2157 1802 2212 ccenobium

139 2245 332 2304 sancti
346 2245 496 2302 Petri
515 2242 762 2316 apostoli
779 2243 1090 2310 Rodensis,
1110 2260 1247 2299 cum
1277 2243 1551 2300 omnibus
1563 2245 1686 2300 suis
1699 2247 1800 2301 ad-

129 2335 414 2409 jacentiis
429 2338 486 2389 et
508 2331 876 2406 pertinentiis
889 2335 947 2388 et
971 2332 1238 2388 terminis
1269 2333 1416 2401 suis,
1437 2334 1495 2388 in
1515 2333 1612 2388 tali
1632 2335 1802 2389 ratio-

138 2442 240 2491 ne,
256 2430 320 2481 ut
353 2423 464 2478 sub
482 2421 730 2477 tuitione
749 2421 902 2476 beati
937 2420 1087 2476 Petri
1108 2421 1354 2492 apostoli
1378 2428 1436 2478 et
1454 2428 1653 2478 nostra
1670 2439 1802 2478 con-

137 2513 318 2569 s’istat
349 2513 407 2567 in
440 2514 808 2583 perpetuum.
828 2509 1220 2565 Concedimus
1246 2510 1489 2582 insuper
1503 2517 1562 2566 et
1577 2513 1800 2584 absque

136 2601 264 2658 ulla
283 2599 673 2657 reservatione
697 2599 989 2654 donamus
1011 2598 1200 2654 eidem
1225 2601 1580 2656 monasterio
1602 2601 1801 2656 omnia

138 2690 362 2764 praedia
391 2686 476 2742 vel
507 2686 698 2742 alodia
729 2703 856 2758 qua:
889 2687 1084 2742 danda
1111 2692 1252 2744 sunt
1281 2687 1370 2744 vel
1401 2690 1538 2744 data
1581 2691 1652 2745 ab
1703 2689 1801 2745 ho-

137 2780 346 2835 dierno
373 2777 466 2832 die
497 2781 555 2832 et
585 2775 860 2846 deinceps
888 2793 922 2830 a
941 2775 1216 2832 fidelibus
1237 2776 1376 2832 viris
1397 2781 1598 2833 vestrae
1618 2778 1799 2850 regio-

139 2869 238 2926 nis
270 2868 440 2922 beato
473 2866 638 2920 Petro
672 2863 934 2936 apostolo
968 2869 1178 2920 nostrae
1213 2865 1374 2921 urbis
1411 2867 1682 2921 Romanae
1715 2884 1798 2922 se-

138 2958 260 3024 dis,
292 2960 358 3010 ut
387 2955 447 3008 in
471 2955 607 3025 jure
637 2956 696 3008 et
739 2951 1137 3008 dominatione
1186 2953 1504 3024 persistant
1547 2954 1795 3009 coinobii

135 3043 428 3102 Rodensis
461 3042 519 3096 in
552 3046 898 3112 perpetuum
931 3039 1224 3104 habenda,
1247 3042 1323 3096 ab
1354 3043 1496 3096 urbe
1525 3043 1798 3098 Narbona

132 3149 328 3205 usque
355 3130 416 3186 in
453 3129 670 3184 finibus
711 3128 1022 3200 llispanize.
1055 3129 1274 3184 Notum
1325 3147 1463 3203 ergo
1513 3147 1670 3185 nunc
1717 3132 1796 3187 sit

129 3220 413 3279 omnibus
444 3217 788 3274 hominibus
818 3216 1073 3288 regionis
1103 3223 1329 3287 vestrae,
1366 3221 1521 3291 quod
1553 3221 1664 3276 sub
1687 3221 1798 3276 tui-

1913 1987 2116 2058 Aprili.

2678 2077 2794 2134 XV.

1942 2182 2318 2221 PanILEGlUM
2361 2182 2656 2222 BENEDXCTI
2708 2183 2870 2223 PAPE
2905 2183 2987 2223 VII
3032 2184 3144 2224 PRO
3183 2184 3546 2226 ΜΟΝΑΒἸἝΒῙΟ

2518 2271 2962 2311 BISULDUNENSI.

2551 2346 2739 2412 (Anno
2769 2343 2921 2416 979.)

1911 2433 2296 2488 Monesen-ium
2363 2433 2462 2487 sub
2535 2448 2638 2486 sua
2706 2434 3034 2502 protectione
3103 2435 3335 2560 suscin
3363 2475 3381 2501 ,
3450 2437 3569 2508 ejus

1981 2507 2338 2560 vosscssiones
2365 2504 2668 2560 amﬁrmut.
2701 2504 2921 2560 aliaeue
2959 2507 3012 2560 ei
3061 2521 3220 2560 conca
3259 2507 3302 2560 it
3347 2508 3568 2560 nrivile-

1978 2507 2338 2588 possessiones
2365 2504 2668 2575 conﬁrmat,
2701 2504 2921 2575 aliaque
2959 2507 3012 2560 ei
3061 2504 3302 2562 concedit
3343 2504 3568 2577 privile-

1979 2593 2090 2647 gia.

2371 2661 2606 2734 (Mansi,
2621 2661 2778 2718 Cone.
2809 2662 2953 2729 XIX,
2981 2664 3098 2736 71.)

1980 2753 2338 2810 Baxsmcrus
2369 2752 2918 2824 episcopus,servus
2948 2768 3248 2808 servorum
3283 2751 3564 2823 Dei,dile—

1907 2843 2018 2898 ctis
2053 2842 2186 2898 ﬁliis
2216 2843 2559 2898 Gausaem‘o
2591 2839 2788 2896 abbati
2822 2840 3163 2896 monasterii
3207 2840 3553 2913 Bisulduno,

1908 2931 2061 3004 quod
2093 2936 2182 2986 est
2211 2929 2390 2986 situm
2424 2929 2577 2984 infra
2593 2932 2852 2984 castrum
2885 2929 3304 2999 Bisulduni,ad
3337 2931 3559 2987 ﬂumen

1908 3019 2192 3089 Fluviaui,
2223 3021 2469 3091 ejusque
2501 3017 2779 3072 fratribus
2813 3021 2934 3072 tam
2965 3019 3358 3090 praesentibus
3378 3036 3558 3092 quam

1908 3110 2124 3166 futuris
2173 3107 2499 3180 regularem
2547 3106 2728 3161 vitam
2779 3106 3081 3178 professis,
3127 3105 3310 3177 salus,
3359 3125 3473 3180 pax
3501 3112 3561 3164 et

1905 3199 2258 3269 benedictio,
2290 3197 2446 3270 quod
2477 3196 2549 3250 ad
2581 3196 2869 3250 mundum
2901 3200 3262 3268 permaneat.
3297 3197 3506 3252 Amen.

129 3311 293 3368 tione
338 3314 396 3365 et
424 3307 707 3381 regimine
736 3283 1072 3363 beativPetri
1102 3283 1350 3378 apostoli
1369 3283 1424 3364 et
1455 3314 1656 3365 nostra
1675 3327 1783 3382 gu-
1823 3297 1867 3366 C
1977 3289 2124 3345 cum
2156 3291 2382 3382 09mm
2402 3284 2724 3382 Ροξὶίίξιωξ
2759 3284 2946 3382 pem“
2977 3289 3246 3382 n°§lmm
3276 3283 3558 3341 honorem

130 3396 478 3455 bernatione
507 3395 595 3450 vel
627 3395 966 3450 defensione
1009 3394 1107 3450 ille
1152 3395 1317 3451 locus
1361 3397 1661 3454 consistat.
1701 3398 1787 3454 Id-

131 3489 291 3544 circo
323 3503 529 3542 omnes
560 3483 762 3540 fideles
790 3488 994 3540 vestrae
1024 3483 1279 3556 regionis
1307 3486 1416 3540 sub
1447 3486 1784 3542 testimonio

129 3575 350 3634 Christi
381 3575 770 3631 admonemus
797 3577 862 3628 ut
881 3573 1243 3644 omnia,quae
1275 3573 1348 3628 ad
1381 3575 1686 3645 praefatum
1709 3575 1787 3630 lo-

127 3683 269 3723 cum
302 3664 614 3737 pertinent,
633 3663 704 3718 ad
737 3661 1055 3718 utilitatem
1086 3661 1424 3716 monasterii
1445 3666 1504 3716 et
1521 3663 1787 3718 habitan-

129 3755 284 3812 tium
314 3754 374 3809 in
405 3770 472 3809 eo
504 3752 840 3816 restituant,
855 3755 911 3806 et
937 3749 996 3806 in
1027 3750 1150 3806 vice
1177 3749 1328 3806 beati
1362 3751 1510 3806 Petri
1535 3751 1784 3822 apostoli

127 3845 330 3902 Roma:
361 3857 599 3897 summa
612 3857 747 3896 cum
780 3839 1268 3912 diligentiaillum
1299 3838 1492 3894 locum
1514 3857 1785 3896 veneren-

128 3937 230 3989 tur
257 3936 316 3988 et
345 3931 612 4004 diligant.
629 3931 700 3986 Et
717 3929 765 3986 si
785 3927 916 4001 quis
934 3945 1113 3985 causa
1127 3928 1406 3984 orationis
1427 3929 1500 3986 ad
1519 3934 1781 3985 nostram

126 4021 333 4078 sedem
363 4017 746 4090 apostolicam
779 4015 1078 4088 pervenire
1121 4032 1237 4070 non
1278 4015 1512 4086 poterit,
1547 4032 1781 4073 summo

127 4107 328 4165 studio
359 4107 530 4163 illum
564 4105 758 4162 locum
790 4104 1048 4160 venerari
1080 4103 1458 4160 concedimus
1483 4103 1622 4161 ei.Si
1649 4105 1781 4176 quis

125 4200 330 4254 autem
359 4194 448 4251 vel
478 4211 546 4252 ex
577 4193 811 4266 praediis
829 4191 919 4248 vel
947 4191 1260 4248 alodisloci
1292 4191 1562 4257 illius,vel
1585 4193 1783 4248 omnia

125 4302 257 4358 quae
281 4285 352 4340 ad
373 4285 502 4355 jam
523 4283 748 4340 dictum
765 4281 960 4338 locum
979 4281 1274 4354 pertinent
1294 4281 1673 4338 occultaverit
1693 4282 1780 4338 vel

127 4371 385 4430 tenuerit
399 4370 528 4428 sine
559 4387 852 4428 consensu
875 4370 1143 4438 fratrum,
1160 4373 1261 4424 aut
1291 4369 1488 4424 scierit
1507 4371 1662 4442 quod
1682 4369 1784 4427 ali-

124 4461 266 4535 quis
295 4461 577 4516 absconse
591 4459 932 4526 teneat,sub
964 4457 1302 4514 testimonio
1323 4457 1540 4514 Christi
1555 4475 1626 4514 ex
1651 4475 1784 4531 apo-

123 4549 339 4605 stolica
368 4547 712 4604 auctoritate
728 4563 1174 4602 commonemus
1207 4551 1272 4600 ut
1289 4546 1361 4600 ab
1393 4545 1672 4603 hodierno
1690 4547 1782 4604 die

124 4655 248 4694 non
280 4641 518 4692 teneant
547 4635 787 4707 injuste,
805 4652 910 4690 nec
939 4635 1322 4704 abscondant,
1338 4635 1438 4690 sed
1462 4635 1702 4692 reddere
1723 4642 1780 4693 et
1819 4667 1866 4730 Β

125 4726 508 4782 manifestare
557 4723 893 4796 priescripto
943 4723 1296 4779 monasterio
1356 4725 1655 4780 festinent.
1707 4727 1780 4782 Et

125 4815 360 4872 reddita
387 4814 475 4870 vel
507 4814 819 4869 manifesta
840 4814 976 4884 jure
1007 4818 1284 4884 perpetuo
1319 4831 1436 4867 una
1473 4830 1607 4868 eum
1660 4814 1778 4870 illis

125 4921 256 4976 quae
289 4921 392 4974 per
422 4903 572 4958 hanc
604 4906 864 4958 nostram
895 4902 1276 4973 apostolicam
1331 4903 1690 4958 sanctionem
1723 4909 1779 4958 et

123 5010 232 5067 per
262 4992 379 5047 alia
406 4992 615 5047 divaliu
644 4992 765 5062 (sic)
812 4991 1042 5046 decreta
1089 4990 1406 5046 statuimus
1454 4997 1627 5062 atque
1676 4993 1777 5046 dc-

123 5081 442 5146 crevimus,
478 5097 665 5152 usque
695 5079 754 5134 in
785 5080 960 5134 tinem
995 5079 1198 5133 mundi
1234 5079 1457 5134 illibata
1487 5087 1543 5134 et
1577 5081 1776 5134 incon-

123 5186 305 5227 cussa
332 5169 732 5242 permanenda
759 5166 1150 5224 decernimus.

197 5259 259 5314 Si
291 5258 425 5331 quis
455 5257 846 5328 autem,quod
876 5273 992 5312 non
1010 5256 1326 5324 credimus,
1345 5255 1524 5326 hujus
1547 5273 1778 5311 conces-

124 5347 311 5406 sionis
353 5347 442 5403 vel
493 5346 828 5403 donationis
877 5349 1194 5401 temerator
1251 5351 1356 5400 aut
1413 5349 1778 5416 contemptor

121 5435 432 5506 exstiterit,
445 5454 489 5490 se
499 5433 678 5492 ternis
689 5434 1276 5492 condemnationibus
1297 5450 1366 5490 su
1376 5434 1428 5504 bj
1437 5440 1600 5490 aceat
1615 5433 1777 5489 iuno-

186 5636 273 5763 θ)
291 5631 676 5692 Fundationis
689 5632 952 5688 chartam
972 5629 1308 5688 monasterii
1328 5629 1774 5686 Bisuldunensis

249 5707 414 5762 irone
441 5705 715 5763 euiscono
747 5703 1134 5763 Gerundensi.
1171 5707 1228 5759 et
1255 5702 1467 5758 comite
1498 5701 1772 5758 Bisuldu-

123 5726 156 5766 a
186 5701 414 5763 Mirone
441 5705 715 5778 episcopo
742 5703 1140 5778 Gerupndensi,
1159 5707 1228 5778 et
1255 5702 1478 5778 comite
1498 5701 1772 5778 Bisuldu-

122 5778 316 5851 nensi,
331 5772 507 5856 atque
540 5792 574 5836 a
593 5772 872 5836 tratribus
895 5775 1082 5852 ipsius
1108 5775 1352 5836 Olibano
1370 5779 1427 5834 et
1447 5772 1772 5835 Seniofri'do

1894 3383 2110 3440 sanctae
2129 3373 2476 3432 universalis
2498 3371 2768 3429 Ecclesia:
2787 3372 3150 3429 incessanter
3180 3390 3215 3428 a
3228 3389 3562 3447 propagan-

1893 3471 2054 3526 tibus
2086 3468 2266 3522 beatae
2301 3461 2432 3517 fidei
2458 3464 2859 3534 augmentare,
2876 3477 3112 3516 necesse
3143 3463 3234 3516 est
3263 3460 3558 3533 accipien-

1894 3559 2056 3616 tibus
2088 3554 2162 3610 ab
2189 3551 2289 3607 illo
2319 3550 2502 3606 totius
2532 3567 2684 3604 curae
2715 3547 3022 3621 regiminis
3056 3565 3070 3604 :
3103 3551 3162 3603 et
3194 3547 3416 3603 idcirco
3436 3564 3544 3620 ego

1894 3643 2244 3702 Benedictus
2275 3656 2426 3712 papa
2457 3655 2592 3694 cum
2625 3641 2778 3692 cmtu
2808 3637 3220 3710 episcoporum
3250 3636 3552 3709 presbyte-

1893 3747 2230 3804 rorumque,
2247 3745 2383 3785 cum
2415 3726 2576 3782 omni
2593 3731 2823 3782 caterva
2837 3724 3186 3780 clericorum
3204 3723 3262 3779 in
3283 3723 3550 3781 Romana

1893 3823 2030 3879 sedc
2059 3817 2420 3892 degentium,
2445 3814 2556 3870 sub
2609 3828 2817 3869 norma
2864 3811 3190 3869 beatissimi
3241 3811 3393 3868 Petri
3431 3811 3548 3868 Deo

1893 3907 2301 3974 militantium,
2317 3904 2377 3958 in
2400 3907 2603 3958 nostra
2622 3901 2984 3974 protectione
3006 3899 3552 3974 suscipimus(deest

1889 3997 2148 4072 aliquid),
2181 4000 2237 4052 et
2267 3992 2570 4066 praesentis
2603 3989 2802 4062 scripti
2854 3988 3154 4064 privilegio
3200 3989 3548 4046 roboramus

1892 4087 2038 4144 illud
2072 4087 2315 4153 donum,
2351 4081 2504 4154 quod
2554 4079 2806 4136 dilectus
2857 4078 3014 4136 ﬁlius
3063 4083 3262 4136 noster
3290 4079 3365 4153 (7)
3400 4076 3546 4134 Miro

1891 4177 2202 4249 episcopus
2265 4168 2665 4228 Gerundensis
2717 4185 2820 4242 per
2877 4168 3155 4242 paginam
3211 4166 3549 4224 donationis

1893 4266 2166 4322 Romanae
2183 4259 2452 4318 Ecclcsize
2470 4257 2712 4314 tradidit
2741 4273 2844 4330 pro
2872 4257 3132 4312 remedio
3163 4256 3374 4312 animae
3401 4271 3547 4323 suae,

1891 4367 2253 4422 suorumque
2286 4351 2622 4422 parentum,
2651 4345 2920 4402 videlicet
2959 4343 3266 4400 ecclesiam
3299 4343 3358 4400 S.
3396 4341 3548 4398 Petri

1892 4441 2216 4498 Bisulduno
2265 4455 2402 4494 cum
2451 4435 2730 4492 omnibus
2779 4432 3064 4501 ecclesiis,
3098 4436 3156 4488 et
3200 4430 3458 4504 praediis,
3487 4433 3548 4486 et

1889 4531 2137 4600 villis,et
2167 4525 2613 4584 dominicaluris
2637 4523 2710 4578 ab
2741 4539 2808 4578 eo
2827 4522 3122 4590 datis,seu
3155 4521 3227 4576 ab
3246 4518 3544 4592 aliquibus

1898 4619 2170 4677 ﬁdelibus
2203 4618 2260 4671 in
2305 4616 2567 4672 futurum
2618 4610 2933 4679 concessis,
2969 4608 3216 4682 adipisci
3268 4607 3540 4680 potuerit,

1895 4714 2095 4765 nostro
2128 4707 2184 4762 in
2217 4705 2324 4760 hoc
2355 4700 2624 4776 prmsenti
2645 4698 2945 4773 privilegio
2965 4697 3024 4754 in
3049 4701 3396 4771 perpetuum
3414 4712 3546 4752 con-

1890 4797 2264 4852 firmamuset
2281 4791 2509 4848 inomni
2525 4790 2794 4844 libertate
2808 4787 3198 4860 disponimus:
3216 4788 3544 4842 statuentes

1889 4886 2064 4941 etiam
2101 4889 2162 4940 ut
2190 4882 2330 4936 ordo
2357 4865 2723 4946 nmnastcrii,
2759 4877 2859 4949 qui
2893 4876 3221 4932 secundum
3260 4875 3446 4930 Deum
3487 4877 3546 4930 et

1890 4972 2152 5046 regulam
2187 4972 2247 5026 Β.
2284 4967 2578 5024 Benedicti
2613 4967 2684 5022 ab
2715 4967 2920 5022 eodem
2954 4965 3227 5038 episcopo
3260 4961 3544 5019 instuitus

1886 5079 2015 5116 esse
2038 5057 2419 5132 dignoscitur,
2437 5073 2667 5126 semper
2697 5054 3108 5110 inviolabiliter
3124 5053 3236 5108 sub
3259 5051 3544 5126 regimine

1886 5149 2118 5222 proprio
2165 5146 2395 5203 abbatis
2444 5145 2808 5202 observetur.
2843 5145 3127 5198 Prmterea
3179 5156 3544 5214 qumcunque

1886 5240 2040 5294 bona
2071 5238 2224 5293 idem
2259 5235 2683 5290 monasterium
2734 5233 2792 5288 in
2826 5233 3090 5288 futurum
3141 5230 3455 5286 donatione
3483 5231 3542 5284 et

1885 5327 2227 5400 pontificum
2258 5322 2654 5393 concessione,
2681 5339 2886 5397 regum
2903 5321 2992 5377 vel
3013 5319 3369 5393 principium
3389 5317 3546 5374 obla-

1882 5417 2039 5474 tione
2097 5413 2536 5486 multorumque
2597 5411 2880 5484 fidelium,
2913 5411 3088 5468 dante
3135 5409 3276 5475 Deo,
3325 5405 3539 5482 poterit

1883 5610 2427 5684 comitibusibabes
2478 5609 2536 5666 in
2586 5609 2792 5669 Marem
2844 5605 3168 5684 Hispanicae
3217 5600 3541 5679 appendioe

1883 5702 2016 5762 pag.
2047 5685 2171 5743 919.
2213 5683 2512 5742 Maerens.
