3912 6366
347 378 465 437 335

1642 374 2061 437 BENEDICTI
2107 377 2334 437 PAP/E
2384 379 2481 438 VII

3655 378 3785 438 336

346 510 615 585 adipisci,
648 511 885 603 amodo
918 512 1089 603 tlrma
1122 510 1291 603 nobis
1325 511 1435 566 sub
1459 509 1643 567 tutela
1674 509 1829 568 beati
1850 508 2003 565 Petri
2121 509 2274 566 beati
2310 512 2459 567 Petri
2494 511 2740 584 apostoli
2775 512 3007 587 Domini
3042 512 3177 566 sede
3211 527 3363 567 anno
3388 511 3442 566 5.
3468 511 3782 583 Regnante

346 602 406 655 et
433 604 636 656 nostra
668 596 894 654 illibata
924 597 983 653 in
1007 597 1440 671 sempiternum
1460 598 2013 670 permaneant.Con-

347 687 615 743 cedimus
647 683 695 742 si
730 684 863 760 quis
900 684 1105 742 deillis
1126 685 1465 760 regionibus
1486 684 1679 743 alodia
1708 684 1796 742 vel
1816 685 2014 758 aliqua

349 773 563 833 oblatio
585 774 872 831 mercedis
897 776 1109 831 sancta:
1136 775 1410 832 Romana:
1443 774 1711 833 Ecclesiae
1733 776 2010 847 relinqui-

347 868 465 933 tur,
484 864 792 938 praefatum
809 861 1238 920 monasterium
1253 879 1357 938 per
1370 870 1637 921 nostrum
1662 864 2012 920 beneﬁcium

349 952 649 1025 possideat
677 951 737 1008 in
769 951 1221 1026 sempiternum,
1254 958 1309 1009 et
1342 953 1525 1009 abbas
1554 954 1653 1027 qui
1685 958 1895 1026 pint-est
1925 952 2011 1008 vel

351 1041 451 1115 qui
482 1040 778 1113 praefuerit
806 1042 867 1098 in
922 1042 1126 1098 eodem
1182 1042 1560 1111 monasterio,
1596 1059 1699 1115 per
1746 1042 2010 1114 singulos

352 1147 538 1187 annos
558 1130 819 1203 quinque
857 1128 1074 1188 solidos
1105 1131 1164 1187 S.
1201 1131 1365 1186 Petro
1400 1132 1593 1187 Romae
1625 1132 1917 1204 persolvat
1950 1130 2009 1186 in

350 1236 593 1276 censum
616 1224 704 1288 ;et
720 1220 769 1276 si
786 1218 1031 1276 minime
1048 1220 1357 1276 annuatim
1376 1221 1570 1277 venire
1598 1238 1715 1276 non
1736 1225 2008 1293 possunt,

352 1309 425 1367 ad
450 1312 730 1381 quartum
757 1325 987 1366 annum
1016 1308 1223 1383 viginti
1258 1308 1479 1366 solidos
1500 1310 1855 1383 persolvant.
1887 1310 2012 1366 Sta-

351 1397 580 1455 tuimus
610 1396 789 1455 eatim
819 1402 886 1455 ut
920 1398 1157 1472 quando
1199 1398 1381 1456 abbas
1431 1397 1618 1473 ipsius
1668 1398 2009 1456 monasterii

353 1485 784 1560 obierit.neque
808 1503 842 1544 a
875 1485 1134 1563 regibus,
1173 1503 1362 1561 neque
1394 1505 1427 1544 a
1458 1487 1798 1559 comitibus,
1822 1504 2008 1560 neque

353 1593 387 1634 a
418 1592 773 1649 quacunque
804 1592 1055 1649 persona
1094 1574 1311 1632 ibidem
1364 1577 1547 1634 abbas
1590 1578 2007 1645 constituatur,

354 1666 456 1723 sed
477 1682 512 1722 a
541 1665 772 1721 cunctis
806 1664 1027 1722 ibidem
1061 1664 1412 1738 degentibus
1463 1666 1646 1722 servis
1696 1666 1799 1722 Dei
1840 1667 2009 1737 juxta

354 1753 540 1811 Patris
572 1752 868 1809 Benedicti
912 1752 1177 1827 regulam
1222 1753 1515 1826 eligantur
1546 1754 1808 1823 abbates,
1843 1755 1943 1827 qui
1977 1773 2010 1811 a

354 1843 616 1903 Romano
649 1841 923 1915 pontifice
952 1840 1041 1897 vel
1075 1856 1108 1897 a
1139 1857 1245 1898 suo
1278 1843 1619 1900 mandatore
1650 1844 2007 1901 benedictio-

2086 596 2093 603 ’
2122 599 2325 671 sicque
2356 600 2681 673 imperante
2714 602 2846 658 divo
2876 601 3103 657 Othone
3135 619 3171 657 a
3200 601 3314 656 Deo
3364 605 3642 656 coronato
3675 616 3782 671 pa-

2123 687 2287 743 ciﬁco
2322 706 2534 762 magno
2567 689 2936 762 imperatore,
2971 687 3031 744 in
3082 688 3248 746 Italia
3296 705 3429 745 vero
3479 705 3634 744 anno
3690 687 3780 757 13,

2122 777 2215 832 die
2244 779 2312 831 2:2
2343 779 2593 851 Augusti
2631 779 2835 834 indict.
2868 797 2989 835 vm.
3027 779 3261 834 civitate
3294 779 3577 833 Ravennae
3615 795 3628 832 :

2193 866 2406 922 Casum
2439 868 2662 939 geoeris
2680 868 2924 924 humani
2957 869 3782 935 consideranttes,zeteruarum

2122 955 2413 1027 supplicia
2440 958 2817 1013 flammarum
2835 956 3571 1025 metuentes,decrevimus
3607 960 3781 1011 mter-

2122 1061 2228 1099 nas
2252 1044 2499 1100 Domino
2523 1046 2743 1102 deferre
2765 1046 3183 1113 ohlationes,et
3206 1044 3624 1117 perpetualiter
3656 1061 3781 1099 me-

2119 1134 2344 1189 tuimus
2359 1135 2597 1190 multari
2613 1135 3078 1207 suppliciisldeo
3092 1152 3196 1207 ego
3212 1134 3557 1190 Benedictus
3574 1133 3783 1189 catho-

2118 1220 2240 1275 lica:
2292 1220 2563 1295 Ecclesia,
2608 1224 2940 1296 episCOpus,
2994 1223 3112 1279 imo
3164 1240 3300 1278 cum
3351 1238 3670 1290 consensu,
3721 1228 3785 1278 et

2119 1309 2462 1368 auctoritate
2484 1311 2871 1369 cardinalium
2906 1314 2965 1368 S.
2981 1312 3048 1368 R.
3067 1314 3127 1369 E.
3143 1311 3418 1379 concedo,
3432 1310 3784 1383 suppliciter

2118 1399 2318 1455 offerte
2342 1406 2555 1456 sancta:
2587 1406 2643 1457 et
2664 1401 3023 1457 intemerata:
3046 1400 3315 1457 Ecclesia:
3337 1399 3492 1456 beati
3511 1399 3780 1472 Rupbilli

2117 1488 2411 1560 pontificis
2446 1494 2501 1545 et
2533 1490 2885 1548 confessoris
2928 1490 3165 1559 Christi,
3200 1489 3316 1546 sita
3344 1493 3505 1546 extra
3533 1506 3781 1546 murum

2118 1576 2375 1648 Popilien
2387 1619 2397 1632 .
2409 1579 2589 1648 ,do,et
2603 1580 2941 1646 concedo,et
2959 1581 3268 1648 transfero,
3285 1583 3344 1635 et
3360 1578 3782 1652 perpetualiter

2116 1668 2412 1722 transacto
2426 1667 3194 1739 personaliteralienationis
3199 1669 3358 1741 jura,
3373 1672 3429 1724 et
3445 1667 3782 1725 dominium

2118 1754 2246 1811 divo
2276 1755 2446 1810 Leoni
2472 1756 2680 1812 humili
2707 1757 2926 1824 abbati,
2962 1762 3017 1812 et
3041 1772 3143 1829 per
3162 1773 3297 1813 eum
3331 1755 3688 1813 monasterio
3714 1758 3776 1815 ἓ.

2038 1882 2090 1955 Β
2120 1842 2377 1915 Ruphilli
2413 1845 2471 1899 in
2504 1847 3119 1918 perpetuum,etquod
3152 1846 3493 1914 habetur,et
3509 1845 3781 1917 posside-

353 1948 489 1988 nem
521 1930 870 2003 suscipiant.
904 1928 1340 1987 Confirmamus
1371 1931 1548 2005 igitur
1590 1938 1647 1989 et
1674 1933 2010 1990 stabilimus
2038 1928 2090 1971 Ἠ
2121 1939 2237 2002 tur,
2272 1938 2328 1989 et
2361 1951 2393 1990 a
2425 1935 2571 1990 meis
2607 1935 2931 2006 majoribus
2965 1935 3211 1991 detineri
3246 1934 3543 1991 videtur...
3566 1934 3785 2006 Capel-

353 2027 421 2078 ut
450 2019 652 2077 nullus
683 2019 1180 2093 archiepiscopus,
1218 2020 1415 2077 nullus
1454 2022 1763 2096 episcopus
1813 2024 1870 2078 in
1924 2024 2009 2095 ip-

354 2126 490 2167 sum
539 2110 964 2167 monasterium
1012 2108 1132 2166 sive
1181 2127 1320 2166 suas
1362 2111 1636 2168 ecclesias
1669 2131 1702 2168 a
1734 2113 2008 2186 praedicto

354 2200 627 2272 episcopo
659 2199 848 2265 datas,
899 2215 1089 2271 neque
1138 2198 1380 2256 clericos
1428 2199 1487 2255 in
1538 2201 1622 2256 eis
1670 2205 1913 2269 stantes,
1949 2202 2009 2257 in

355 2288 562 2344 eodem
605 2288 986 2353 monasterio,
1020 2304 1208 2360 neque
1256 2289 1551 2357 abbatem,
1586 2292 1905 2347 monachos
1954 2295 2011 2346 et

356 2393 665 2434 conversos
697 2394 837 2434 suos
868 2377 1081 2433 audeat
1109 2382 1167 2433 et
1198 2382 1515 2451 praesumat
1544 2380 1896 2436 sententiam
1919 2397 2009 2437 ex-

353 2452 907 2523 communicationis
938 2465 1170 2534 inferre,
1203 2466 1288 2522 vel
1322 2484 1356 2522 a
1385 2466 1547 2523 nullo
1578 2469 1809 2540 possint
1830 2470 2007 2526 inter-

356 2554 473 2610 dici
502 2553 591 2611 vel
612 2554 1131 2623 excommunioari,
1168 2554 1280 2610 nisi
1314 2573 1349 2611 a
1381 2556 1642 2613 Romano
1671 2559 1968 2631 pontiﬁce.

430 2644 573 2699 Item
603 2642 780 2699 etiam
804 2642 1180 2699 concedimus
1209 2649 1274 2699 ut
1290 2644 1338 2699 si
1373 2645 1507 2717 quis
1534 2662 1712 2703 causa
1727 2647 2007 2705 orationis

354 2733 429 2789 ad
443 2732 785 2806 praedictum
800 2733 1223 2790 monasterium
1235 2734 1694 2802 venerit,habeat
1709 2736 2005 2794 licentiam

355 2821 766 2879 introducendi
797 2826 854 2878 et
885 2838 1059 2879 omne
1090 2821 1350 2879 ofﬁcium
1382 2824 1680 2893 audiendi,
1714 2827 1827 2882 nisi
1861 2827 2007 2883 forte

356 2910 496 2984 quis
525 2915 690 2969 reatu
713 2927 821 2969 suo
837 2910 1072 2984 proprio
1105 2911 1281 2968 fuerit
1296 2915 2007 2974 exeommunicatus.Con-

355 2999 624 3063 cedimus
666 3016 900 3073 quoque
947 3000 1135 3072 ipsius
1184 2999 1294 3057 loci
1344 3001 1540 3059 abbati
1585 3004 2004 3061 correctionem

353 3094 702 3147 cunctorum
719 3105 964 3146 suorum
983 3087 1351 3157 clericorum,
1367 3095 1435 3146 ut
1450 3090 1649 3146 nullus
1670 3091 2000 3165 episcopus,

353 3179 518 3237 nulla
547 3177 941 3236 ecclesiastica
968 3177 1057 3234 vel
1089 3177 1238 3234 laica
1270 3195 1519 3251 persona
1540 3179 2001 3238 dominationem

2119 2022 2237 2080 lam
2287 2025 2345 2079 S.
2396 2023 2723 2091 Athanasii,
2778 2041 2879 2080 sex
2928 2026 3186 2097 integros
3234 2025 3469 2094 fundos,
3522 2023 3784 2080 fundum

2121 2113 2602 2181 Monendomum,
2636 2114 2865 2168 fumum
2891 2113 3297 2182 S.Athanasii,
3328 2114 3592 2179 Lamam,
3614 2112 3782 2169 Mon-

2117 2201 3172 2275 signanum,Laniagnam,Bratulam,
3189 2208 3246 2259 et
3264 2196 3512 2259 fundum
3530 2201 3782 2258 circum-

2118 2292 2320 2348 datum
2352 2309 2386 2347 a
2417 2296 2669 2363 quatuor
2697 2292 2829 2360 viis,
2861 2291 2920 2347 id
2948 2296 3038 2347 est
3068 2290 3372 2365 Spinariaz,
3399 2298 3458 2347 et
3489 2291 3780 2359 Pizacitaa,

2117 2386 2174 2437 et
2203 2380 2694 2437 Casalbronorum
2728 2382 3056 2450 casanistm,
3092 2387 3150 2437 et
3182 2386 3357 2454 petra:
3391 2380 3561 2436 Ficta:
3595 2380 3777 2436 Giba-

2118 2469 2281 2539 nelli,
2310 2488 2446 2526 cum
2477 2471 2721 2542 campis,
2756 2470 2959 2536 vineis,
2992 2475 3049 2526 et
3079 2470 3272 2537 terris,
3304 2469 3779 2537 arbustis,arbo-

2118 2558 2304 2628 ribus,
2348 2565 2406 2615 et
2453 2559 2796 2627 constituto,
2844 2562 3051 2614 etc.....
3105 2575 3323 2630 repono
3363 2558 3425 2613 in
3477 2558 3780 2613 territorio

2116 2647 2443 2704 Corniolen.
2475 2652 2531 2703 et
2560 2647 2787 2719 plebem
2815 2647 2872 2702 S.
2906 2644 3352 2719 Apsllinaris,et
3384 2647 3442 2702 S.
3478 2645 3784 2718 Prosperi,

2116 2738 2200 2793 ita
2232 2743 2296 2793 ut
2328 2737 2385 2792 in
2415 2736 2704 2809 praedictis
2736 2734 3110 2801 monasterio,
3147 2739 3204 2790 et
3233 2733 3512 2790 omnibus
3548 2735 3785 2791 rebusa

2116 2843 2210 2883 me
2240 2825 2473 2883 traditis
2504 2826 2615 2881 sub
2648 2824 3077 2892 defensione,et
3101 2822 3383 2896 regimine
3415 2822 3782 2879 S.Romana:

2114 2904 2384 2971 Ecclesiae
2430 2915 2768 2971 constituto.
2804 2914 3109 2986 Deprecor,
3143 2916 3198 2968 et
3243 2912 3401 2967 hunc
3448 2909 3786 2983 psalmum,

2113 3004 2252 3060 Deus
2297 3006 2354 3059 in
2399 3004 2735 3076 adiutorium
2767 3019 2947 3060 meum
2983 3001 3220 3067 intende,
3252 3007 3302 3056 et
3350 3001 3519 3071 Kyric
3565 3000 3783 3058 eleison

2111 3097 2199 3149 ter
2229 3091 2441 3164 repetis
2474 3109 2578 3165 pro
2611 3109 2704 3148 me
2735 3093 2804 3148 de
2836 3096 3041 3146 caetero
3075 3089 3654 3146 canatis.Pontiliccs
3673 3107 3777 3147 au-

2110 3186 2230 3237 tem
2263 3181 2375 3253 ipsi
2407 3180 2566 3236 aliud
2598 3197 2775 3252 super
2806 3185 2880 3249 te,
2911 3185 3157 3251 tuosque
3190 3177 3781 3246 successores,dona-

351 3269 434 3326 ibi
464 3268 703 3336 habeat;
728 3268 831 3323 sed
853 3267 1140 3339 quidquid
1165 3266 1625 3325 ecclesiasticum
1647 3275 1735 3325 est
1755 3287 2000 3342 perma-
2032 3252 2075 3323 C
2116 3252 2312 3340 tionis,
2344 3268 2463 3324 sive
2494 3269 2697 3324 tributi
2726 3268 2921 3341 aliquo
2969 3269 3141 3323 modo
3187 3268 3445 3324 indicere
3493 3267 3776 3339 debeant,

353 3373 501 3417 num
532 3358 718 3432 ipsius
751 3356 980 3414 abbatis
1012 3360 1070 3411 et
1095 3357 1207 3413 sub
1240 3358 1525 3430 regimine
1566 3358 1754 3431 ipsius
1791 3366 2002 3417 cuncto

353 3448 683 3505 subsistant
712 3444 1215 3518 tempore.Oleum
1245 3463 1379 3503 vero
1412 3464 1514 3503 seu
1544 3454 1818 3505 sanetum
1849 3449 1973 3505 chri

351 3553 482 3594 sma
551 3535 1007 3610 baptizantium,
1081 3537 1553 3593 consecrationes
1612 3536 1910 3605 altarium,
1970 3557 2004 3595 a

351 3643 702 3701 quocunque
752 3625 1002 3683 voluerit
1042 3624 1327 3682 catholico
1376 3627 1647 3700 episcopo
1696 3628 1999 3700 suscipiat.

350 3716 761 3773 Cmmeterium
785 3716 857 3770 de
873 3715 1031 3772 omni
1063 3714 1202 3771 villa
1218 3714 1503 3771 Bisuldini
1537 3722 1595 3771 et
1624 3716 1693 3771 de
1726 3718 2005 3774 omnibus

349 3806 877 3863 circumstantibus
905 3804 1081 3873 villis,
1118 3804 1272 3860 sicut
1303 3822 1337 3861 a
1366 3806 1701 3877 supradicto
1731 3806 2002 3880 episeopo

349 3895 735 3952 constitutum
806 3898 917 3961 est,
995 3894 1419 3951 confirmamus
1497 3901 1553 3950 et
1631 3898 1999 3967 roboramus,

349 3987 460 4040 etc.

420 4071 636 4128 Datum
665 4086 767 4128 vm
800 4069 937 4128 Idus
970 4068 1173 4139 Maias,
1197 4070 1522 4144 imperante
1555 4075 1769 4131 domno
1803 4081 2001 4132 nostro

350 4158 581 4227 Ottone,
615 4175 651 4216 a
679 4158 795 4218 Deo
827 4164 1124 4229 coronato,
1177 4175 1390 4233 magno
1439 4167 1497 4216 et
1539 4163 1802 4235 paciﬁco,
1846 4183 1999 4222 anno

347 4264 449 4318 xu,
509 4252 568 4305 et
637 4247 957 4306 indictione
1027 4262 1127 4317 vn,
1200 4266 1353 4307 anno
1424 4251 1739 4308 Dominicis
1810 4253 2000 4311 incar-

349 4338 605 4395 nationis
666 4338 1113 4411 nongentesimo
1174 4340 1605 4413 septuagesimo
1666 4358 1840 4408 nono,
1887 4361 2001 4400 aera

347 4443 494 4484 MVII.

1104 4497 1246 4556 XVI.

436 4622 734 4664 BENEDICTI
776 4623 939 4663 PAPE
976 4622 1054 4663 VII
1096 4621 1476 4663 PRIVILEGIUM
1520 4624 1630 4663 PRO
1668 4627 1909 4668 ΛΒΒΛΤΙΑ

740 4695 789 4734 8.
826 4695 1077 4736 RUFILLII
1109 4695 1602 4737 FOROPOPULENSI.

988 4788 1176 4856 (Anno
1204 4786 1356 4857 980.)

589 4891 778 4963 (Apud
814 4889 1061 4965 Ughelli,
1095 4892 1258 4947 Italia
1286 4892 1474 4960 Sacra,
1510 4894 1577 4963 Il,
1609 4897 1759 4970 599.)

419 4995 495 5064 (8)
528 4994 592 5051 In
624 4996 861 5053 nomine
895 4998 1101 5066 Patris,
1136 5004 1193 5055 et
1228 5000 1377 5069 Filii,
1414 5007 1470 5058 et
1504 5004 1756 5076 Spiritus
1788 5010 1995 5064 sancti.

416 5085 605 5153 Anno,
640 5085 743 5142 Dei
787 5085 1056 5157 propitio,
1106 5089 1480 5158 pontificatus
1541 5094 1655 5148 divi
1705 5096 1999 5155 Benedicti

346 5173 567 5229 summi
597 5172 913 5244 pontiﬁcis,
948 5178 1005 5229 et
1039 5175 1384 5235 universalis
1433 5180 1535 5235 PP.
1574 5183 1630 5237 in
1681 5186 2000 5258 apostolica

417 5332 491 5405 (8)
526 5331 692 5389 Bulla
722 5347 890 5412 more
918 5332 1247 5412 Ravennate
1278 5340 1611 5412 conscripta
1648 5342 1781 5400 licet
1811 5365 1844 5402 a
1889 5367 1998 5405 cac-

343 5400 603 5489 terarum
630 5400 1067 5489 pontificiarum
1098 5402 1426 5489 litterarum
1450 5400 1637 5489 ferme
1667 5400 1994 5489 abho‘i-réawt,

344 5475 1055 5549 tamen_commentitiam_
1072 5487 1200 5549 eam
1234 5492 1347 5549 non
1370 5480 1776 5549 judicaverim.
1800 5475 1993 5546 JAEI-‘E:

350 5615 360 5624 Ι
419 5546 495 5619 (9)
522 5546 638 5628 ῌρο
671 5549 933 5665 tempere
964 5541 1224 5623 habitam
1244 5541 1426 5605 fuisse
1456 5552 1651 5607 Roma)
1682 5541 1993 5630 svnodum,

350 5632 405 5665 in
432 5624 557 5665 mm
588 5620 743 5665 inter
772 5624 806 5665 εὶ
834 5629 887 5665 la
916 5614 1138 5665 saltata
1169 5620 1248 5665 sit
1278 5634 1455 5665 cmnm
1486 5615 1732 5665 Gianlnm’
1762 5629 1987 5665 Μαικία

346 5615 405 5705 iLn
428 5614 557 5686 "q'ua
587 5614 887 5705 ipnterﬁlia
916 5614 1144 5705 agitata
1169 5615 1457 5705 sitncausa
1486 5614 1733 5705 Oiseleri
1761 5614 1993 5705 Mang

344 5684 656 5763 burgensis
678 5684 957 5759 episcopi,
973 5686 1222 5741 testatur
1246 5686 1546 5752 Ditmarus
1562 5693 1663 5754 lib.
1680 5713 1763 5775 In,
1779 5684 1992 5767 erfida.

2030 4627 2081 4694 D

2111 3359 2225 3415 nisi
2259 3359 2366 3416 hoc
2398 3359 2552 3431 quod
2585 3376 2619 3414 a
2651 3358 2817 3413 nobis
2849 3358 2909 3412 in
2940 3358 3054 3413 ista
3087 3356 3355 3413 chartula
3398 3357 3639 3413 fuerunt
3665 3358 3776 3414 de-

2113 3449 2361 3522 signata,
2396 3448 2445 3504 si
2475 3447 2608 3521 quis
2641 3453 2839 3503 autem
2868 3451 3217 3516 contra,etc.
3242 3449 3427 3513 Quam
3444 3462 3579 3502 vero
3598 3445 3776 3502 char-

2112 3538 2297 3594 tulam
2321 3540 2565 3610 juvante
2599 3537 2700 3593 Dei
2734 3541 2885 3593 nutu
2917 3553 2985 3591 ex
3016 3552 3227 3609 genere
3258 3533 3519 3590 consulis
3551 3534 3772 3590 Taber.

2113 3628 2292 3701 hujus
2313 3627 2565 3685 civitatis
2585 3627 2868 3683 Ravenna:
2893 3625 3381 3682 subscribendam
3406 3622 3772 3697 rogavimus,

2114 3718 2508 3790 subscriptam
2567 3715 2842 3773 manibus
2896 3715 3044 3771 meis
3091 3713 3414 3786 propriis...
3468 3711 3539 3767 Ut
3588 3712 3695 3783 qui
3741 3729 3778 3768 a

2113 3807 2280 3863 nobis
2306 3806 2518 3863 obtulit
2546 3806 2936 3861 roborandam
2954 3808 3411 3874 nostrorumque
3433 3800 3772 3872 prazsentia,

2112 3898 2289 3953 etiam
2317 3896 2422 3954 tibi
2454 3912 2685 3969 quoque
2718 3911 2898 3967 supra
2914 3892 3243 3951 contradidi
3276 3892 3387 3947 sub
3419 3890 3772 3961 die,mense,

2112 3991 2167 4042 et
2199 3985 2516 4044 indictione
2536 4001 2662 4052 VIII,
2699 3983 2951 4040 civitatis
2985 3982 3291 4039 Ravennae.

2183 4077 2300 4148 Ego
2333 4074 2682 4132 Benedictus
2713 4071 3010 4129 catholica:
3042 4070 3310 4127 Ecclesia:
3341 4070 3520 4142 episc.
3552 4086 3634 4127 ss.

2182 4166 2298 4237 Ego
2332 4163 2562 4220 Marcus
2594 4162 2785 4235 presb.
2820 4166 2877 4219 et
2908 4161 3065 4217 card.
3093 4161 3151 4216 S.
3186 4158 3465 4231 Stephani
3498 4175 3580 4213 ss.

2180 4253 2298 4325 Ego
2328 4252 2625 4309 Johannes
2639 4250 2830 4323 presb.
2847 4253 2904 4305 et
2917 4249 3051 4305 card
3063 4246 3351 4305 .S.Crucis
3367 4247 3427 4302 in
3441 4246 3768 4303 Hierusss.

2181 4343 2298 4413 Ego
2331 4342 2441 4397 Leo
2471 4340 2665 4413 presb.
2699 4344 2757 4396 et
2788 4338 2943 4396 card.
2966 4338 3064 4396 SS.
3095 4335 3358 4405 Joannis,
3387 4340 3445 4393 et
3479 4334 3644 4392 Pauli
3681 4347 3775 4393 sed

2179 4430 2296 4502 Ego
2327 4428 2600 4486 Julianus
2629 4426 2894 4486 subdiac.
2928 4430 2984 4485 et
3014 4424 3255 4483 cancell.
3284 4424 3558 4499 paginam
3581 4424 3771 4481 dona-

2252 4517 2429 4576 tionis
2456 4522 2511 4575 et
2541 4516 2958 4576 transactionis
2992 4514 3221 4572 subscr.

2106 4740 2420 4781 CONCILIUM
2449 4738 2740 4779 ROMANUM
2775 4723 2847 4793 (9)
2880 4741 2914 4777 Α
2945 4736 3258 4777 BENEDIC’I‘O
3292 4736 3381 4775 pp.
3416 4736 3495 4775 vn
3535 4734 3772 4777 com-na

2302 4829 2643 4869 SIMONIACOS
2684 4827 2941 4868 HABITUM
2981 4828 3135 4866 ΛΝΝΟ
3174 4826 3399 4865 CHRISTI

2389 4920 2577 4992 (Apud
2611 4919 2821 4985 Mansi,
2855 4917 3013 4974 Cone.
3054 4917 3195 4989 XIX,
3226 4916 3334 4973 col.
3364 4920 3482 4989 77.)

2183 5021 2542 5075 Bsxsmcrus
2574 5017 2906 5089 episcopus,
2941 5033 3141 5089 servus
3174 5031 3474 5089 servorum
3507 5013 3633 5068 Dei.

2180 5091 2394 5147 Notum
2426 5106 2553 5146 esse
2571 5085 2840 5146 volumus
2873 5088 3148 5144 omnibus
3167 5085 3471 5143 catholicis
3489 5089 3543 5140 et
3562 5085 3768 5141 ortho-

2108 5180 2272 5236 doxis
2302 5177 2775 5251 archiepiSCOpis,
2810 5176 3119 5249 episc0pis,
3153 5175 3488 5239 abbatibus,
3522 5175 3769 5247 regibus

2108 5351 2270 5417 Quod
2304 5348 2384 5405 ait
2413 5347 2737 5405 Giselerum
2791 5347 2962 5403 malis
3012 5346 3237 5404 artibus
3288 5347 3359 5402 ab
3411 5346 3770 5418 imperatore

2108 5440 2237 5479 eam
2271 5422 2468 5477 sedem
2500 5420 2845 5487 obtinuisse,
2871 5420 3046 5476 fidem
3079 5418 3301 5474 nullam
3335 5424 3768 5485 meretur;eum

2104 5495 2292 5549 Adam
2326 5493 2580 5564 probata:
2631 5490 2775 5564 tidei‘
2810 5490 3091 5564 antiquus
3141 5489 3653 5564 chronograpnus,
3686 5490 3767 5545 li-

2107 5565 2211 5620 bro
2244 5581 2304 5631 ιι,
2327 5561 2467 5634 cap.
2505 5564 2591 5628 14,
2627 5561 3163 5634 Giselerum’virum
3193 5566 3464 5634 sanetum
3481 5562 3770 5621 etWinu-

2106 5636 2297 5710 lorum
2326 5630 2657 5710 apostolum
2704 5633 2985 5692 nominet.
3039 5632 3182 5691 Vide
3236 5630 3555 5692 Baronium
3607 5648 3770 5693 anno

2101 5707 2229 5771 983.
