3912 6384
119 429 236 504 33'7

1295 433 1702 500 EPISTOL/E
1745 431 1850 498 ET
1889 435 2358 504 PRIVILEGIA.

3423 441 3540 507 338

119 581 177 632 et
209 565 596 649 principibus,
629 573 994 648 ducibusque
1043 579 1100 630 et
1149 573 1488 642 comitibus,
1513 571 1598 628 vel
1646 571 1776 628 uni-
1803 571 1864 640 Α
1893 587 2026 630 mus
2057 580 2250 633 autem
2275 591 2308 633 a
2330 576 2641 636 Salomone
2665 577 2746 636 ita
2765 575 3002 635 condita
3030 573 3309 649 fuerat,ut
3329 575 3543 635 domus

115 666 300 722 versis
332 665 388 720 in
421 670 541 721 toto
571 665 710 721 orbe
741 670 1028 720 terrarum
1061 664 1290 720 Christo
1333 661 1776 730 famulantibus,

118 754 370 828 qualiter
400 754 687 827 synodum
741 759 1125 826 aggregatum
1159 758 1247 808 est
1276 753 1336 808 in
1369 751 1592 808 ecclesa
1621 751 1776 806 beati

115 843 266 900 Petri
318 841 714 915 apostolorum
769 841 1076 914 principis,
1125 846 1257 896 ante
1307 839 1775 896 sacratissimum

110 936 240 1005 ejus
270 951 506 1004 corpus,
537 949 654 987 una
703 947 837 987 cum
888 932 1105 987 domno
1155 934 1366 986 Uttone
1396 929 1775 984 serenissimo

110 1023 462 1095 imperatore
522 1025 794 1093 augusto,
853 1019 1144 1093 spirituali
1204 1020 1322 1073 filio
1382 1021 1602 1084 nostro,
1637 1033 1772 1072 cum

111 1111 330 1168 nostris
389 1109 797 1184 suifraganeis,
828 1109 1305 1180 archiepiscopis,
1348 1111 1403 1163 et
1460 1105 1771 1178 episcopis,

110 1199 489 1274 presbyteris,
527 1205 583 1254 et
615 1199 982 1264 diaconibus,
1016 1197 1102 1252 vel
1135 1201 1345 1250 cuncto
1377 1195 1528 1250 clero
1558 1198 1773 1249 sancta:

109 1288 410 1346 catholica:
431 1292 490 1344 et
507 1287 839 1360 apostolica:
865 1288 1138 1343 Romamn
1168 1283 1535 1340 EcclesimEt
1555 1282 1771 1338 ibidem

107 1377 364 1452 perlecta
413 1381 552 1432 sunt
601 1375 858 1449 capitula
887 1376 957 1430 de
989 1375 1171 1430 sacris
1203 1373 1546 1440 canonibus,
1583 1370 1771 1444 quali-

105 1473 199 1524 ter
226 1466 426 1522 liceret
485 1465 756 1538 episeopo
813 1465 883 1518 de
931 1463 1114 1520 sacris
1147 1463 1202 1517 id
1236 1466 1323 1518 est
1355 1460 1771 1530 (ecclesiasticis)

103 1555 413 1612 ordinibus
445 1553 682 1626 aliquod
716 1553 1023 1626 prinmium
1058 1551 1339 1624 accipere.
1361 1551 1431 1604 Et
1453 1547 1772 1604 auxiliante

100 1647 318 1716 Deo,et
347 1647 643 1699 annuente
675 1641 802 1714 ipso
825 1640 1227 1714 apostolorum
1261 1638 1522 1710 principe
1555 1637 1768 1693 beatis-

99 1733 258 1791 simo
281 1731 544 1798 Petro,in
569 1732 772 1786 eodem
806 1729 930 1785 loco
964 1729 1343 1784 interdictum
1376 1731 1468 1782 est
1496 1725 1770 1798 primitus

97 1842 135 1880 a
169 1827 372 1879 nostro
409 1819 644 1892 preprio
674 1835 792 1883 ore,
828 1823 884 1872 et
912 1822 1112 1890 postea
1144 1835 1177 1870 a
1207 1815 1436 1871 cunctis
1466 1814 1768 1870 venerabi-

1889 662 1988 718 Dei
2022 671 2349 734 vocaretur,
2379 671 2674 740 essetque,
2706 667 2859 724 sicut
2889 667 3014 740 ipse
3066 665 3544 739 sapientissimus

1887 767 2003 808 rex.
2043 754 2154 809 Sed
2184 756 2396 810 domus
2429 755 2842 829 negotiationis
2893 756 3044 811 facta
3074 758 3183 822 est,
3217 754 3452 827 quando
3482 753 3543 810 in

1887 858 1955 897 ea
1985 843 2182 911 boves,
2215 849 2272 900 et
2301 861 2456 911 oves,
2490 849 2548 901 et
2577 843 2862 900 columbae
2893 845 3318 900 vendebantur.

1958 930 2119 987 Unde
2150 950 2275 1000 nos,
2311 932 2642 988 charissimi
2675 933 2903 1002 fratres,
2935 937 2991 989 et
3023 929 3388 989 dilectissimi
3411 929 3542 1000 ﬁlii,

1887 1019 2136 1076 sollicite
2165 1020 2407 1093 vigilare
2437 1026 2683 1094 oportet,
2715 1023 2815 1095 qui
2848 1022 3203 1095 pastoralem
3247 1036 3448 1078 curam
3481 1020 3540 1076 in

1885 1110 2104 1165 nostris
2137 1112 2342 1167 ovibus
2373 1112 2756 1168 exercendam
2789 1112 3183 1185 suscepimus,
3217 1125 3289 1166 ne
3319 1127 3419 1166 eas
3451 1110 3540 1165 lu-

1885 1199 2040 1270 pinis
2067 1200 2342 1256 dentibus
2366 1198 2706 1256 lacerandas
2726 1201 3131 1268 tradamus;et
3160 1199 3231 1256 ad
3263 1197 3539 1254 ultimum

1885 1289 2254 1361 nosmetipsi,
2287 1289 2388 1361 qui
2414 1293 2678 1362 pastores
2698 1305 2994 1357 vocamur,
3027 1289 3088 1344 in
3125 1289 3217 1344 die
3254 1287 3538 1344 tremendi

1883 1376 2168 1432 examinis
2189 1377 2342 1450 apud
2381 1378 2544 1450 pium
2569 1383 2626 1432 et
2657 1376 2976 1450 benignum
3000 1377 3262 1450 judicem
3294 1375 3416 1448 lupi
3451 1394 3538 1432 ra-

1883 1483 2054 1537 paces
2087 1467 2474 1522 inveniamur.
2495 1467 2600 1522 Pro
2623 1465 2842 1539 quibus
2863 1469 3114 1523 vestram
3139 1469 3403 1522 sanctam
3423 1465 3539 1520 fra-

1882 1554 2215 1610 ternitatem
2264 1556 2544 1628 rogando,
2579 1557 2962 1625 obsecrando,
2998 1555 3313 1626 monendo,
3344 1558 3400 1610 et
3443 1570 3540 1610 ar—

1879 1645 2110 1716 guendo
2141 1645 2513 1712 mandamus,
2542 1647 2610 1699 ut
2641 1644 2802 1699 omni
2843 1645 3148 1700 occasione
3194 1642 3538 1716 postposita,

1880 1731 2143 1804 diligenti
2183 1733 2397 1801 studio,
2431 1738 2490 1788 et
2539 1731 2935 1789 sollicitudine
2987 1731 3264 1798 maxima,
3297 1746 3365 1785 ea
3411 1747 3540 1802 qua:

1876 1823 2044 1878 vobis
2074 1821 2300 1895 agenda
2329 1818 3049 1894 transmisimus,implere
3080 1817 3539 1876 studeatis.Nam

96 1913 265 1969 libus
297 1907 752 1980 archiepiscopis
785 1911 840 1962 et
871 1906 1160 1978 episcopis
1183 1905 1240 1960 in
1265 1905 1468 1960 eodem
1503 1901 1769 1960 sacratis-
1803 1941 1853 2010 Β
1884 1911 1932 1966 si
1965 1909 2246 1984 quislibet
2277 1910 2771 1983 presbyterorum,
2798 1913 2900 1965 aut
2927 1907 3336 1976 diaconorum,
3357 1907 3540 1980 gratis

97 2000 260 2057 sime
290 1999 416 2055 loco
447 1995 862 2062 residentibus,
885 1995 1040 2066 quod
1063 1995 1133 2050 ab
1160 1994 1272 2050 ista
1305 1993 1449 2048 hora
1479 1993 1536 2047 in
1570 1996 1763 2059 antea,

99 2091 180 2148 ab
213 2087 455 2143 ostiario
486 2103 674 2158 usque
707 2086 777 2140 ad
812 2084 1228 2152 sacerdotium,
1253 2081 1484 2137 nullum
1518 2081 1772 2152 pretium

99 2179 317 2237 exinde
347 2180 690 2248 accepturos
725 2173 1052 2240 csse,sicuti
1081 2172 1136 2227 in
1161 2170 1410 2246 decretis
1433 2176 1773 2228 sanctorum

99 2270 350 2325 Patrum
399 2264 756 2320 continetur.
819 2261 1164 2335 (Chalcedon.
1200 2277 1327 2316 can.
1363 2261 1441 2333 2.)
1487 2282 1516 2311 ‹‹
1549 2260 1605 2316 Si
1641 2260 1774 2332 quis

101 2355 448 2430 (episcopus
496 2369 600 2425 per
655 2352 965 2424 pecuniam
1000 2349 1199 2406 fecerit
1233 2348 1685 2416 ordinationem,
1718 2352 1777 2404 et

101 2446 220 2502 sub
243 2444 428 2517 pretio
459 2441 745 2514 redegerit
777 2441 1186 2514 gratiam,qua3
1220 2455 1334 2494 non
1366 2441 1558 2510 potest
1578 2436 1771 2505 vendi,

103 2531 607 2602 ordinaveritque)
633 2546 735 2602 per
755 2527 1036 2602 pecunias
1059 2527 1399 2600 episcopum
1423 2530 1524 2582 aut
1545 2527 1778 2599 presby-
1833 2521 1846 2530 ’

106 2624 442 2690 terum,aut
472 2617 900 2688 diaconum,vel
935 2616 1259 2690 quemlibet
1289 2634 1356 2672 ex
1387 2615 1477 2670 his
1509 2615 1606 2686 qui
1640 2632 1776 2670 con-

111 2713 510 2770 numerantur
539 2709 598 2764 in
631 2708 805 2775 clero,
841 2712 943 2763 aut
973 2705 1326 2778 promoverit
1357 2722 1460 2778 per
1499 2705 1778 2776 pecunias

111 2800 613 2874 dispensatorem,
631 2802 732 2852 aut
762 2797 1152 2856 defensorem.
1175 2793 1264 2849 vel
1297 2809 1654 2866 quemquam
1678 2793 1776 2864 qui

114 2890 426 2962 subjectus
455 2891 547 2942 est
574 2885 806 2959 regulzn,
828 2889 930 2957 pro
955 2901 1060 2940 suo
1093 2883 1422 2955 turpissimi
1458 2880 1602 2936 lucri
1631 2897 1784 2938 eom-

113 2978 296 3036 modo
321 2993 335 3031 :
370 2977 421 3032 is
442 2976 535 3032 cui
559 2975 667 3029 hoc
691 2973 1000 3029 attentanti
1027 2973 1342 3044 probatum
1365 2968 1782 3042 fuerit,proprii

114 3069 342 3144 gradus
400 3063 660 3138 periculo
718 3061 1068 3134 subjacebit.
1103 3062 1173 3116 Et
1203 3061 1300 3132 qui
1337 3059 1643 3116 ordinatus
1671 3061 1780 3126 est,

115 3155 274 3215 nihil
305 3173 372 3210 ex
419 3152 530 3209 hac
585 3151 953 3208 ordinatione
1000 3149 1085 3206 vel
1121 3149 1504 3218 promotione,
1537 3161 1664 3220 qua;
1694 3150 1787 3203 est

114 3262 226 3320 per
255 3242 711 3318 negotiationem
747 3241 917 3305 facta,
953 3237 1217 3310 proﬁciat
1242 3255 1257 3305 ;
1283 3237 1382 3292 sed
1407 3235 1485 3292 sit
1506 3233 1735 3292 alienus
1753 3245 1789 3290 a

1883 2001 2104 2056 donum
2137 1997 2390 2070 Spiritus
2421 1997 2608 2053 sancti
2636 1997 2710 2051 ab
2743 1995 3204 2070 archiepiscopo,
3229 1996 3348 2051 sive
3369 2013 3404 2050 a
3425 2011 3542 2051 me-

1883 2087 2232 2162 tropolitano
2255 2103 2360 2143 suo
2382 2085 2642 2158 accipere
2667 2101 2780 2140 non
2804 2085 3079 2158 potuerit,
3095 2085 3332 2140 studeat
3347 2082 3542 2139 venire

1885 2178 1954 2232 ad
1987 2181 2250 2232 sanctam
2285 2179 2534 2230 matrem
2578 2175 2905 2231 Romanam
2946 2171 3265 2229 Ecclesiam
3297 2171 3541 2228 catholi-

1884 2281 2034 2332 cam,
2071 2271 2243 2337 atque
2293 2262 2696 2336 apostolicam,
2731 2267 2788 2320 et
2818 2263 2878 2318 in
2911 2263 3117 2319 eadem
3149 2260 3542 2335 episcopalem

1885 2353 2353 2411 benedictionem
2373 2353 2492 2409 acei
2502 2351 2622 2424 piat
2639 2351 2765 2408 sine
2785 2351 2944 2408 omni
2971 2350 3295 2407 simoniaca
3317 2347 3542 2406 barresi.

1957 2443 2038 2514 (S.
2075 2443 2436 2509 Gasconws,
2489 2440 2590 2497 lib.
2641 2458 2716 2510 ιν,
2751 2456 2842 2512 ep.
2877 2437 2989 2512 44.)
3041 2462 3068 2491 α
3103 2441 3155 2496 Is
3199 2443 3395 2496 autem
3444 2437 3545 2512 qui

1887 2533 2194 2590 ordinatus
2225 2531 2418 2599 fuerit,
2457 2531 2504 2586 si
2538 2547 2653 2587 non
2685 2547 2753 2586 ex
2783 2528 3018 2603 placito,
3066 2545 3254 2602 neque
3284 2529 3542 2596 exactus,

1888 2627 1991 2678 aut
2023 2621 2399 2693 petitus,post
2431 2624 2701 2693 acceptas
2723 2619 2956 2676 chartas
2981 2623 3038 2674 et
3069 2616 3546 2690 pallium,oﬂ‘erre

1889 2710 2108 2784 aliquid
2143 2709 2382 2766 cuilibet
2413 2725 2480 2764 ex
2513 2708 2665 2764 clero
2691 2707 2890 2780 gratia:
2923 2706 3334 2762 tantummodo
3365 2721 3547 2761 causa

1887 2800 2154 2866 voluerit,
2189 2799 2297 2854 hoc
2329 2797 2510 2871 accipi
2544 2794 2704 2853 nullo
2735 2797 2908 2852 modo
2954 2794 3376 2869 prohibemus;
3409 2792 3548 2866 quia

1893 2890 2019 2960 ejus
2050 2887 2266 2944 oblatio
2293 2886 2517 2944 nullam
2544 2885 2727 2959 culpa:
2758 2883 3051 2941 maculam
3083 2879 3453 2956 ingerit,quze
3481 2897 3552 2939 ex

1893 2977 2234 3050 accipientis
2265 2977 2488 3033 ambitu
2521 2993 2636 3031 non
2669 2973 2970 3048 processit.
3011 2995 3030 3021 η

1965 3065 2308 3139 Quicunque
2341 3067 2412 3122 de
2461 3067 2684 3121 sanctis
2733 3062 3038 3119 ordinibus
3087 3060 3240 3118 hanc
3287 3066 3552 3117 nostram

1893 3155 2103 3212 viderit
2132 3155 2464 3229 epistolam,
2507 3158 2564 3210 et
2591 3155 2768 3210 verba
2793 3151 2882 3208 vel
2911 3150 3176 3224 exempla
3215 3154 3552 3207 sanctorum

1897 3245 2136 3302 Patrum
2169 3260 2283 3302 non
2315 3243 2726 3309 observaverit,
2751 3241 2899 3297 sciat
2931 3257 2992 3296 se
3025 3255 3136 3297 non
3169 3251 3298 3296 esse
3327 3253 3555 3296 connuo

118 3309 429 3407 dignitate,
451 3330 538 3386 vel
565 3309 980 3395 sollicitudine,
1007 3343 1185 3400 quam
1208 3325 1474 3398 pecuniis
1497 3321 1780 3398 quaasivit.

1968 3337 2190 3392 erutum
2219 3335 2367 3390 inter
2380 3332 2700 3406 discipulos
2717 3331 2948 3388 Domini
2967 3334 3024 3386 et
3039 3327 3352 3386 Salvatoris
3371 3325 3554 3384 nostri

119 3424 184 3482 Si
205 3422 339 3495 quis
358 3437 492 3476 vero
515 3419 804 3474 mediator
823 3421 941 3472 tam
967 3416 1242 3488 turpibus
1263 3420 1320 3470 et
1342 3413 1611 3470 nefandis
1631 3412 1786 3469 datis

116 3511 210 3568 vel
237 3509 494 3582 acceptis
519 3507 808 3562 exstiterit
832 3524 845 3572 ;
879 3505 928 3560 si
953 3503 1189 3576 quidem
1217 3503 1464 3558 clericus
1488 3501 1786 3570 fuerit,de-

119 3603 417 3677 ponatur;
447 3599 497 3654 si
525 3613 657 3653 vero
691 3596 896 3662 laicus,
935 3599 1038 3650 aut
1069 3592 1418 3659 monachus,
1453 3591 1790 3647 anathema-

119 3692 358 3748 tizetur.
384 3711 406 3740 ι

197 3779 345 3836 Item
379 3777 436 3831 in
469 3776 690 3832 eisdem
715 3773 964 3830 decretis
987 3775 1138 3840 (can.
1167 3774 1353 3844 apost.
1377 3769 1466 3838 30)
1493 3785 1506 3824 :
1545 3789 1568 3816 σι
1605 3766 1663 3822 Si
1687 3783 1790 3838 per

121 3865 439 3944 pecuniam
479 3865 633 3920 hanc
681 3861 944 3918 obtineat
993 3859 1364 3932 dignitatem,
1393 3855 1707 3926 dejiciatur
1731 3857 1790 3910 et

123 3959 276 4031 ipse,
309 3959 367 4010 et
397 3953 700 4010 ordinator
720 3951 936 4023 ejus,et
959 3967 992 4004 a
1013 3947 1428 4005 communione
1451 3944 1642 4000 modis
1671 3959 1793 4000 om-

125 4045 308 4104 nibus
339 4042 740 4108 abscindatur,
776 4039 933 4094 sicut
983 4038 1183 4094 Simon
1233 4036 1441 4108 Magus
1473 4053 1507 4091 a
1536 4034 1722 4090 Petro.
1758 4053 1787 4081 η

199 4133 417 4190 Verum
441 4131 617 4187 etiam
639 4127 1056 4202 propterillam
1083 4126 1402 4198 pessimam
1435 4121 1791 4196 emptionem

127 4221 533 4294 Hierosolyma
553 4223 726 4290 capta
749 4221 839 4272 est
865 4236 877 4284 ;
903 4215 1042 4288 quia
1073 4215 1182 4287 ipsi
1217 4213 1548 4269 sacerdotes
1581 4209 1790 4282 iniqui,

123 4312 231 4388 'qui
258 4311 582 4367 debuerant
607 4325 738 4363 esse
768 4307 1172 4363 observatores
1205 4303 1349 4374 legis
1381 4306 1437 4358 et
1458 4300 1798 4374 praedicata.

131 4420 246 4470 res,
281 4400 393 4473 ipsi
427 4398 599 4471 primi
635 4396 768 4452 facti
811 4395 1045 4451 fuerant
1096 4393 1586 4466 prmvaricatores.
1620 4389 1793 4445 Deni-

129 4507 249 4566 que
279 4490 624 4544 invenerant
654 4485 766 4541 sibi
801 4484 1096 4557 quoddam
1147 4480 1532 4553 ingeniolum,
1564 4483 1629 4534 ut
1660 4495 1794 4552 per-

129 4579 452 4638 suaderent
483 4574 619 4632 tiliis
652 4573 828 4630 Israel
863 4574 932 4628 de
966 4571 1286 4644 longinquo
1316 4568 1799 4636 vonientibus,ut

1893 3424 2035 3480 Jesu
2065 3421 2279 3480 Christi
2307 3441 2322 3490 ;
2355 3422 2452 3478 sed
2485 3422 2831 3478 damnatum
2890 3420 3042 3474 inter
3073 3417 3286 3490 impios
3317 3421 3377 3472 et
3405 3415 3557 3472 inter

1895 3529 1994 3568 eos
2027 3515 2123 3585 qui
2149 3511 2412 3567 dixerunt
2436 3510 2664 3566 Domino
2690 3509 2796 3564 Deo
2825 3525 2844 3562 :
2878 3505 3074 3562 Recede
3101 3521 3136 3560 τι
3163 3504 3554 3568 ηοὸίε,·.ςσίεη-

1898 3603 2030 3656 tiam
2059 3601 2278 3656 viarum
2304 3607 2524 3655 tuarum
2553 3599 2808 3652 nolumus
2841 3595 2956 3664 (Job
2986 3611 3101 3660 xxv,
3139 3593 3246 3661 14).

1970 3690 2073 3746 Hic
2115 3706 2249 3745 vero
2299 3689 2401 3760 qui
2449 3687 2708 3759 legitime
2740 3685 2900 3740 illam
2935 3681 3339 3749 custodierint,
3371 3684 3430 3736 et
3458 3680 3554 3754 pio

1898 3778 2116 3834 intuitu
2145 3774 2888 3845 observaverint,recipiant
2908 3775 3132 3845 partem
3151 3785 3285 3826 cum
3315 3769 3552 3837 Abram,

1900 3867 2062 3924 Isaac
2093 3871 2151 3924 et
2179 3865 2380 3932 Jacob,
2407 3864 2464 3919 in
2489 3879 2668 3936 regno
2707 3860 3003 3927 caelorum,
3035 3875 3154 3914 una
3183 3871 3317 3913 cum
3349 3857 3555 3914 eodem

1900 3958 2148 4014 Domino
2178 3961 2235 4012 et
2263 3953 2558 4011 Salvatore
2589 3956 2788 4009 nostro
2819 3950 2960 4006 Jesu
2991 3947 3242 4014 Christo,
3273 3945 3376 4020 qui
3400 3962 3558 4002 nunc

1901 4051 1964 4102 et-
1978 4063 2210 4119 semper
2237 4044 2376 4100 vivit
2405 4048 2460 4098 et
2492 4046 2697 4116 regnat
2726 4041 2880 4096 Deus
2903 4038 2962 4094 in
2995 4039 3208 4094 cuneta
3227 4034 3441 4092 siecula
3461 4053 3562 4092 saa-

1903 4135 2192 4192 culorum.

1976 4223 2135 4280 Hanc
2176 4222 2375 4294 itaque
2425 4224 2688 4276 nostram
2737 4217 3044 4292 epistolam
3073 4215 3356 4288 jubemus
3389 4216 3563 4286 atque

1904 4312 2298 4387 praecipimus,
2335 4313 2399 4364 ut
2430 4327 2532 4382 per
2571 4323 2814 4364 manum
2865 4303 3196 4362 charissimi
3249 4300 3562 4358 confratris

1906 4401 2090 4458 nostri
2118 4399 2362 4456 Mironis
2392 4395 2915 4470 episcopi,cunctis
2945 4393 3076 4449 aliis
3109 4389 3565 4462 archiepiscopis

1907 4496 1964 4548 et
1983 4489 2274 4565 episcopis
2306 4487 2664 4559 deportatur,
2696 4488 2762 4539 ut
2789 4484 2944 4538 idem
2991 4481 3117 4552 ipse
3148 4497 3250 4552 per
3279 4493 3454 4534 suum
3479 4477 3564 4533 la-

1906 4581 2106 4637 borem
2139 4583 2194 4634 et
2219 4581 2535 4642 certamen,
2567 4575 2806 4648 dignam
2839 4571 3045 4627 exinde
3073 4568 3404 4625 mercedem
3428 4566 3569 4622 reci-

123 4667 406 4725 vietimas
435 4679 635 4722 secum
660 4679 772 4720 non
793 4663 1104 4728 deferrent,
1127 4660 1226 4715 sed
1249 4657 1796 4748 muneratoft'cren-
1827 4681 1876 4748 Β
1908 4669 2050 4744 βίαι,
2083 4670 2141 4722 et
2191 4667 2445 4720 fructum
2480 4663 2681 4719 afferat
2707 4661 2766 4717 in
2800 4657 3142 4733 paenitentia
3171 4657 3346 4729 (Forte
3372 4654 3432 4712 in
3459 4670 3568 4727 pa-

129 4758 415 4828 tibusque
437 4753 573 4824 sibi,
593 4769 706 4807 non
741 4751 894 4808 sicut
923 4752 1276 4822 praeceptum
1309 4751 1434 4802 erat
1463 4764 1495 4801 a
1526 4745 1796 4813 Domino,

131 4844 565 4911 immolabant;
601 4841 702 4897 sed
735 4841 807 4900 ad
837 4839 948 4896 hoc
981 4837 1093 4894 sibi
1143 4835 1536 4904 reservabant,
1572 4838 1636 4891 ut
1669 4833 1802 4890 aliis

134 4936 314 5007 atque
339 4931 473 4990 aliis
492 4930 831 4996 venderent,
857 4933 914 4984 et
932 4927 1004 4983 ad
1027 4926 1138 4983 hoc
1171 4925 1280 4982 sibi
1314 4925 1570 4997 pretium
1601 4939 1800 4980 mune-

134 5023 222 5081 ris
253 5019 736 5092 multiplicarent.

209 5111 358 5168 Nam
421 5109 578 5164 idem
636 5105 924 5166 Dominus
953 5109 1012 5162 et
1055 5103 1320 5161 Salvator
1375 5106 1574 5158 noster
1627 5101 1802 5158 Jesus

134 5199 437 5267 Christus,
474 5215 588 5253 non
622 5213 726 5268 per
755 5193 1094 5269 prophetas,
1129 5179 1318 5264 neque
1350 5208 1453 5264 per
1483 5189 1800 5262 apostolos,

138 5293 243 5348 aut
273 5304 378 5362 per
409 5289 674 5344 doctores
719 5284 969 5356 aliquos,
1009 5283 1110 5337 sed
1143 5299 1246 5354 per
1277 5297 1338 5336 se
1370 5280 1587 5352 ipsum,
1616 5280 1803 5350 ﬂagel-

137 5382 259 5437 lum
314 5376 381 5433 de
435 5376 706 5448 funiculis
763 5376 936 5446 fecit;
965 5381 1017 5428 et
1045 5373 1201 5444 ejccit
1250 5386 1434 5426 omnes
1479 5369 1545 5424 de
1589 5370 1804 5442 templo,

142 5469 296 5526 boves
329 5481 539 5540 quoque
583 5472 633 5521 et
677 5479 820 5528 oves,
850 5470 902 5519 et
943 5461 1448 5517 nummulariorum
1489 5457 1682 5530 effudit
1707 5475 1802 5527 aes,

140 5565 194 5616 et
223 5571 440 5612 mensas
489 5553 764 5609 subvertit.
799 5553 864 5606 Et
892 5551 978 5606 his
1018 5552 1115 5622 qui
1161 5547 1436 5604 columbas
1487 5545 1802 5615 vendebant,

142 5644 291 5703 dixit
317 5663 336 5699 :
367 5644 588 5716 Auferte
625 5643 730 5697 ista
764 5640 916 5710 hinc,
947 5648 999 5696 et
1044 5639 1212 5695 nolite
1241 5639 1421 5709 facere
1449 5635 1668 5692 domum
1700 5638 1809 5692 Pa-

139 5728 243 5794 ‘ris
285 5735 397 5792 mei
441 5732 660 5790 domum
707 5731 1090 5802 negotiationis
1120 5731 1296 5799 (Joan.
1327 5744 1386 5790 ιι,
1425 5728 1511 5792 15,
1547 5727 1651 5796 16).
1696 5726 1806 5784 Do-

1910 4759 2134 4825 tientia,
2168 4755 2398 4822 Hilam).

2639 4837 2836 4896 XVIII.

1912 4955 2094 4996 BULLA
2112 4949 2406 4992 BENEDIC’I‘I
2423 4945 2668 4987 ΡΑιηενιι
2683 4943 2793 4984 PRO
2815 4939 3178 4984 MONASTBRIO
3195 4939 3243 4980 8.
3259 4937 3567 4982 WALARICL

2555 5045 2741 5116 (Anno
2767 5042 2920 5112 981.)

2057 5155 2245 5230 (Apud
2278 5150 2501 5210 Mabill.
2534 5150 2734 5206 Αηηαι.
2763 5146 2883 5206 0rd.
2916 5145 3117 5204 Bened.
3151 5143 3246 5214 1v,
3277 5143 3434 5215 685.)

1987 5275 2348 5329 Bausmc'rus
2397 5283 2599 5324 servus
2669 5279 2966 5320 servorum
3017 5261 3141 5330 Dei,
3193 5259 3578 5318 dilectissimo

1919 5369 2116 5421 nostro
2168 5358 2286 5415 tilio
2337 5358 2638 5414 Rss'rowo
2699 5351 2971 5426 religioso
3021 5349 3241 5418 abbati,
3281 5348 3370 5405 vel
3419 5347 3583 5405 omni

1919 5446 2356 5525 congregationi
2381 5447 2438 5502 in
2464 5441 2818 5501 monasterio
2849 5439 3040 5497 sancti
3069 5437 3370 5505 Walarici,
3402 5453 3582 5510 quam

1920 5523 2086 5615 Ηυέο
2138 5536 2602 5614 gloriosissimus
2651 5549 2868 5599 comes,
2904 5535 3222 5602 nosterque
3255 5523 3581 5600 spiritualis

1923 5611 2102 5700 ﬁlius,
2119 5611 2178 5685 in
2203 5627 2406 5701 regula
2425 5625 2580 5682 beati
2603 5621 2898 5679 Benedicti
2933 5619 3160 5677 noviter
3185 5611 3576 5688 congregavit,

1921 5721 2247 5792 vestrisque
2283 5712 2722 5774 successoribus
2750 5710 2810 5768 in
2844 5712 3209 5784 perpetuum.
