3912 6364
358 384 477 452 339

1651 389 2066 455 BENEDIC’I‘I
2108 389 2337 452 PAPIE
2379 387 2485 452 VlI

3666 387 3804 451 340

429 524 576 580 Cum
609 540 824 597 magna
855 523 1023 581 nobis
1057 523 1451 581 sollicitudine
1492 525 1711 581 insistit
1739 542 1880 580 cura
1910 541 2012 595 pro
2044 525 2097 592 Α
2126 522 2650 595 nonpno,religioso
2672 521 2865 577 abbati
2890 524 3103 577 sanctae
3117 520 3484 579 Corbeicnsis
3500 521 3801 587 ecclesiae,

359 613 650 669 universis
680 613 783 668 Dei
817 613 1092 668 Ecclesiis
1125 630 1192 668 ac
1218 615 1332 684 piis
1364 613 1526 680 locis,
1550 613 1910 685 vigilandum
1943 629 2016 667 ne

359 702 620 775 aliquam
646 700 1014 758 necessitatis
1024 703 1319 772 jactur-am
1345 702 1801 767 sustineant,sed
1829 701 2017 773 magis

360 790 606 862 propria:
619 789 895 845 utilitatis
908 790 1203 861 stipendia
1216 791 1864 862 consequantur.lgitur
1879 790 2020 861 quia

359 896 463 951 per
491 879 884 934 interventum
918 879 1181 949 Hugonis
1230 880 1466 951 gloriosi
1498 880 1731 935 comitis
1765 880 2014 934 rationa-

361 967 558 1023 biliter
587 967 930 1039 postulastis
961 986 994 1023 a
1024 969 1520 1040 nobis,quatenus
1552 987 1653 1040 pro
1675 987 1781 1024 suo
1805 986 2017 1038 magno

362 1075 561 1113 amore
593 1062 767 1128 atque
801 1057 1109 1112 dilectione
1154 1059 1639 1113 contirmaremus
1685 1058 1847 1112 vobis
1874 1075 2017 1128 pra»

363 1146 586 1201 dictum
619 1145 1046 1201 monasterium
1076 1147 1261 1201 sancti
1284 1147 1551 1202 Walarici
1577 1164 1711 1201 cum
1743 1148 2018 1201 omnibus

360 1236 536 1291 rebus
560 1233 898 1304 mobilibus,
924 1252 1177 1306 cumque
1208 1240 1263 1291 et
1294 1235 1717 1301 immobilibus,
1753 1236 2019 1306 quibusa

362 1324 601 1395 praefato
632 1324 873 1394 Hugone
895 1323 1322 1395 gloriosissimo
1344 1324 1556 1379 comite
1584 1341 1862 1380 concessa
1892 1340 2019 1379 esse

363 1416 710 1480 noscuntur,
754 1411 841 1467 vel
874 1430 907 1468 a
933 1412 1154 1468 caeteris
1204 1412 1551 1469 Christianis
1583 1413 1638 1466 in
1673 1418 2018 1484 perpetuum

363 1518 643 1557 concessa
674 1504 849 1573 atque
881 1500 1091 1573 largita
1119 1519 1246 1557 esse
1266 1501 1648 1568 videntur,vel
1672 1517 1806 1556 cum
1838 1499 2019 1555 omni-

365 1591 477 1646 bus
501 1591 569 1646 ad
596 1589 793 1661 ipsum
816 1590 1238 1646 monasterium
1263 1589 1612 1661 generaliter
1634 1594 1692 1645 et
1722 1606 1877 1644 nunc
1900 1606 2021 1661 per-

362 1678 690 1734 tinentibus
720 1678 894 1733 sicuti
925 1681 1033 1733 est.
1056 1678 1240 1751 Igitur
1260 1678 1577 1750 privilegiis
1600 1678 1756 1733 sedis
1788 1682 2019 1749 aposto-

365 1766 487 1823 licaa
518 1765 722 1822 infulis
753 1767 1078 1834 decoretur,
1103 1771 1168 1822 ut
1215 1768 1325 1823 sub
1362 1767 1775 1839 jurisdietione
1807 1770 2021 1821 sanctae

363 1859 578 1912 nostris
608 1853 877 1910 Ecclesiae
910 1855 1118 1911 matris
1148 1856 1863 1927 permanendum,nullius
1886 1855 2022 1911 alte-

366 1944 490 2000 rius
519 1943 787 2000 Ecclesia’.
818 1943 1337 2015 jurisdietionibus
1385 1946 1874 2001 submittendum.
1916 1945 2022 2000 Pro

366 2050 486 2105 qua
515 2049 577 2088 re
608 2031 721 2103 piis
773 2031 1084 2088 desideriis
1131 2033 1412 2103 faventes,
1441 2038 1643 2090 nostra
1681 2034 2026 2089 auctoritate

365 2121 426 2178 id
468 2121 624 2194 quod
674 2119 1008 2192 exposcitur
1057 2122 1289 2178 effectui
1335 2123 1762 2195 mancipamus.
1800 2124 1869 2178 Et
1898 2122 2026 2177 ideo

367 2226 604 2267 omnem
648 2209 969 2281 cujuslibet
997 2210 1266 2267 Ecclesiae
1298 2213 1668 2267 sacerdotum
1697 2213 1754 2267 in
1788 2212 2028 2284 przefato

367 2297 725 2354 monasterio
738 2296 1043 2365 ditionem,
1060 2299 1385 2369 quamlibet
1396 2299 1610 2356 habere
1622 2301 2027 2356 auctoritatem

368 2391 578 2459 praeter
621 2386 818 2443 sedem
861 2387 1242 2457 apostolicam
1276 2389 1675 2460 prohibemus,
1711 2390 1793 2444 ita
1822 2393 1887 2443 ut
1915 2387 2029 2443 nisi

368 2477 445 2532 ab
478 2476 690 2532 abbate
735 2474 924 2547 ipsius
974 2477 1314 2533 monasterii
1365 2479 1541 2541 fuerit
1589 2478 1891 2545 invitatus,
1924 2495 2030 2534 nec

369 2564 696 2621 missarum
719 2563 1006 2620 solemnia
1037 2564 1253 2621 ibidem
1283 2567 1577 2638 quispiam
1612 2571 1928 2638 prmsumat
1947 2584 2033 2622 ce-

369 2653 599 2709 lebrare
623 2652 784 2710 omni
807 2654 1001 2719 modo,
1029 2671 1133 2710 nec
1174 2653 1411 2710 licentia
1449 2655 1546 2722 sit,
1570 2661 1634 2711 ut
1665 2657 1888 2711 dictum
1921 2660 2028 2723 est,

369 2758 439 2798 ex
459 2741 589 2813 ejus
618 2740 707 2797 vel
738 2742 1016 2797 omnibus
1047 2744 1238 2799 eidem
1262 2746 1616 2800 monasterio
1638 2744 1824 2798 sancti
1849 2741 2034 2799 Wala-

370 2829 481 2887 rici
512 2828 962 2902 pertinentibus,
996 2830 1177 2885 situm
1210 2833 1269 2887 in
1301 2833 1583 2887 comitatu
1614 2833 1876 2887 Witmau
1909 2831 2032 2887 cui-

369 2934 553 2991 quam
585 2935 811 2991 magnae
833 2935 1113 2989 personae,
1139 2937 1442 2992 parvaeque
1462 2923 1709 2977 auferre.
1744 2920 1815 2976 Ut
1845 2920 2031 2993 profe-

371 3012 467 3063 cto
490 3008 663 3077 juxta
692 3006 750 3061 id
781 3007 937 3078 quod
979 3008 1278 3079 subjectos
1307 3010 1461 3065 idem
1497 3015 1561 3064 ut
1586 3010 1643 3064 in
1678 3009 2032 3065 monasterio

370 3093 685 3166 apostolici
737 3094 1041 3150 constituti
1092 3102 1265 3167 atque
1313 3098 1595 3169 privilegii
1626 3099 1913 3164 consistit,
1947 3098 2035 3153 in-

371 3200 657 3241 concusse
688 3184 1010 3239 dotandum
1038 3190 1393 3256 permaneat.
1413 3187 1471 3242 Si
1497 3187 1631 3258 quis
1653 3187 2034 3257 autem,quod

2125 616 2441 684 nostroque
2463 610 2842 667 dilectissimo
2866 610 2983 665 tilio
3002 610 3241 683 suisque
3261 613 3715 669 successoribus
3740 614 3801 669 in

2127 704 2493 773 perpetuum.

2199 790 2343 844 Cum
2368 807 2614 844 summae
2637 789 2969 861 apostolicae
3001 789 3307 861 dignitatis
3327 807 3472 861 apex
3495 791 3553 845 in
3572 790 3690 846 hoc
3716 791 3802 846 di-

2125 877 2240 932 vini
2269 880 2560 949 profectus
2585 878 2769 931 nitore
2799 877 3167 949 dignoscitur
3197 879 3711 949 przefulgere,cum
3739 882 3799 935 in

2129 967 2465 1022 exercendis
2488 967 2585 1020 Dei
2612 967 2886 1020 laudibus
2908 966 2998 1019 sui
3021 966 3347 1037 impensius
3380 969 3611 1024 studuit
3632 969 3801 1024 labo-

2128 1056 2210 1110 ris
2242 1054 2511 1109 exhibere
2544 1060 2878 1120 certamen;
2910 1055 2984 1108 ob
3016 1055 3124 1110 hoc
3160 1057 3355 1111 debita
3386 1075 3492 1112 nos
3517 1060 3796 1129 ejusdem

2129 1143 2457 1215 apostolicm
2489 1143 2797 1214 pastoralis
2829 1143 3114 1215 compulit
3158 1144 3571 1202 sollicitudinis
3621 1164 3796 1212 cura,

2129 1232 2413 1304 quidquid
2435 1233 2505 1286 ad
2531 1230 2908 1286 stabilitatem
2932 1232 3159 1303 piorum
3192 1234 3478 1304 pertinere
3499 1237 3801 1307 dignosci-

2129 1326 2226 1376 tur
2256 1321 2513 1375 locorum
2548 1321 2799 1374 ubertim
2834 1320 3214 1392 promulgari,
3246 1326 3305 1377 et
3333 1324 3668 1394 apostolica:
3700 1326 3798 1380 in-

2130 1409 2458 1465 stitutionis
2490 1426 2739 1463 censura
2768 1410 3124 1464 confirmari.
3154 1410 3335 1482 Igitur
3363 1412 3503 1483 quia
3531 1415 3800 1485 postula-

2130 1500 2203 1553 sti
2241 1517 2274 1553 a
2318 1499 2486 1552 nobis
2518 1502 2808 1568 quatenus
2842 1499 3265 1554 monasterium
3298 1500 3400 1556 SS.
3434 1508 3795 1575 martyrum,

2130 1586 2574 1659 protomartyris
2605 1585 2883 1658 Stephani
2918 1592 3093 1658 atque
3120 1588 3236 1644 Viti
3268 1591 3542 1663 martyris
3574 1593 3633 1647 in
3664 1592 3799 1649 loco

2132 1676 2229 1749 qui
2263 1675 2482 1730 dicitur
2511 1673 2773 1741 Corbeia,
2808 1675 3127 1748 privilegiis
3157 1678 3315 1733 sedis
3368 1680 3708 1751 apostolicae
3741 1688 3800 1738 et

2130 1764 2336 1820 infulis
2366 1765 2690 1830 decoretur,
2727 1768 2792 1818 ut
2842 1764 2951 1818 sub
2994 1764 3408 1833 jurisdietione
3438 1774 3655 1824 sanctas
3690 1787 3798 1827 no-

2135 1857 2268 1907 stra:
2301 1853 2478 1917 sedis,
2512 1851 2603 1906 cui
2656 1852 2772 1907 Deo
2822 1857 3058 1908 auctore
3105 1854 3486 1924 deservimus,
3520 1857 3798 1915 Ecclesia:

2127 1941 2643 2015 jurisdietionibus
2674 1941 3092 1996 submittatur:
3128 1959 3230 2015 pro
3262 1961 3379 2015 qua
3407 1961 3469 2000 re
3499 1946 3615 2018 piis
3647 1948 3803 2004 desi-

2137 2030 2312 2086 deriis
2345 2031 2599 2086 faventes
2631 2030 2741 2085 hac
2773 2034 2974 2085 nostra
3013 2032 3380 2101 auctoritate,
3407 2033 3464 2089 id
3496 2036 3657 2106 quod
3694 2054 3798 2109 po-

2136 2119 2322 2175 stulas
2353 2120 2581 2174 effectui
2632 2119 3059 2191 mancipamus,
3091 2124 3150 2174 et
3198 2128 3432 2194 omnem
3473 2123 3803 2194 cujuslibet

2137 2208 2391 2264 ecclesias
2424 2208 2808 2271 sacerdotem,
2843 2206 2902 2262 in
2937 2209 3173 2279 prmfato
3225 2192 3579 2269 moriasterio
3619 2215 3800 2270 ditio-

2137 2315 2271 2352 nem
2315 2296 2639 2367 quamlibet
2670 2296 2881 2351 habere
2913 2300 2970 2351 et
3001 2298 3432 2368 auctoritatem,
3466 2305 3681 2373 praeter
3709 2321 3801 2360 se-

2138 2386 2271 2441 dem
2296 2383 2675 2457 apostolicam
2708 2384 3088 2456 prohibemus
3111 2401 3125 2439 :
3154 2385 3236 2441 ita
3254 2391 3338 2454 ut,
3354 2389 3469 2444 nisi
3486 2391 3560 2446 ab
3583 2393 3802 2449 abbate

2140 2473 2477 2531 monasterii
2530 2474 2707 2528 fuerit
2758 2473 3060 2541 invitatus,
3090 2490 3191 2530 nec
3225 2476 3541 2533 missarum
3576 2479 3798 2537 ibidem

2140 2563 2425 2619 solemnia
2445 2563 2758 2635 quisquam
2783 2567 3100 2633 prazsumat
3119 2564 3430 2630 celebrare,
3454 2570 3799 2627 omnimodo

2140 2656 2485 2717 statuentes,
2503 2651 2821 2723 apostolica
2843 2669 3092 2707 censura
3118 2653 3230 2708 sub
3262 2654 3438 2709 divini
3465 2657 3687 2728 judicii
3711 2662 3802 2716 ob-

2139 2742 2535 2806 testationc,et
2554 2739 2762 2794 validis
2786 2744 2960 2811 atque
2986 2740 3365 2798 atrocioribus
3397 2746 3799 2805 anathematis

2142 2828 2742 2894 interdictionibus,ut
2773 2828 2973 2884 nullus
3004 2846 3259 2901 unquam
3291 2840 3799 2909 praesumat,qua~

2141 2936 2375 2989 cunque
2393 2917 2678 2989 dignitate
2700 2917 2777 2973 sit
2800 2917 3073 2989 praeditus
3091 2916 3175 2973 vel
3194 2923 3600 2991 potestate,vel
3619 2926 3802 2982 etiam

2141 3022 2505 3078 qumcunque
2537 3022 2751 3077 magna
2782 3023 3074 3078 parvaque
3097 3023 3343 3079 persona
3368 3008 3427 3063 in
3454 3013 3665 3069 eodem
3687 3033 3807 3072 mo-

2141 3096 2397 3150 nasterio
2419 3094 2504 3149 vel
2537 3097 2664 3166 ejus
2695 3095 2888 3151 causis
2923 3095 3278 3166 incumbere,
3311 3101 3413 3153 aut
3441 3100 3512 3155 de
3545 3103 3728 3160 rebus
3750 3111 3808 3161 et

2143 3183 2641 3256 possessionibus,
2673 3183 2761 3239 vel
2795 3183 3041 3255 quiquid
3074 3185 3145 3240 ad
3176 3184 3321 3242 illud
3369 3193 3804 3248 monasterium

371 3289 490 3327 non
523 3275 816 3342 optamus,
854 3272 1075 3328 nefario
1098 3289 1243 3329 ausu
1273 3275 1715 3346 praesumpserit
1743 3275 1884 3340 haac,
1902 3292 2029 3345 quae
2060 3264 2104 3331 C
2143 3272 2432 3345 pertinere
2447 3273 2937 3344 videtur,quoquo
2961 3274 3133 3329 modo
3155 3274 3381 3331 auferre
3401 3276 3486 3332 vel
3510 3278 3802 3349 alienare;

374 3377 410 3416 a
433 3360 604 3415 nobis
625 3358 697 3415 ad
722 3360 954 3415 laudem
986 3360 1084 3416 Dei
1109 3379 1210 3432 pro
1235 3362 1552 3418 stabilitate
1578 3365 1703 3433 jam
1735 3363 1876 3419 dicti
1910 3381 2033 3419 mo-

373 3447 640 3516 nasterii,
694 3452 918 3505 statuta
968 3455 1126 3517 sunt,
1161 3450 1472 3521 refragare,
1505 3458 1607 3506 aut
1645 3452 1703 3506 in
1736 3469 2033 3523 quoquam

370 3536 701 3608 transgredi
738 3538 1065 3607 tentaverit,
1099 3555 1265 3594 reum
1302 3557 1384 3605 se,
1412 3546 1470 3595 et
1500 3540 1610 3595 atri
1643 3540 2035 3595 anathematis

365 3625 600 3682 vinculo
634 3625 984 3681 innodatum
1018 3644 1167 3694 esse,
1201 3633 1258 3682 et
1287 3628 1519 3684 diabolo
1552 3633 1609 3684 et
1637 3630 1764 3698 ejus
1796 3629 2034 3683 atrocis-

368 3715 536 3772 simis
570 3714 821 3787 pompis,
857 3720 1033 3787 atque
1091 3734 1225 3771 cum
1276 3717 1432 3773 Juda
1480 3717 1761 3772 traditore
1802 3715 2035 3787 Domini

367 3803 555 3859 nostri
586 3803 727 3859 Jesu
753 3802 968 3858 Christi
988 3805 1184 3859 aeterni
1209 3806 1462 3861 incendii
1488 3806 1774 3877 supplicio
1798 3823 2035 3861 concre-

368 3892 655 3948 mandum
689 3892 1044 3963 deputamus
1066 3910 1098 3947 a
1122 3893 1386 3948 Domino.
1415 3894 1522 3960 Qui
1546 3912 1678 3949 vero
1702 3893 1795 3965 pio
1822 3893 2038 3948 intuitu

367 3984 569 4035 custos
586 3982 643 4035 et
664 3979 1002 4034 observator
1022 3980 1761 4046 exstiterit,benedictionis
1790 3982 2039 4055 gratiam

368 4084 404 4123 a
431 4066 985 4122 misericordissimo
1018 4068 1134 4123 Deo
1168 4074 1368 4124 nostro
1401 4072 1678 4142 consequi
1720 4075 2033 4126 mereatur,

369 4158 426 4211 et
464 4154 593 4210 vitae
627 4159 852 4210 (eterna;
888 4155 1179 4228 particeps
1211 4158 1363 4213 effici
1397 4163 1708 4214 mereatur.
1744 4158 2038 4230 Scriptum

369 4261 473 4317 per
495 4260 706 4299 manus
730 4244 1075 4300 Bonizzonis
1098 4246 1307 4300 notarii
1330 4247 1640 4317 regionarii
1666 4251 1723 4302 et
1737 4247 2040 4319 scriptoris

371 4336 586 4388 sanctae
613 4332 890 4388 Romamn
914 4331 1183 4389 Ecclesia:
1206 4333 1265 4389 in
1290 4351 1492 4391 mense
1513 4334 2042 4406 Aprili,indictionc

369 4439 448 4478 ιχ.
484 4422 637 4477 Bene
667 4420 870 4478 valete.

442 4509 658 4566 Datum
678 4527 695 4564 ι
719 4509 962 4567 Kalend.
996 4511 1211 4584 Aprilis
1231 4529 1334 4583 per
1356 4529 1598 4567 manum
1623 4511 1903 4584 Stephani
1925 4514 2041 4584 epi-

2142 3360 2585 3434 promulgantes
2622 3378 2854 3432 nempe,
2878 3365 2935 3416 ct
2955 3360 3064 3416 hoc
3085 3363 3432 3420 auctoritate
3454 3366 3608 3421 beati
3645 3369 3807 3425 Petri

2144 3449 2544 3523 apostolorum
2576 3450 2880 3521 principis,
2914 3467 3109 3506 coram
3152 3452 3269 3507 Deo
3306 3457 3365 3508 et
3394 3455 3641 3511 terribili
3669 3460 3805 3530 ejus

2144 3540 2340 3594 futuro
2364 3540 2629 3595 examine
2652 3557 2754 3610 per
2773 3539 2883 3594 hoc
2908 3544 3176 3596 nostrum
3212 3542 3601 3613 apostolicum
3638 3546 3818 3618 privi-

2146 3627 2365 3700 legium
2398 3633 2572 3700 atque
2605 3629 2988 3684 constitutum
3014 3629 3315 3686 sancimus
3333 3636 3511 3703 atque
3542 3634 3818 3692 decerni-

2146 3721 2375 3782 mus,ut
2406 3716 2531 3771 loca
2562 3734 2688 3788 quae
2721 3718 2795 3771 ab
2825 3718 3035 3773 abbate
3076 3718 3337 3790 quolibet
3364 3720 3421 3773 in
3445 3722 3648 3777 eodem
3683 3742 3819 3781 mo-

2148 3805 2404 3861 nasterio
2439 3810 2800 3861 commutata
2848 3806 2937 3861 vel
2988 3806 3164 3862 etiam
3199 3824 3476 3864 concessa
3506 3816 3669 3879 sunt,
3706 3832 3821 3870 nec

2149 3912 2261 3948 non
2295 3898 2353 3949 et
2384 3894 2509 3949 alia:
2543 3893 2825 3949 laicorum
2869 3895 3289 3966 possessiones,
3323 3914 3450 3968 quae
3481 3916 3515 3953 a
3548 3901 3821 3973 regibus,

2146 3983 2233 4037 vel
2268 3983 2544 4051 ducibus,
2577 3987 2635 4037 et
2674 4001 2708 4037 a
2754 3984 2977 4038 czeteris
3026 3984 3372 4040 Christianis
3420 3987 3490 4041 ad
3537 3990 3823 4046 eumdem

2148 4076 2439 4129 sanctum.
2469 4071 2664 4127 locum
2716 4072 2939 4144 largita;
2973 4077 3148 4144 atque
3183 4073 3392 4129 oblata:
3424 4081 3585 4142 sunt,
3623 4082 3732 4134 aut
3766 4082 3825 4135 in

2149 4165 2449 4231 posterum
2474 4159 2554 4214 illi
2576 4177 2865 4215 concessae
2890 4161 3106 4216 fuerint
3128 4164 3297 4218 iirma
3328 4162 3652 4221 stabilitate
3671 4184 3823 4239 prm-

2148 4248 2285 4303 dieti
2319 4249 2657 4304 monasterii
2693 4248 3199 4321 existcnda,atque
3231 4252 3288 4305 in
3323 4256 3673 4323 perpetuum
3695 4261 3821 4312 sta-

2146 4337 2372 4391 tuimus
2386 4339 2800 4408 permanenda.
2817 4338 3207 4394 Concedimus
3226 4339 3401 4395 etiam
3427 4344 3486 4396 et
3506 4344 3825 4401 conﬁrma-

2149 4443 2282 4481 mus
2314 4426 2636 4498 apostolica
2684 4426 3029 4484 auctoritate
3081 4433 3147 4483 ut
3197 4429 3268 4484 de
3299 4428 3412 4484 alio
3451 4436 3820 4490 monasterio

2149 4514 2333 4570 abbas
2355 4515 2433 4570 ibi
2467 4532 2580 4569 non
2615 4515 3110 4585 constiuatur,sed
3144 4516 3257 4588 ipsi
3287 4519 3433 4573 servi
3470 4520 3568 4574 Dei
3602 4537 3819 4577 secun-

372 4596 532 4696 scopi
683 4597 1129 4696 bibliothecarii.
1170 4601 1230 4696 S-.
1266 4600 1334 4656 R.
1364 4600 1427 4654 Ε.
1462 4618 1615 4656 anno
1664 4601 2039 4673 pontificatus
2079 4632 2124 4696 Β
2156 4604 2298 4658 dum
2323 4604 2582 4677 regulam
2608 4605 2758 4660 beati
2786 4605 3080 4660 Benedicti
3111 4606 3586 4671 viventes,etiam
3610 4625 3681 4664 ex
3710 4627 3824 4666 sua

370 4685 598 4741 domini
622 4685 917 4741 Benedicti
943 4688 1305 4744 sanctissimi
1329 4689 1618 4760 VII,papaa
1642 4689 1700 4743 in
1725 4690 1862 4745 sede
1884 4689 2037 4745 beati

373 4771 524 4827 Petri
557 4772 805 4843 apostoli
836 4791 941 4843 vn,
971 4774 1297 4847 imperante
1357 4779 1573 4833 domno
1615 4778 1824 4833 Ottone
1855 4795 1889 4832 a
1922 4778 2038 4834 Deo

371 4862 648 4915 coronato
679 4876 895 4933 magno
928 4862 1304 4934 imperatore,
1331 4883 1484 4921 anno
1506 4883 1628 4933 xm,
1665 4866 1725 4920 in
1758 4882 1958 4921 mense
1983 4871 2040 4922 et

371 4945 691 5003 indictione
721 4964 876 5003 nona
906 4949 1174 5006 feliciter.
1209 4955 1415 5008 Amen.

1136 5057 1277 5113 XlX.

375 5156 675 5195 BENEDIC’I‘I
715 5156 876 5197 ΡΛΡῶ
913 5160 993 5198 VII
1033 5161 1300 5201 EPISTULA
1340 5164 1411 5201 AD
1454 5163 1829 5205 LIUDOLPHUM
1870 5164 2041 5204 ABBA-

915 5231 1034 5269 TEM
1075 5234 1274 5271 CUItBEl
1286 5235 1469 5271 ENSEM
1479 5258 1492 5270 ο

1019 5303 1204 5371 (Anno
1244 5306 1393 5371 9t3l).

378 5386 716 5441 Corbciensis
762 5391 1082 5443 monasterii
1118 5392 1254 5464 jure
1303 5395 1586 5464 con/imm!
1625 5403 1674 5448 et
1702 5396 2038 5464 pontiﬁcalia

795 5468 1117 5512 orna-menta
1144 5462 1329 5517 abbati
1358 5463 1615 5517 anmalit.

570 5542 759 5614 (Apud
792 5544 1000 5611 Mansi,
1033 5545 1189 5601 Conc.
1234 5554 1374 5604 tom.
1411 5549 1553 5618 XIX,
1588 5550 1693 5605 col.
1726 5552 1838 5617 55.)

448 5651 807 5706 Bsnsmcrus
838 5649 1164 5722 episcopus,
1192 5670 1393 5711 servus
1424 5670 1725 5710 servorum
1749 5656 1870 5719 Dei,
1897 5659 2030 5715 LIU-

2156 4692 2390 4763 propria
2419 4694 2868 4765 congregatione
2889 4698 3235 4765 potestatem
3259 4695 3511 4769 eligendi
3538 4697 3822 4755 abbatem

2150 4779 2424 4835 habeant.
2444 4784 2690 4853 Insuper
2718 4783 2897 4836 etiam
2931 4782 3309 4838 concedimus
3335 4787 3400 4838 ut
3420 4783 3477 4837 in
3502 4786 3825 4859 praecipuis

2149 4869 2585 4935 festivitatibus,
2611 4870 2667 4924 id
2692 4875 2781 4925 est
2812 4870 2871 4924 in
2893 4870 3086 4925 Natali
3118 4870 3571 4944 Domini,atque
3599 4874 3657 4927 in
3687 4875 3823 4947 Epi'

2149 4957 2385 5028 pliania,
2418 4963 2474 5013 et
2506 4959 2917 5029 purificatione
2965 4962 3182 5014 sanctae
3217 4960 3437 5026 Mariae,
3470 4961 3565 5016 die
3600 4962 3824 5020 Resur-

2150 5046 2447 5112 rectionis,
2483 5051 2539 5101 et
2571 5047 2968 5113 Ascensionis,
3002 5047 3359 5113 Pentecoste,
3392 5053 3450 5103 et
3499 5050 3825 5107 festivitate

2149 5134 2207 5189 S.
2242 5134 2489 5189 Joannis
2525 5135 2817 5205 Baptistze,
2854 5136 2910 5189 in
2959 5136 3242 5191 natalitiis
3292 5137 3727 5207 apostolorum,
3764 5143 3818 5195 in

2148 5221 2565 5277 festivitatibus
2597 5223 2656 5275 S.
2695 5224 2887 5278 Maria)
2919 5229 2975 5278 et
3006 5230 3369 5291 sanctorum,
3405 5242 3658 5296 quorum
3694 5246 3821 5285 mc-

2150 5311 2411 5380 ritisjam
2438 5312 2660 5366 dictum
2696 5314 3121 5368 monasterium
3145 5314 3478 5368 dedicatum
3505 5317 3818 5380 est.,al)bas

2148 5400 2334 5470 ipsius
2368 5399 2471 5453 loci
2527 5401 2679 5454 intra
2728 5401 3047 5456 missarum
3090 5401 3375 5457 solemnia
3405 5402 3732 5461 (lalmatiea
3762 5414 3815 5462 et

2146 5487 2429 5541 sandaliis
2460 5494 2680 5542 utatur.
2708 5489 2766 5543 Si
2790 5490 2922 5559 quis
2946 5494 3163 5555 autem,
3190 5491 3340 5561 quod
3368 5509 3481 5545 non
3508 5495 3813 5564 optamus,

2146 5575 2365 5629 nefario
2398 5594 2546 5631 ausu
2581 5578 3023 5648 [ii-aesumpserit
3056 5577 3147 5633 his
3180 5595 3305 5650 quae
3339 5598 3371 5634 a
3403 5581 3575 5636 nobis
3598 5582 3673 5637 ad
3693 5581 3819 5639 laur

2147 5661 2278 5717 dem
2307 5662 2408 5718 Dei
2433 5682 2534 5735 pro
2558 5665 2876 5721 stabilitate
2889 5667 3015 5736 jam
3039 5667 3179 5724 dicti
3212 5669 3556 5726 monasterii
3586 5674 3815 5730 statuta
