3912 6382
164 418 282 484 3ιό
300 450 303 455 ·

1338 416 1747 480 EPISTOL/E
1792 402 1892 479 ΕΤ
1933 400 2408 482 eammeam.

3465 423 3583 485 346

160 563 337 614 sensu
367 557 425 611 et
453 550 841 610 comm'uniori
864 549 1160 608 voluntate
1182 550 1571 623 fratrum,qui
1594 548 1812 607 ibidem
1844 552 1900 619 Α
1930 550 2273 610 risdictionc
2306 556 2521 610 sanctae
2555 556 2790 625 nostrae,
2821 553 2912 610 cui
2937 552 3053 611 Deo
3075 554 3309 611 auctore
3339 556 3586 612 deservi-

162 646 278 702 Dee
310 642 592 711 serviunt,
623 642 711 697 vel
745 643 980 697 inantea
1012 644 1152 697 sunt
1191 640 1484 709 servituri,
1518 640 1817 713 elegerint.

1929 658 2084 709 mus,
2112 641 2382 697 Ecclesiae
2405 642 2786 710 constitutus,
2813 641 3034 698 nullius
3056 641 3297 699 alterius
3316 645 3586 701 Ecclesiae

163 736 294 791 Haec
315 732 540 800 omnia,
562 748 690 805 quae
714 731 1120 804 suprascripta
1141 734 1300 799 sunt,
1319 730 1694 787 concedimus
1714 729 1822 785 tibi
1921 730 2441 802 jurisdictienibus
2472 731 2877 787 submittatur.
2912 732 2981 786 Et
3010 730 3138 787 ideo
3167 732 3484 804 cujuslibet
3502 750 3589 791 ec-

162 822 476 880 Benedicte
506 821 727 888 abbati,
762 819 1001 892 tuisque
1052 820 1495 875 successoribus
1528 819 1586 874 in
1621 836 1823 892 perpe-

160 917 330 968 tuum
363 928 467 983 pro
498 908 921 981 omnipotentis
952 908 1051 964 Dei
1086 924 1283 964 amere
1331 912 1388 963 et
1429 908 1615 963 sancti
1648 907 1820 976 Petri,

159 1005 489 1072 nostrisque
521 998 730 1054 animae
773 996 1193 1069 redemptione,
1232 997 1369 1053 item
1402 1002 1459 1052 ct
1491 1014 1593 1070 pro
1626 1014 1851 1052 amere-

162 1089 435 1162 Bedgarii
484 1087 715 1145 comitis
764 1087 1134 1142 Carcasseme
1183 1090 1240 1141 et
1289 1087 1561 1160 conjugis
1610 1086 1819 1158 ipsius,

164 1196 389 1234 necnon
424 1176 753 1250 Raymundi
794 1175 989 1231 dilecti
1041 1173 1143 1230 filii
1197 1175 1332 1243 mei,
1367 1179 1433 1229 ut
1483 1174 1719 1230 illorum
1747 1175 1825 1229 sit

166 1285 391 1323 merces
424 1267 482 1321 in
517 1269 887 1338 perpetuum.
920 1265 992 1318 At
1019 1280 1152 1319 vero
1185 1262 1283 1335 qui
1317 1267 1515 1319 custos
1547 1267 1604 1319 et
1634 1264 1827 1319 obser-

164 1360 329 1412 vator
356 1356 532 1411 fuerit
552 1354 731 1425 hujus
762 1352 945 1408 nostri
976 1351 1275 1424 apostolici
1311 1353 1667 1425 prmcepti,et
1695 1370 1826 1407 con-

168 1442 500 1499 ﬁrmatione
532 1440 865 1498 Christiana
891 1439 1357 1495 benedictionem
1391 1455 1426 1494 a
1456 1440 1643 1508 Patre,
1665 1443 1723 1493 et
1743 1438 1827 1494 Fi-

171 1532 272 1601 lio,
308 1538 366 1589 et
397 1531 617 1604 Spiritu
650 1533 874 1595 sancte,
900 1528 959 1583 in
999 1526 1276 1583 omnibus
1323 1531 1736 1599 consequatur,
1769 1531 1828 1583 et

167 1622 304 1679 vitae
336 1624 563 1677 internae
595 1617 886 1691 particeps
915 1616 1068 1672 effici
1100 1619 1394 1672 mereatur
1413 1614 1473 1670 in
1495 1615 1708 1671 saecula
1729 1633 1827 1672 sm-

167 1711 475 1778 culerum;
508 1711 565 1764 et
614 1706 716 1779 qui
762 1704 1068 1761 observare
1127 1703 1398 1771 noluerit,
1433 1703 1826 1760 anathematis

164 1798 404 1856 vinculo
435 1797 512 1854 sit
541 1795 881 1862 innedatus,
914 1796 971 1849 et
1000 1810 1034 1849 a
1063 1808 1241 1866 regno
1272 1792 1371 1850 Dei
1419 1792 1646 1850 alienus
1697 1810 1823 1865 per-

168 1891 427 1988 ωἶηθῗίδῑ
1015 1972 1069 1988 ,..
1155 1971 1169 1988 .
1279 1971 1290 1982 .
1431 1974 1442 1988 .
1719 1904 1904 1988 4.13

243 1975 545 2049 Scriptum
572 1990 674 2047 per
721 1988 964 2028 manum
1014 1971 1315 2044 Stephani,
1350 1970 1557 2027 notarii
1589 1974 1647 2026 et
1676 1970 1825 2027 scri-

168 2064 347 2125 niarii
377 2067 594 2121 sancta:
617 2063 891 2118 Romana:
921 2060 1215 2117 Ecclesiae.
1256 2061 1409 2116 Bene
1432 2058 1635 2116 valete.

905 2176 1097 2233 XXIV.

173 2262 473 2330 DENEDICTI
529 2285 690 2324 PAP/E
742 2285 822 2323 VII
876 2283 1249 2323 PRIVILEGIUM
1310 2284 1418 2322 Ι)Ηο
1472 2284 1831 2324 MONASTERIO

353 2359 403 2398 S.
446 2355 793 2398 SALVATORIS
834 2354 900 2394 ET
938 2355 988 2394 8.
1032 2355 1198 2395 PETRI
1237 2354 1650 2395 GEMBLACBNSI.

822 2445 1010 2518 (Anne
1039 2445 1191 2519 983.)

373 2554 562 2627 [Apud
595 2551 819 2609 Mabill.
852 2551 977 2608 Acta
1003 2553 1098 2608 SS.
1132 2553 1274 2609 Smc.
1307 2552 1375 2621 V,
1406 2570 1463 2626 p.
1492 2553 1642 2625 300.]

258 2670 616 2726 BENEDICTUS
647 2667 978 2741 episcopus,
1011 2684 1213 2724 servus
1237 2684 1537 2724 servorum
1560 2668 1681 2738 Dei,
1708 2669 1835 2726 reli-

176 2759 343 2833 gioso
375 2758 571 2815 abbati
593 2755 942 2814 venerabilis
969 2756 1287 2813 monasteri
1309 2759 1496 2813 sancti
1519 2757 1833 2814 Salvateris

187 2847 424 2906 Domini
460 2847 643 2903 nostri
672 2847 814 2903 Jesu
842 2845 1058 2901 Christi
1091 2860 1156 2901 ac
1189 2846 1376 2901 sancti
1410 2846 1560 2902 Petri
1612 2847 1836 2904 neviter

180 2936 266 2994 ibi
329 2936 655 3006 constituti,
706 2934 951 3007 suisque
1006 2935 1448 2992 successoribus
1507 2935 1567 2991 in
1624 2952 1834 3010 perpe-

179 3031 379 3083 tuum.

250 3114 400 3172 Cum
432 3130 648 3187 magna
677 3111 848 3170 nobis
875 3111 1271 3169 sollicitudine
1303 3113 1523 3171 insistit
1559 3131 1700 3171 cura
1730 3132 1833 3189 pro

174 3202 473 3262 universis
502 3202 603 3259 Dei
635 3201 899 3258 ecclesiis
931 3219 998 3258 ac
1027 3201 1140 3275 piis
1171 3201 1316 3259 locis
1361 3202 1727 3278 invigilandi.
1761 3218 1835 3262 ne

175 3293 381 3366 aliqua
410 3291 760 3348 necessitate
782 3292 1081 3363 jacturam
1113 3290 1464 3362 sustineant,
1499 3293 1601 3349 sed
1642 3293 1832 3367 magis
1868 3295 1926 3364 (τι

176 3381 431 3457 propriae
462 3380 734 3437 utilitatis
755 3378 1050 3452 stipendia
1071 3386 1528 3452 consequantur.
1549 3382 1683 3439 Ideo
1708 3399 1840 3439 cen-

173 3472 343 3529 venit
372 3488 479 3527 nos
508 3473 631 3526 tota
659 3468 972 3543 pastoralis
1000 3469 1218 3526 mentis
1249 3470 1582 3543 integritate
1612 3488 1839 3529 eorum-

180 3562 321 3619 dem
352 3559 772 3617 venerabilium
801 3557 1063 3615 locorum
1085 3559 1339 3615 maxime
1359 3559 1758 3632 integritatem
1780 3565 1838 3618 et

174 3648 566 3709 stabilitatem
588 3664 924 3720 procurare,
950 3651 1008 3702 et
1027 3646 1230 3703 sedulo
1251 3662 1452 3703 eorum
1478 3648 1837 3708 utilitatibus

174 3738 454 3797 subsidia
480 3737 600 3794 illic
629 3738 913 3803 conferre,
946 3741 1013 3792 ut
1042 3737 1158 3792 Dee
1202 3741 1401 3792 nostro
1449 3737 1835 3810 omnipotenti

174 3829 263 3897 id,
298 3829 453 3901 quod
484 3845 588 3900 pro
618 3828 747 3899 ejus
777 3825 961 3883 sancti
996 3824 1251 3882 neminis
1282 3825 1521 3895 honore,
1553 3827 1728 3883 etiam
1761 3829 1833 3885 ad

169 3916 414 3975 laudem
444 3922 620 3990 atque
648 3915 896 3990 gloriam
927 3916 1056 3988 ejus
1085 3915 1295 3970 divinae
1316 3917 1837 3987 majestatis,vene-

172 4007 469 4065 rabilibus
498 4024 608 4063 nos
641 4010 866 4062 certum
884 4008 987 4061 ‘est
1017 4003 1333 4060 contulisse
1366 4003 1531 4072 locis,
1565 4006 1642 4060 sit
1672 4022 1833 4062 acce-

171 4096 715 4171 ptabile,nobisque
727 4096 800 4150 ab
815 4092 1423 4165 ejuslocupletissima
1434 4093 1835 4151 misericordia

172 4185 359 4259 digna
374 4184 716 4258 hujusmedi
739 4183 819 4256 pii
841 4183 1036 4255 operis
1051 4182 1110 4251 in
1130 4181 1374 4239 sidereis
1395 4183 1728 4239 conferatur
1750 4201 1837 4240 ar-

172 4274 348 4332 cibus
379 4273 792 4331 remuneratie.
830 4272 1017 4345 Igitur
1046 4272 1185 4344 quia
1213 4272 1558 4344 postulastis
1577 4290 1611 4328 a
1640 4274 1831 4343 nobis,

173 4367 472 4438 quatenus
500 4380 604 4436 pro
630 4362 731 4419 Dei
750 4361 1176 4433 omnipotentis
1199 4376 1397 4416 amore
1415 4377 1480 4417 ac
1502 4362 1723 4417 domini
1743 4363 1836 4419 Ot-

169 4453 334 4510 tonis
356 4450 876 4525 praecellentissimi
901 4449 1295 4522 imperatoris,
1312 4452 1614 4523 nostrique
1636 4451 1835 4509 dilecti

172 4542 310 4610 ﬁlii,
332 4543 786 4599 concederemus
808 4544 982 4613 atque
1004 4539 1488 4596 conﬁrmaremus
1508 4540 1674 4597 vobis
1697 4557 1837 4613 pras-

174 4631 406 4688 dictum
437 4629 871 4687 monasterium
892 4629 950 4685 in
974 4629 1193 4685 honore
1215 4630 1404 4684 san'cti
1429 4628 1745 4686 Salvatoris
1766 4647 1834 4687 ac

174 4719 370 4780 sancti
402 4719 554 4776 Petri
587 4723 1013 4787 constructum,
1048 4730 1184 4774 cum
1215 4716 1490 4774 omnibus
1512 4719 1689 4776 rebus
1709 4735 1835 4776 me-

175 4809 405 4866 bilibus
417 4813 595 4882 atque
610 4806 1036 4875 immobilibus,
1053 4821 1180 4878 quae
1198 4806 1308 4863 sub
1324 4807 1528 4863 eodem
1545 4812 1836 4865 monaste-

176 4900 268 4956 rio
282 4898 552 4970 adjacere
572 4912 641 4955 ac
661 4895 951 4969 pertinere
969 4893 1259 4963 videntur,
1275 4897 1396 4952 tam
1413 4895 1638 4953 mansis
1655 4913 1831 4970 quam

173 4988 359 5046 etiam
391 4987 621 5056 castris,
652 4985 808 5042 villis
839 4986 1013 5057 atque
1045 4982 1360 5053 ca‘salibus,
1392 4989 1516 5041 tam
1548 5003 1674 5058 quas
1697 5003 1837 5058 pras-

177 5078 571 5145 sentes'sunt,
604 5086 779 5147 quam
813 5090 940 5146 quae
970 5070 1145 5128 etiam
1172 5089 1364 5145 usque
1394 5073 1453 5128 in
1487 5075 1665 5130 ﬂnem
1706 5090 1836 5131 esse

178 5165 503 5232 debebunt,
536 5164 739 5237 positae
786 5163 847 5219 in
898 5162 1044 5231 loco,
1078 5161 1179 5234 qui
1232 5167 1475 5217 vocatur
1533 5163 1833 5231 Gimblaus,

178 5252 563 5312 concedimus
593 5256 767 5325 atque
791 5252 1215 5309 conﬁrmamus
1241 5250 1563 5322 apostolica
1592 5252 1839 5307 auctori-

178 5349 323 5411 tate,
347 5346 415 5398 ιιι
442 5342 515 5398 de
545 5340 658 5397 alio
689 5340 1048 5397 monasterio
1070 5338 1254 5395 abbas
1276 5338 1355 5393 ibi
1380 5355 1492 5395 non
1522 5339 1839 5396 constitua-

179 5437 299 5500 tur,
334 5432 437 5487 sed
465 5431 580 5503 ipsi
608 5429 761 5487 servi
812 5430 913 5485 Dei
962 5430 1287 5485 secundum
1340 5429 1603 5500 regulam
1645 5431 1834 5485 sancti

180 5520 482 5578 Benedicti
529 5519 809 5587 viventes,
839 5535 908 5575 ex
952 5535 1061 5574 sua
1110 5517 1838 5591 propriacengregatione

180 5612 533 5683 potestatem
559 5608 809 5681 eligendi
842 5607 1075 5663 abbatis
1096 5608 1368 5675 habeant,
1394 5608 1692 5679 abbasque
1720 5610 1835 5680 pri-

175 5699 409 5774 vilegiis
433 5699 591 5756 sedis
612 5696 942 5771 apostolicae
967 5696 1170 5756 infulis
1191 5696 1590 5764 decoretur,ut
1612 5698 1723 5754 sub
1736 5699 1836 5770 ju-

1930 820 2117 875 clesiae
2148 822 2490 893 episcopum
2532 820 2591 876 in
2643 821 2881 893 praefato
2940 823 3296 877 monasterio
3342 822 3587 879 ditionis

1932 909 2261 982 quamlibet
2291 911 2505 966 habere
2528 910 2937 966 auctoritatem
2961 911 3483 984 prohibemus,nisi
3507 917 3590 968 ta-

1932 1016 2065 1055 men
2096 1000 2479 1055 benedicendi
2510 1000 2722 1055 habeat
2744 998 3043 1055 licentiam
3070 1017 3082 1054 :
3111 1003 3435 1056 statuentes
3457 1019 3591 1074 apo-

1934 1088 2140 1142 stolica
2169 1104 2418 1143 censura
2450 1092 2626 1160 atque
2648 1089 2993 1143 auctoritate
3018 1089 3166 1144 beati
3194 1089 3343 1145 Petri
3365 1094 3589 1162 aposto-

1932 1176 2120 1232 lorum
2154 1176 2438 1248 principis
2457 1177 2567 1231 sub
2586 1176 2983 1247 divinijudicii
3002 1177 3389 1235 obtestatione
3407 1196 3473 1235 ac
3489 1197 3585 1235 va-

1932 1265 2069 1321 lidis
2090 1271 2267 1338 atque
2300 1266 2599 1321 atrocibus
2630 1264 3025 1322 anathematis
3056 1265 3584 1335 interdictienibus,

1936 1358 2003 1410 ut
2030 1354 2228 1409 nullus
2259 1371 2520 1427 unquam
2556 1359 2890 1409 nostrorum
2924 1371 3330 1411 successorum
3355 1357 3589 1428 pontiﬁ-

1934 1460 2067 1500 cum
2098 1443 2188 1499 vel
2218 1443 2333 1499 alia
2361 1460 2539 1516 parva
2577 1459 2907 1516 magnaque
2956 1459 3225 1515 persona,
3262 1443 3485 1518 aliquid
3520 1447 3591 1501 de

1935 1533 2110 1588 rebus
2136 1531 2223 1587 vel
2256 1532 2731 1604 possessionibus
2752 1533 2823 1587 ad
2849 1531 3003 1586 idem
3026 1531 3454 1603 pertinentibus
3474 1552 3596 1591 mo-

1936 1620 2279 1687 nasterium,
2314 1622 2543 1676 auferre
2572 1620 2661 1676 vel
2693 1620 2952 1676 alienare
2992 1625 3332 1692 prresumat.
3366 1622 3424 1679 Si
3457 1623 3592 1696 quis

1935 1714 2153 1776 autem,
2187 1710 2343 1781 quod
2370 1724 2486 1765 non
2520 1709 2836 1778 credimus,
2860 1706 3083 1765 nefario
3106 1725 3253 1766 ausu
3272 1724 3452 1783 parva
3471 1726 3593 1768 ma-

1935 1814 2167 1871 gnaque
2198 1813 2469 1870 persona,
2501 1802 2705 1853 contra
2734 1798 2843 1854 hoe
2878 1801 3148 1854 nostrum
3198 1799 3585 1871 apostolicum

1941 1886 2309 1961 privilegium
2342 1902 2510 1960 agere
2540 1886 2866 1954 tentaverit,
2900 1887 3048 1943 sciat
3084 1901 3150 1943 se
3197 1887 3591 1945 anath‘ematis

1940 1976 2172 2033 vinculo
2205 1992 2333 2033 esse
2364 1975 2735 2046 innedatum,
2761 1992 2827 2031 ac
2855 1994 2890 2032 a
2910 1992 3089 2049 regno
3112 1976 3212 2032 Dei
3235 1970 3593 2046 alienum,ac

1938 2081 2072 2122 cum
2106 2066 2382 2122 omnibus
2412 2064 2610 2137 impiis
2635 2069 2848 2121 aeterno
2873 2064 3129 2119 incendii
3151 2064 3438 2137 supplicio
3460 2082 3591 2122 con-

1938 2157 2280 2213 demnatum
2305 2171 2319 2211 :
2356 2158 2414 2211 at
2441 2170 2576 2210 vero
2601 2153 2701 2226 qui
2724 2154 3064 2210 observator
3083 2155 3368 2210 exstiterit
3386 2168 3595 2228 prace-

1940 2246 2044 2320 pti,
2078 2245 2326 2319 gratiam
2351 2261 2417 2300 ac
2448 2242 2912 2299 misericordiam
2931 2242 3230 2315 vitamque
3254 2248 3531 2301 aeternam
3559 2261 3594 2301 a

1940 2333 2488 2391 misericordissima
2521 2333 2637 2390 Deo
2668 2330 3073 2405 multipliciter
3103 2338 3517 2406 consequatur.

2012 2424 2308 2497 Scriptum
2339 2439 2442 2496 per
2473 2437 2717 2478 manum
2739 2420 3019 2477 Bonifacii
3045 2421 3257 2477 notarii
3279 2420 3594 2497 regionarii

1942 2529 2008 2569 ac
2041 2511 2328 2569 scriniarii
2377 2515 2591 2568 sanctae
2642 2511 2915 2567 Romanae
2962 2509 3232 2567 Ecclesia:
3281 2512 3342 2567 in
3391 2529 3595 2569 mense

1942 2601 2170 2671 Martio,
2203 2599 2521 2658 indictione
2549 2618 2625 2656 x1.
2661 2600 2813 2656 Bene
2841 2597 3045 2655 valete.

2013 2692 2226 2748 Datum
2256 2708 2357 2746 VIII
2390 2689 2514 2746 Kal.
2545 2687 2760 2761 Aprilis
2790 2706 2893 2762 per
2920 2704 3131 2745 manus
3162 2689 3441 2762 Stephani
3473 2690 3594 2763 epi-

1942 2780 2102 2853 scopi
2120 2796 2185 2836 ac
2206 2778 2635 2836 bibliothecarii
2662 2781 2874 2833 sanctae
2902 2777 3060 2833 sedis
3081 2777 3595 2850 apestelicae,anno

1942 2869 2320 2943 pontificatus
2339 2866 2561 2923 domini
2585 2867 2767 2922 nostri
2797 2866 3092 2921 Benedicti
3123 2866 3481 2922 sanctissimi
3505 2878 3594 2923 sc-

1942 2957 2111 3031 ptimi
2144 2973 2304 3030 papae
2337 2974 2414 3025 xx,
2448 2956 2774 3028 imperante
2806 2955 3043 3011 domino
3076 2959 3275 3012 nostro
3325 2955 3532 3012 Ottone
3562 2974 3596 3013 a

1941 3048 2059 3103 Dee
2090 3052 2385 3114 coronato,
2417 3060 2631 3117 magno
2664 3060 2730 3100 ac
2763 3043 3005 3117 pacifico
3051 3044 3422 3118 imperatore,
3444 3062 3596 3105 anno

1941 3152 2056 3205 xvr,
2092 3134 2151 3190 in
2184 3148 2386 3191 mense
2418 3149 2485 3190 ac
2516 3132 2837 3190 indictione
2869 3131 3085 3205 quibus
3115 3150 3318 3208 supra.

2684 3249 2848 3306 XXV.

1948 3383 2236 3425 PLACITUM
2275 3382 2567 3424 ROMANUM
2595 3386 2629 3423 A
2660 3381 2971 3423 BENBDICTO
3008 3384 3087 3423 VII
3129 3384 3273 3425 PAPA
3313 3386 3594 3427 HABITUK.

2585 3483 2776 3552 (Anno
2804 3480 2958 3551 983.)

1947 3601 2047 3656 Leo
2075 3598 2240 3655 abbas
2270 3606 2583 3654 sanctorum
2621 3596 2825 3652 Cosme:
2850 3604 2903 3652 et
2929 3597 3190 3654 Damiani
3224 3600 3400 3655 multa
3439 3602 3596 3657 resti-

2213 3696 2361 3742 tuere
2390 3687 2600 3758 cogitur
2627 3687 2955 3742 monasterio
2985 3686 3324 3744 Sublaccnsi.

1983 3803 2171 3874 [Apud
2217 3801 2625 3870 Muratorium,
2658 3801 2782 3857 Ant.
2814 3802 2939 3858 Ital.
2972 3806 3117 3860 tom.
3151 3804 3196 3873 l,
3227 3820 3362 3878 pag.
3407 3806 3561 3878 379.]

2016 3917 2230 3974 Charta
2287 3916 2654 3973 refutationis
2705 3918 2778 3973 de
2822 3918 3050 3985 Arsule,
3082 3919 3156 3975 de
3206 3920 3494 3990 Rubiane,
3527 3923 3601 3978 de

1943 4006 2232 4074 Anticule,
2265 4010 2322 4062 et
2351 4007 2423 4061 de
2444 4005 2575 4062 aliis
2599 4006 2961 4080 fundis,quaa
2985 4009 3259 4065 refutavit
3280 4011 3391 4066 Lee
3416 4011 3599 4068 abbas

1942 4100 2283 4152 sanctorum
2342 4096 2563 4151 Cosmus
2613 4100 2672 4151 et
2719 4094 2987 4152 Damiani
3041 4098 3114 4153 ad
3170 4100 3596 4157 monasterium

1943 4184 2131 4240 sancti
2160 4184 2477 4240 Benedicti.

2012 4276 2179 4330 Anne
2210 4273 2585 4346 pontiﬁcatus
2614 4275 2815 4329 demni
2850 4275 3138 4331 Benedicti
3165 4277 3381 4332 summi
3415 4280 3604 4351 penti-

1944 4362 2090 4431 ﬁcis,
2124 4367 2182 4419 et
2209 4363 2559 4419 universalis
2588 4363 2692 4418 VII
2723 4380 2884 4436 papae
2910 4363 2969 4418 in
3012 4364 3413 4421 sacratissima
3461 4368 3600 4423 sede

1944 4452 2095 4507 beati
2132 4451 2281 4507 Petri
2314 4450 2582 4523 apostoli,
2616 4468 2770 4507 anno
2821 4469 2877 4520 κ,
2907 4453 3029 4508 sive
3052 4454 3268 4508 domne
3291 4453 3501 4510 Ottone
3524 4456 3596 4525 ll,

1944 4556 2158 4613 magno
2188 4542 2557 4612 imperatore,
2592 4557 2711 4595 sum
2742 4530 3598 4614 ceronatienisiquintedeeimo

1945 4644 2121 4695 anno,
2153 4630 2253 4685 sed
2286 4634 2343 4686 et
2371 4629 2555 4699 hujus
2583 4629 2799 4701 Aprilis
2832 4630 3076 4701 mensis,
3100 4620 3419 4687 ﬁttiictione
3442 4632 3601 4689 ιι.οι

1944 4736 2035 4787 ea,
2066 4735 2193 4791 quae
2222 4718 2487 4791 legaliter
2513 4717 2768 4775 difﬁnita
2799 4723 2941 4775 sunt
2961 4724 3099 4775 ante
3126 4720 3436 4792 prementia
3457 4721 3601 4777 dati-

1942 4824 2145 4864 vorum
2189 4807 2480 4880 judicum,
2511 4808 2725 4864 iterum
2786 4818 2971 4864 nen...
3025 4808 3095 4865 Et
3142 4808 3281 4882 quia
3338 4809 3602 4867 humana

1944 4901 2112 4954 mens
2143 4901 2377 4969 semper
2403 4897 2463 4953 in
2485 4896 2837 4970 cogitatione
2868 4901 3213 4969 prmeentem
3239 4898 3401 4956 nullo
3424 4890 3607 4956 modo»

1943 4986 2259 5059 perfectam
2305 4985 2494 5041 valeat
2539 4984 2759 5058 ubique
2803 4985 3021 5042 habere
3068 4986 3438 5057 memoriam,
3469 4989 3599 5046 ideo

1943 5073 2329 5132 eruditissimi
2363 5089 2628 5142 sanxere,
2658 5076 2723 5128 ut
2755 5088 2858 5145 per
2906 5073 3334 5147 scripturarum
3385 5078 3598 5134 seriem

1942 5168 2218 5221 texuntur
2247 5180 2315 5218 ea
2336 5181 2462 5236 quas
2485 5163 2556 5219 ab
2579 5162 2724 5234 ipsis
2747 5162 2963 5219 fuerint
2983 5162 3261 5234 difﬁnita,
3284 5170 3341 5221 et
3363 5184 3598 5223 omnem

1945 5252 2126 5308 totius
2154 5252 2276 5307 litis
2307 5254 2614 5308 amoveant
2635 5250 3218 5324 quaestionemﬂanc
3231 5255 3485 5326 judicati
3505 5273 3603 5328 pa-

1944 5342 2144 5416 ginam
2175 5359 2304 5398 esse
2334 5341 2651 5413 ascriptum
2676 5341 3026 5412 juvantibus
3076 5344 3600 5418 asserentibusque

1937 5431 2245 5504 ju’dicibus
2266 5428 2677 5486 sacratissima:
2695 5429 2860 5486 urbis
2879 5431 3095 5498 Romae,
3117 5432 3367 5505 qualiter
3381 5432 3439 5487 in
3463 5450 3604 5505 prae-

1947 5519 2136 5578 sentia
2162 5518 2521 5576 sanctissimi
2553 5535 2715 5591 papae
2747 5523 2804 5575 et
2828 5520 3249 5576 venerabilium
3300 5522 3598 5593 episcopo-

1949 5626 2079 5665 rum
2112 5612 2169 5665 et
2196 5607 2408 5665 diversi
2441 5607 2659 5683 gradus
2686 5608 3030 5665 clericorum
3059 5609 3389 5682 apostolicae
3420 5609 3596 5677 sedis,

1948 5714 2173 5759 necnon
2206 5702 2263 5754 et
2292 5697 2614 5765 multorum
2657 5697 2982 5767 illustrium
3030 5697 3310 5764 virorum,
3345 5713 3595 5779 quorum
