3912 6404
349 374 468 444 347

1643 381 1797 444 BEN
1803 379 2063 446 EDlGTI
2104 379 2334 448 ΡΑΡΕ
2375 385 2483 448 VII

3646 396 3776 462 348

350 528 594 588 nomina
623 527 864 584 inferius
895 523 1146 599 propriis
1177 521 1451 580 manibus
1495 523 1908 589 subnotantur,
1941 525 1998 578 et
2023 515 2082 584 Α
2111 516 2268 574 dices
2299 518 2604 576 dixerunt:
2625 519 2833 579 Coram
2864 521 3034 584 nobis
3062 527 3362 600 proferant
3391 528 3772 604 scriptiones,

348 620 446 676 hic
477 617 786 692 praesentia
806 615 1095 687 incipiunt
1117 614 1356 668 nomina
1378 630 1389 668 :
1414 611 1822 684 videlicetjam
1843 611 1997 667 dicto

349 709 560 780 praesul
609 725 728 763 una
773 722 906 761 cum
967 704 1294 762 Giribertus
1353 708 1566 757 sanctae
1617 701 1997 757 'I‘ortonensis

346 797 616 854 Ecclesia:
675 796 1020 868 episcopus;
1073 793 1276 848 Petrus
1323 793 1634 864 episcopus
1697 791 1995 862 Papiensis

347 887 616 942 Ecclesiae
648 884 722 957 (is
751 885 908 939 enim
941 882 1229 938 ambobus
1263 899 1365 952 per
1385 898 1676 936 consensu
1711 880 1990 952 pontifici,

345 993 410 1032 ae
435 975 704 1046 jussione
733 973 1126 1046 imperatoria,
1147 989 1286 1027 cura
1307 971 1584 1026 audiendi
1605 968 1904 1024 veritatem
1927 987 1992 1024 eo

343 1065 511 1122 missi
544 1065 725 1134 sunt),
759 1061 1073 1134 Gregorius
1102 1067 1315 1118 sanctae
1347 1059 1694 1115 Albanensis
1724 1057 1990 1114 Ecclesia:

343 1153 652 1226 episcopus
671 1171 685 1216 ;
702 1154 814 1208 Leo
827 1155 1039 1207 sanctae
1057 1149 1324 1206 Ecclesia:
1342 1148 1628 1204 Ostiensis
1651 1149 1988 1220 episcopus;

339 1241 796 1299 Joannesvirum
811 1239 1200 1298 venerabilem
1219 1239 1401 1296 abbas
1414 1238 1753 1294 monasterii
1769 1240 1989 1293 Sancta:

341 1330 554 1396 Mariae,
580 1331 736 1403 quod
765 1331 948 1388 situm
975 1334 1065 1385 est
1094 1329 1165 1384 ad
1201 1329 1400 1395 Farfa;
1429 1327 1584 1383 lloizi
1609 1325 1992 1398 prudentissi-

339 1437 475 1476 mus
507 1419 690 1476 abbas
720 1419 872 1475 beati
899 1417 1060 1474 Pauli
1081 1417 1362 1490 apostoli;
1389 1417 1591 1472 Petrus
1615 1417 1916 1488 presbyter
1934 1419 1992 1471 et

339 1509 523 1564 abbas
539 1507 878 1564 monasterii
908 1507 1097 1564 sancti
1129 1506 1481 1561 confessoris
1498 1508 1671 1577 atque
1694 1505 1988 1576 pontificis

339 1596 536 1654 Basilii
558 1615 573 1664 ;
591 1597 849 1654 Joannes
867 1594 1218 1651 venerabilis
1237 1593 1520 1650 diaconus
1545 1599 1758 1650 sanctae
1785 1593 1988 1648 Roma-

335 1703 422 1741 nae
465 1685 770 1751 Ecclesiae;
816 1685 1152 1757 Stephanus
1183 1683 1303 1739 -Dei
1351 1683 1715 1755 providentia
1770 1687 1985 1738 sanctae

333 1773 492 1830 sedis
508 1773 839 1846 apostolicis
862 1771 1261 1846 primicerius;
1282 1772 1394 1827 Leo
1411 1770 1513 1828 Dei
1535 1771 1748 1844 pietate
1767 1771 1985 1826 Archa-

2107 611 2168 662 ct
2196 625 2282 678 ea,
2319 625 2448 680 qua:
2497 608 2820 668 anteriores
2868 621 3174 687 apparent,
3208 617 3266 672 in
3317 619 3463 691 ipsis
3510 626 3766 677 constet.

2107 697 2272 752 Tunc
2300 698 2475 753 Leoni
2509 699 2706 755 abbati
2742 703 3041 772 proferens
3072 723 3242 761 suam
3286 707 3667 779 scriptioucm
3703 710 3766 765 in

2105 802 2284 840 manu
2324 787 2537 858 judici,
2569 789 2716 843 dixit
2752 806 2764 843 :
2799 789 3023 859 Videte,
3059 793 3108 848 si
3143 795 3311 852 nobis
3353 798 3588 868 justum
3631 804 3766 866 est;

2105 891 2220 928 non
2249 875 2370 931 litis
2401 877 2658 948 amplius
2691 878 2924 934 faciam.
2951 881 3115 936 Tunc
3139 883 3473 956 Stephanus
3497 887 3772 958 primice-

2103 965 2228 1019 rius
2253 963 2442 1036 legere
2475 968 2669 1038 ccepit.
2703 967 2962 1024 Joannes
3014 969 3297 1027 diaconus
3345 975 3569 1041 audito,
3600 977 3764 1047 quod

2102 1057 2363 1126 tempore
2391 1053 2639 1110 Alberici
2674 1055 2815 1111 olim
2848 1057 3247 1114 Romanorum
3289 1063 3516 1132 patricii
3548 1065 3769 1122 fuisset

2103 1143 2158 1198 id
2193 1143 2502 1214 scriptum,
2525 1145 2608 1199 ait
2634 1161 2645 1198 :
2673 1146 2904 1202 Sufficit
2925 1147 3116 1202 nobis.
3139 1149 3353 1205 lterum
3375 1153 3547 1208 modo
3570 1154 3770 1210 videa-

2102 1249 2234 1286 mus
2255 1233 2592 1288 monasterii
2624 1235 2809 1289 sancti
2838 1235 3134 1292 Bencdicti
3161 1239 3764 1312 scriptiones.Eadem

2100 1319 2244 1375 liora
2261 1321 2610 1376 Benedictus
2628 1323 3007 1395 presbyterac
3021 1327 3370 1398 prarpositus
3387 1329 3512 1385 suis
3530 1331 3766 1402 privile-

2099 1410 2211 1481 giis
2233 1410 2352 1464 haec
2377 1415 2666 1482 praecepta
2691 1412 3140 1469 ostendit.Tunc
3157 1417 3514 1486 supradictis
3527 1419 3764 1476 Joanne

2099 1497 2344 1553 diacono
2377 1503 2435 1554 et
2457 1499 2764 1570 judicibus
2797 1501 3016 1572 pariter
3043 1503 3556 1576 apprchenderuut
3597 1509 3758 1581 ipsa,

2097 1593 2154 1642 ct
2179 1587 2538 1660 incipiebant
2571 1587 2778 1660 legere.
2817 1589 3076 1646 Primum
3115 1591 3417 1651 inventum
3449 1601 3557 1665 est,
3595 1602 3662 1652 ut
3695 1599 3760 1654 in

2097 1676 2498 1749 suprascripto
2531 1678 2886 1757 monasterio
2919 1680 3104 1734 sancti
3131 1681 3424 1739 Benedicti
3446 1686 3765 1744 conﬁrma-

2097 1769 2225 1820 tum
2259 1766 2467 1822 fuisset
2497 1765 2662 1836 locis,
2695 1785 2826 1840 qua:
2855 1769 3060 1824 subter
3091 1771 3427 1828 nominandi
3454 1779 3618 1844 sunt,
3640 1777 3761 1834 Za-

330 1863 417 1918 rio
456 1867 670 1919 sancta:
719 1878 966 1917 summis
1017 1859 1348 1933 apostolicae
1398 1860 1589 1927 sedis;
1621 1860 1830 1916 Aczoni
1881 1858 1980 1916 Dei
2011 1888 2063 1954 Β
2099 1854 2307 1910 cheriaz
2331 1862 2545 1912 sanctae
2568 1857 2882 1912 memoriae.
2909 1859 3242 1915 Secundum
3271 1863 3632 1920 sanctissimi
3655 1883 3762 1937 pa-

327 1951 519 2026 gratia
547 1949 1062 2022 protoscriniarius
1089 1953 1149 2006 et
1178 1947 1572 2022 apocrisarius
1593 1954 1808 2005 sancta:
1825 1947 1981 2006 sedis

327 2041 658 2114 apostolica:
685 2060 700 2110 ;
726 2041 925 2111 Rigizo
946 2044 1006 2096 et
1027 2037 1375 2095 Benedictus
1405 2038 1733 2094 dativorum
1759 2038 1982 2110 judici-

325 2130 474 2198 bus;
503 2131 760 2188 Joannes
793 2127 1024 2195 consul,
1042 2127 1141 2200 pui
1165 2131 1406 2184 vocatur
1424 2126 1797 2199 primicerius
1818 2145 1831 2193 ;
1855 2129 1996 2183 Ser--

323 2219 459 2292 gius
487 2235 685 2276 comes
716 2217 954 2291 palatii;
985 2218 1133 2273 Aczo
1164 2215 1265 2288 qui
1294 2220 1353 2272 et
1388 2215 1554 2271 Abho
1605 2216 1976 2284 nominatur;

320 2308 580 2364 Joannes
612 2306 1020 2380 primicerius;
1054 2306 1346 2362 Berardus
1374 2322 1571 2361 comes
1599 2304 1850 2362 civitatis
1879 2303 1975 2359 Ti-

321 2397 610 2466 burtina);
640 2395 848 2467 Agino.
883 2395 985 2451 His
1009 2393 1285 2450 omnibus
1317 2397 1376 2448 et
1405 2392 1602 2464 plures
1643 2392 1976 2449 astantibus

322 2486 384 2540 in
413 2484 662 2542 basilica
691 2485 842 2541 beati
875 2483 1026 2540 Petri
1059 2481 1458 2556 apostolorum
1505 2479 1788 2554 principis
1819 2479 1972 2536 intro

317 2573 600 2646 Ospitale,
635 2574 694 2628 in
725 2571 1024 2630 consualis
1053 2575 1144 2627 cst
1168 2571 1452 2627 nominati
1485 2587 1646 2642 papae
1677 2569 1968 2625 dormien-

316 2664 491 2731 dum;
526 2662 586 2718 in
619 2679 822 2718 eorum
854 2659 1162 2734 praesentia
1191 2658 1382 2715 evenit
1415 2659 1762 2714 Benedictus
1786 2657 1970 2713 humi-

316 2750 390 2806 lis
423 2751 746 2824 presbyter,
769 2751 880 2806 hac
901 2747 1278 2822 praepositum
1303 2746 1650 2803 venerabilis
1672 2750 1964 2802 monaste-

315 2839 384 2897 rii
415 2841 567 2897 beati
615 2840 802 2896 Patris
850 2837 1147 2894 Benedicti
1196 2841 1253 2892 et
1298 2841 1511 2892 sancta:
1571 2834 1963 2902 Scholasticis,

313 2930 468 3002 quod
502 2927 742 3001 ponitur
771 2928 830 2983 in
857 2925 1132 2990 Sublaco,
1166 2941 1283 2980 una
1312 2941 1446 2980 cum
1496 2925 1754 2980 Joannes
1803 2941 1963 2994 pres-

311 3018 478 3090 byter
505 3021 564 3072 et
605 3015 916 3080 monacho,
950 3017 1126 3085 atque
1176 3013 1382 3068 Petrus
1431 3011 1570 3066 item
1624 3011 1910 3066 monacho
1947 3025 1959 3064 :

311 3121 518 3162 omnes
547 3103 609 3160 hi
649 3120 752 3175 pro
799 3119 868 3158 ex
917 3117 1168 3174 persona
1216 3099 1450 3155 illorum
1499 3099 1716 3166 abbati,
1749 3098 1849 3170 qui
1881 3097 1960 3152 ibi

310 3193 556 3249 minime
587 3191 792 3248 aderat
819 3194 1054 3263 propter
1072 3205 1306 3261 gravem
1329 3187 1756 3252 infirmitatem,
1781 3202 1957 3260 quam

2093 1961 2176 2014 pa:
2210 1944 2490 2016 Gregorii.
2527 1945 2790 2000 Tertium
2821 1944 2928 2016 pia:
2960 1949 3256 2004 memoria:
3305 1949 3517 2007 Sicolai
3551 1953 3759 2010 Roma:

2090 2032 2324 2102 prtesul.
2359 2035 2645 2100 Quartum
2677 2035 3142 2090 confirmationis
3165 2055 3328 2110 papa:
3352 2040 3762 2099 Benedicti.Et

2089 2121 2279 2176 caeteri
2313 2121 2562 2194 Lodoyci
2593 2126 2650 2178 et
2671 2121 2858 2180 Caroli
2893 2125 3406 2183 sanctissimorum
3436 2130 3757 2203 imperato-

2089 2227 2220 2264 rum
2253 2211 2641 2266 constitutum
2675 2216 2784 2267 est.
2810 2213 3022 2269 Audito
3045 2216 3582 2288 suprascriptorum
3607 2238 3759 2292 pra:—

2086 2298 2280 2354 sulum
2305 2299 2546 2356 nomina
2557 2305 2610 2356 et
2626 2317 2828 2357 eorum
2842 2307 3056 2358 sancta:
3069 2305 3507 2376 operationis,et
3521 2310 3749 2366 summi

2085 2388 2458 2460 imperatoris
2487 2390 2790 2458 virtutem,
2823 2392 2978 2462 quod
3013 2391 3062 2448 ei
3097 2411 3213 2448 non
3255 2393 3438 2462 aliud,
3473 2397 3588 2452 nisi
3637 2415 3752 2470 pro

2081 2475 2319 2533 illorum
2352 2479 2704 2546 sanctitatis,
2737 2484 2796 2534 et
2828 2482 3317 2540 remunerationis
3350 2485 3560 2541 anima:
3603 2505 3751 2542 con-

2081 2567 2330 2622 cessisse
2363 2567 2661 2635 dicuntur,
2695 2572 2753 2624 et
2782 2569 2881 2640 qui
2933 2567 3056 2624 hazc
3107 2571 3373 2644 frangere
3421 2575 3608 2648 cupit,
3642 2582 3754 2632 aut

2079 2653 2301 2726 aliquid
2334 2655 2602 2711 minuare
2633 2657 2760 2712 sine
2791 2675 3083 2713 consensu
3123 2660 3373 2716 fratrum
3421 2663 3750 2734 voluerint,

2078 2743 2328 2799 dubium
2361 2762 2474 2800 non
2509 2745 2608 2811 sit,
2643 2751 2708 2801 ut
2737 2747 2806 2802 ad
2829 2764 3074 2819 regnum
3099 2748 3200 2802 Dei
3226 2749 3414 2818 possit
3437 2755 3748 2811 accedere.

2077 2833 2241 2888 Tunc
2274 2833 2486 2904 praesul
2509 2834 2859 2890 Benedictus
2882 2852 2998 2889 una
3018 2852 3153 2889 cum
3177 2836 3432 2908 episcopi
3451 2841 3747 2909 etjudici-

2076 2921 2188 2976 bus
2217 2921 2365 2976 dixit
2397 2938 2410 2976 :
2447 2922 2614 2978 Locis
2643 2923 2916 2978 omnibus
2950 2922 3288 2978 nominandi
3341 2931 3504 2982 sunt.
3539 2929 3614 2984 Et
3651 2931 3744 2987 in-

2071 3014 2356 3064 venerunt
2385 3026 2583 3066 massa
2603 3011 2974 3081 Juventiana,
3001 3027 3105 3066 seu
3128 3011 3632 3073 Seminario.ltem
3657 3019 3741 3076 lo-

2072 3114 2228 3165 cum,
2263 3097 2363 3169 qui
2394 3103 2636 3154 vocatur
2657 3099 2845 3155 sancti
2867 3098 3095 3155 Paulini
3119 3116 3253 3156 cum
3275 3102 3524 3160 ecclesia
3539 3111 3736 3165 sancti

2073 3185 2244 3254 Petri,
2274 3185 2589 3258 incipiente
2620 3188 2692 3243 ab
2724 3205 2878 3260 aqua
2906 3193 2964 3244 ct
2993 3205 3148 3256 arco,
3179 3190 3278 3262 qui
3318 3198 3562 3250 vocatur
3593 3197 3736 3253 Fer-

309 3281 401 3338 sui
431 3279 692 3354 corporis
722 3251 1058 3335 districtum
1072 3251 1360 3332 ‘babebat.
1397 3276 1508 3332 Sed
1541 3251 1834 3348 praedictis
1863 3275 1958 3332 bis
1986 3251 2030 3320 (ἶ
2069 3251 2363 3330 rata-Seu
2396 3251 2646 3342 -montc,
2697 3251 2796 3348 qui
2851 3281 3094 3334 vocatur
3137 3251 3440 3349 'Riiviano,
3494 3283 3553 3339 in
3609 3251 3734 3358 quo

306 3369 497 3426 tribus
527 3367 846 3426 nominatis
873 3365 1168 3432 monachi,
1193 3364 1294 3437 qui
1347 3363 1556 3436 majori
1593 3369 1650 3420 et
1689 3381 1954 3436 perscru-

307 3460 480 3516 tatori
505 3455 892 3532 suprascripti
914 3453 1252 3512 monasterii
1277 3457 1439 3520 sunt,
1454 3453 1960 3525 proclamaverunt

302 3548 365 3604 in
395 3551 684 3604 conventu
707 3547 836 3617 jam
867 3543 1008 3600 dicti
1039 3542 1296 3615 praesuli,
1333 3542 1594 3598 dicentes
1627 3557 1642 3596 :

377 3635 645 3703 Domine,
677 3632 1049 3690 sanctissime
1082 3649 1251 3704 papa,
1281 3634 1341 3686 et
1367 3647 1469 3685 vos
1497 3647 1703 3686 omnes
1748 3631 1956 3702 depre-

303 3743 510 3782 camus
537 3729 742 3780 vestra:
772 3721 1124 3788 clementia),
1151 3725 1219 3776 ut
1249 3718 1503 3775 audiatis
1545 3723 1722 3791 atque
1767 3720 1954 3775 inten-

301 3815 454 3870 datis
499 3817 711 3870 nostris
761 3809 1163 3884 postulationi,
1195 3825 1374 3880 quam
1423 3825 1578 3863 nunc
1627 3809 1802 3864 modo
1854 3825 1958 3881 per

299 3902 623 3958 triennium
654 3917 878 3957 annum
912 3899 971 3954 in
999 3902 1192 3954 vestro
1222 3913 1389 3953 sacro
1423 3897 1831 3954 Lateranensis
1853 3915 1953 3969 pa-

301 3989 443 4046 latio
465 3989 718 4062 egimus,
736 3992 795 4044 et
809 3987 983 4043 modo
1003 3987 1180 4041 vestri
1203 3985 1364 4040 auris
1386 3989 1624 4056 pateant
1653 3985 1952 4042 audiendi.

301 4077 567 4134 Dicimus
595 4077 668 4132 de
687 4075 802 4130 isto
827 4075 1001 4130 Leoni
1024 4073 1220 4128 abbati
1245 4072 1584 4128 monasterii
1615 4078 1951 4130 sanctorum

299 4167 522 4222 Cosmae
573 4169 632 4220 et
680 4162 972 4228 Damiani,
1015 4161 1170 4233 quod
1224 4161 1462 4231 ponitur
1507 4160 1567 4214 in
1615 4160 1784 4228 Cave,
1817 4162 1955 4235 quia

299 4258 505 4312 contra
530 4251 715 4309 nostri
745 4250 1089 4308 monasterii
1110 4249 1434 4304 insidiatus
1454 4255 1562 4318 est,
1584 4254 1643 4304 et
1659 4249 1838 4306 etiam
1859 4268 1952 4308 res

301 4359 448 4416 quas
475 4346 816 4400 sanctorum
837 4343 1075 4394 tuorum
1097 4341 1535 4393 antecessorum
1561 4337 1742 4409 hujus
1763 4339 1954 4396 cathe-

299 4433 405 4488 dra
434 4429 838 4504 apostolorum
871 4427 1021 4484 Petri
1055 4444 1157 4499 pro
1187 4424 1507 4498 privilegiis
1533 4442 1601 4482 ac
1648 4429 1952 4499 praeceptis

299 4538 368 4578 ex
396 4521 574 4577 vestri
604 4516 808 4576 scrinii
837 4522 1036 4574 nostro
1069 4513 1424 4572 monasterio
1462 4531 1824 4584 concessere,
1854 4515 1950 4573 liic

2068 3361 2315 3420 ecclesia
2333 3363 2443 3419 fuit
2459 3367 2676 3420 sanctae
2695 3364 2910 3420 Mariae.
2925 3367 3115 3438 Atque
3136 3373 3354 3436 monte,
3371 3371 3736 3442 quivocatur

2066 3453 2294 3508 Arsulc.
2329 3453 2564 3508 Necnon
2599 3453 2883 3524 Pantana,
2917 3471 3045 3526 qua:
3077 3455 3294 3512 dicitur
3335 3459 3730 3518 Rudimundi.

2068 3543 2138 3597 Et
2166 3539 2350 3609 locus,
2383 3541 2444 3597 in
2472 3557 2593 3622 .quo
2623 3547 2714 3598 est
2743 3559 2898 3615 aqua
2929 3561 3056 3616 quae
3087 3545 3308 3602 dicitur
3347 3548 3593 3608 Bullica.
3627 3552 3734 3609 Si-

2067 3629 2311 3702 mulque
2341 3632 2534 3699 Serra,
2557 3647 2686 3702 qua:
2704 3631 2922 3687 dicitur
2937 3635 3126 3689 sancti
3147 3635 3382 3705 Joanui,
3399 3639 3522 3710 pari
3547 3642 3731 3698 modo

2067 3723 2124 3774 ct
2151 3717 2356 3785 alium,
2387 3718 2490 3790 qui
2535 3723 2594 3774 et
2640 3717 2905 3776 Anticolo
2955 3727 3228 3791 vocatur;
3263 3730 3342 3802 et;
3369 3726 3586 3795 Monte,
3622 3731 3731 3802 qui

2065 3812 2306 3862 vocatur
2335 3807 2510 3863 Crufo
2545 3823 2559 3862 :
2593 3808 2792 3864 omnia
2821 3808 2934 3864 sibi
2969 3809 3216 3867 invicem
3251 3797 3631 3874 cdnerentes.

2135 3896 2281 3951 Cum
2312 3901 2510 3952 autem
2542 3895 2648 3952 has
2681 3896 2824 3952 locis
2857 3899 3176 3956 nominatis
3208 3919 3414 3960 omnes
3434 3922 3568 3960 cum
3591 3907 3731 3964 illo-

2064 4003 2196 4041 rum
2229 3985 2584 4042 torminibus
2615 3986 2671 4040 in
2693 3987 2822 4058 jam
2856 3987 2993 4044 fatis
3021 3989 3480 4064 privilegiorum,
3513 4013 3730 4054 omnes

2063 4075 2270 4131 dicunt
2297 4091 2332 4129 a
2353 4075 2480 4146 jam
2513 4074 2814 4131 nominato
2846 4077 3022 4132 Leoni
3055 4079 3276 4151 abbati,
3307 4086 3366 4137 et
3393 4101 3428 4138 a
3457 4102 3567 4140 sua
3587 4103 3730 4142 con-

2063 4163 2420 4237 gregatione,
2453 4163 2554 4234 qui
2585 4163 2665 4219 ibi
2699 4165 2943 4221 aderant
2975 4183 2989 4221 :
3019 4169 3099 4222 Te
3130 4169 3404 4226 audiente
3436 4179 3614 4245 atque
3637 4176 3726 4231 vi-

2061 4253 2234 4308 dente
2265 4251 2324 4306 in
2359 4251 2491 4307 istis
2521 4251 2668 4308 locis
2696 4255 2869 4309 vestri
2903 4257 3242 4312 monasterii
3275 4258 3418 4316 nihil
3443 4262 3724 4332 pertinet,

2061 4341 2114 4396 si
2143 4358 2257 4396 non
2289 4346 2380 4396 est
2399 4357 2692 4397 consensu
2715 4341 2824 4398 hoc
2849 4344 3118 4401 fratrum.
3144 4347 3400 4404 Tantum
3423 4349 3730 4419 enim,sic—

2061 4430 2147 4484 uti
2178 4427 2369 4501 lcgcre
2394 4429 2670 4496 audietis,
2707 4431 3026 4488 nominatis
3059 4435 3202 4490 locis
3249 4435 3310 4490 in
3360 4441 3726 4498 monasterio

2061 4518 2250 4574 sancti
2283 4518 2604 4588 Benedicti,
2638 4521 2811 4590 cujus
2841 4538 2935 4578 res
2985 4528 3095 4590 est,
3132 4541 3389 4596 praesens
3439 4529 3725 4586 refutent.

297 4609 622 4666 distrahere
652 4626 720 4665 ac
747 4605 1116 4678 dissumpere
1146 4604 1328 4677 cupit.
1357 4603 1504 4670 Quia
1533 4620 1768 4659 omnem
1810 4623 1942 4678 pos-
1976 4629 2022 4692 υ
2061 4607 2194 4662 Jam
2227 4607 2666 4679 suprascriptus
2696 4609 2809 4664 Lco
2831 4610 3014 4666 abbas
3035 4627 3171 4668 cum
3191 4614 3556 4686 cognovisset
3577 4619 3730 4674 veri-

297 4697 640 4756 sibilitatem
653 4698 745 4752 sui
760 4693 1096 4752 monasterii
1115 4693 1410 4760 alienavit,
1427 4698 1484 4748 et
1501 4696 1952 4766 nostrum,quod

293 4791 474 4858 caput
491 4792 602 4855 est,
624 4785 1048 4840 monasterium
1068 4784 1128 4839 in
1147 4783 1355 4838 eadem
1383 4781 1768 4854 dissipatione
1791 4784 1955 4856 cupit

296 4873 514 4929 videre.
549 4873 716 4928 Tunc
748 4871 1092 4928 nominatus
1124 4869 1335 4942 praesul
1369 4871 1511 4926 dum
1536 4871 1834 4942 iudicibus
1856 4874 1953 4928 ad-

295 4977 532 5017 versum
564 4961 754 5016 Leone
773 4960 985 5015 abbate
1001 4958 1273 5014 dixerunt
1290 4974 1304 5014 :
1324 4959 1440 5014 Cur
1455 4963 1517 5014 tu
1536 4962 1700 5014 tanta
1714 4977 1948 5032 supers-

295 5048 502 5105 titione
534 5051 739 5103 coutra
767 5047 1190 5102 monasterium
1221 5047 1408 5102 sancti
1435 5046 1729 5102 Benedicti
1753 5049 1946 5121 egisti,

298 5136 398 5209 qui
429 5153 500 5191 ex
529 5137 660 5206 ejus
687 5135 958 5190 doctrina
996 5133 1255 5190 ctelestia
1299 5135 1476 5190 debes
1525 5137 1849 5208 consequi?
1881 5139 1952 5193 Et

298 5227 504 5282 beatus
533 5221 848 5292 Gregorius
881 5221 1155 5293 loquitur,
1185 5223 1388 5276 dicens
1412 5238 1424 5274 :
1450 5223 1508 5276 Si
1533 5227 1636 5278 tua
1656 5224 1948 5282 dimittere

296 5332 413 5370 non
443 5312 552 5378 vis,
587 5310 780 5366 aliena
809 5309 938 5364 vide
968 5327 1340 5381 nequaquam
1390 5314 1682 5380 appetere.
1710 5314 1794 5367 Ad
1825 5313 1946 5368 hinc

297 5401 474 5460 Leoni
507 5401 692 5456 abbas
723 5397 926 5452 dicens
959 5413 971 5449 :
1005 5396 1160 5450 Nolit
1189 5396 1464 5451 dominus
1499 5402 1560 5451 ut
1580 5415 1686 5470 ego
1709 5399 1944 5457 illecum

297 5491 442 5548 locis
472 5489 558 5546 vel
591 5487 850 5557 aliquam
885 5483 1333 5555 possibilitatem
1383 5486 1722 5540 monasterii
1755 5490 1945 5544 sancti

298 5577 593 5634 Benedicti
623 5571 1022 5630 abstulissem.
1053 5571 1163 5626 Sed
1194 5589 1281 5639 ea,
1316 5590 1440 5643 qua:
1470 5572 1582 5643 ipsi
1621 5575 1942 5649 postulant,

297 5667 452 5726 sicut
479 5664 540 5723 in
569 5665 768 5721 nostro
799 5658 1130 5716 continetur
1151 5657 1560 5734 privilegio,ita
1578 5661 1940 5722 detineo.Ju_

2064 4697 2267 4762 tatem,
2288 4711 2390 4765 per
2406 4695 2681 4750 baculum
2701 4699 2931 4754 cunctis
2948 4699 3112 4769 locis,
3133 4719 3261 4772 quae
3279 4720 3459 4774 supra
3478 4703 3723 4778 legitur,

2062 4801 2196 4838 cum
2247 4800 2357 4838 sua
2402 4783 2582 4840 simul
2631 4788 3105 4860 congregotionc,
3139 4792 3474 4849 nonastorio
3523 4799 3722 4853 sancti

2061 4872 2362 4928 Benedicti
2393 4871 2452 4927 in
2485 4874 2760 4931 omnibus
2792 4877 3080 4936 refutavit.
3118 4879 3284 4936 Tunc
3312 4881 3524 4952 praesul
3555 4883 3730 4940 simi-

2060 4959 2192 5016 liter
2218 4977 2287 5016 ex
2317 4977 2436 5016 una
2463 4967 2628 5034 parte
2660 4963 2960 5022 investivit
3007 4967 3209 5024 dicens
3243 4985 3256 5024 :
3291 4969 3539 5028 Omnem
3590 4989 3724 5031 rem

2059 5053 2274 5105 sancta:
2303 5049 2584 5118 ccclesiis,
2618 5052 2690 5108 de
2721 5069 2840 5124 qua
2869 5054 3067 5111 ablata
3097 5056 3350 5127 fuerant,
3383 5063 3451 5114 ut
3498 5063 3726 5132 pradi~

2059 5141 2220 5193 ctum
2251 5144 2342 5195 est
2371 5139 2608 5211 penitus
2638 5147 2995 5212 revertatur;
3023 5147 3082 5198 et
3111 5146 3170 5200 in
3212 5146 3401 5218 ipsius
3449 5149 3724 5208 dominio

2057 5227 2168 5282 sub
2200 5232 2526 5283 vestrorum
2561 5247 3090 5304 succcssorumque
3109 5239 3437 5291 vestrorum
3461 5244 3726 5309 potesta-

2056 5320 2172 5371 tem
2219 5316 2348 5372 sine
2394 5335 2630 5374 omnem
2677 5319 3130 5394 ambiguitatem
3183 5331 3545 5394 permaneat,
3576 5345 3722 5386 cum

2056 5405 2352 5473 omnibus,
2387 5424 2514 5478 qua:
2545 5425 2580 5462 a
2610 5409 3028 5482 suprascriptis
3061 5411 3206 5467 locis
3227 5413 3544 5484 pertinent.
3567 5417 3720 5473 Tali-

2055 5499 2142 5548 ter
2171 5493 2244 5548 ab
2277 5495 2552 5550 omnibus
2577 5496 2882 5566 judicibus
2904 5499 3116 5554 dativis
3138 5503 3431 5557 sancitum
3455 5508 3514 5558 et
3535 5505 3723 5562 invio-

2057 5579 2312 5638 labiliter
2361 5587 2450 5638 est
2496 5583 2836 5640 dillinitum.
2880 5587 2996 5642 Hoc
3045 5587 3336 5660 siquidem
3373 5591 3719 5662 judicatum

2052 5671 2422 5744 praecipiente
2457 5673 2672 5730 domno
2718 5674 3029 5733 Benedicto
3077 5693 3310 5736 summo
3355 5681 3626 5753 pontifici
3659 5699 3720 5750 et
