3912 6384
182 405 303 470 349

182 631 458 688 Romano:
493 629 784 695 Ecclesiae,
818 626 1112 700 prmdictis
1126 623 1430 698 judicibus
1461 621 1673 678 dativis
1704 638 1843 678 con-

194 719 498 775 scntiendo
529 722 586 773 et
617 715 1046 790 promulgando
1077 713 1329 768 scribere
1359 711 1520 766 dicta
1549 711 1744 766 verba.
1781 710 1844 767 In

199 825 349 881 quos
372 809 500 879 jam
532 804 820 860 nominati
850 801 1102 876 prepriis
1123 799 1398 856 manibus
1430 816 1534 872 pro
1568 796 1851 870 ampliore

201 905 258 954 et
286 895 542 951 lirmiore
565 891 880 949 stabilitate
903 889 1381 962 subscripserunt
1410 887 1520 942 sub
1553 887 1850 954 die,anno,

194 1002 418 1051 mense,
453 989 509 1039 et
539 981 856 1037 indictione
888 978 1225 1051 supradicta
1254 994 1332 1031 x1.
1843 1041 1846 1046 _

260 1077 378 1146 Ego
414 1069 764 1128 Benedictus
799 1073 1014 1125 saneta:
1067 1065 1367 1122 catholicae
1417 1068 1474 1119 et
1519 1062 1853 1135 apostolicae

187 1161 457 1218 Ecclesiae
491 1159 590 1214 VII
613 1156 826 1230 priesul
857 1153 1203 1226 subscripsi.

260 1252 378 1323 Ego
445 1248 783 1304 Geribertus
857 1248 1074 1301 sanctae
1134 1239 1528 1298 Turtuncnsis
1587 1239 1856 1295 Ecclesiae

189 1332 907 1411 cpiscopusbuicjudicati
926 1328 1566 1404 perpetualiterehartae
1593 1327 1854 1406 interfui.

265 1427 469 1482 Petrus
502 1422 806 1496 Papiensis
824 1419 1094 1477 Ecclesiae
1115 1418 1428 1490 episcopus
1451 1416 1588 1472 huic
1603 1415 1855 1489 judicati

193 1515 473 1588 paginam
504 1509 938 1586 perpetualiter,
973 1506 1146 1565 sicuti
1181 1523 1360 1578 supra
1403 1504 1638 1578 legitur,
1678 1503 1854 1561 inter-

194 1603 302 1660 fui.

264 1695 382 1766 Ego
413 1693 672 1750 Joannes
702 1687 982 1761 indignus
1015 1685 1298 1741 diaconus
1329 1685 1543 1739 sanctze
1578 1683 1856 1738 Romanis

191 1781 462 1840 Ecclesiae
496 1779 635 1836 huic
667 1774 1040 1834 refutationis
1073 1773 1285 1830 charta:
1319 1770 1562 1828 interfui
1614 1774 1673 1826 et
1719 1769 1857 1826 sub-

191 1869 427 1942 scripsi.

266 1955 586 2032 Gregorius
613 1955 924 2028 episcopus
958 1953 1172 2008 sancta:
1204 1946 1552 2005 Albanensis
1581 1945 1848 2004 Ecclesia:

193 2047 335 2104 huic
365 2043 734 2102 refutationis
765 2043 979 2099 chartae
1009 2037 1248 2095 interfui
1279 2041 1338 2093 et
1367 2035 1712 2110 subscripsi.

269 2137 380 2190 Leo
415 2131 703 2191 Ostiensis
735 2130 1048 2204 cpiscopus
1070 2125 1207 2182 huic
1227 2125 1598 2182 refutationis
1621 2124 1859 2193 chartm,

199 2223 355 2280 sicut
387 2239 566 2295 supra
600 2222 960 2276 memoratus
994 2219 1102 2284 est,
1136 2213 1375 2270 interfui
1407 2218 1466 2269 et
1512 2211 1856 2285 subscripsi.

269 2311 602 2384 Stephanus
631 2312 782 2364 nutu
813 2305 915 2363 Dei
947 2301 1295 2362 Narniensis
1324 2301 1592 2360 Ecclesiae
1635 2301 1860 2375 episco-

201 2419 316 2474 pus
345 2399 482 2456 huic
510 2395 879 2455 refutationis
905 2395 1119 2451 chartae
1145 2391 1403 2448 interfui.

271 2489 607 2562 Stephanus
639 2485 741 2544 Dei
765 2483 1130 2559 providentia
1152 2479 1524 2554 primicerius
1558 2477 1693 2536 huic
1715 2479 1864 2535 refu-

197 2577 446 2636 tationis
475 2578 690 2634 chartae
723 2572 980 2630 interfui.

275 2670 389 2724 Leo
423 2665 655 2723 Domini
689 2664 882 2738 gratia
911 2667 1150 2718 vocatus
1183 2657 1406 2716 arcario
1447 2664 1661 2714 sanctae
1693 2673 1860 2730 apos-

196 2755 390 2812 tolica:
423 2754 579 2811 sedis
612 2753 751 2809 huic
781 2749 1148 2808 rel'utationis
1178 2747 1391 2804 chartae
1424 2745 1682 2802 interfui.

273 2846 388 2900 Azo
419 2841 520 2899 Dei
555 2841 768 2914 pietate
803 2835 1318 2912 protoscriniarius
1348 2839 1406 2891 et
1449 2833 1864 2907 apocrisiarius

203 2935 485 2990 Romana:
515 2929 784 2988 Ecclesiae
817 2927 1060 2984 interfui
1093 2930 1151 2982 ct
1180 2923 1524 2996 subscripsi.

273 3021 472 3094 Rigizo
503 3025 646 3075 nutu
683 3018 784 3075 Dei
817 3017 1056 3073 datibus
1079 3015 1264 3086 judcx
1303 3012 1440 3068 huic
1491 3011 1864 3069 refutatiouis

194 3110 415 3168 charta:
448 3107 706 3164 interfui.

274 3196 624 3254 Benedictus
655 3194 894 3251 datibus
918 3194 1102 3266 judcx
1130 3191 1193 3248 in
1223 3191 1334 3249 hac
1365 3191 1524 3248 brevi
1575 3207 1864 3247 memora-

194 3286 352 3344 toria
382 3302 596 3342 manus
627 3283 974 3356 subscripsi.

273 3374 516 3448 Sergius
546 3390 742 3430 comes
772 3371 972 3444 palatii
1005 3371 1142 3428 huic
1165 3369 1500 3426 refutationi
1527 3367 1786 3425 interfui.

276 3465 568 3521 Berardus
615 3460 870 3534 inclytus
919 3478 1116 3516 comes
1165 3459 1486 3516 Tiburtinas
1538 3455 1774 3512 interfui
1805 3459 1863 3512 et

201 3552 558 3626 subscripsi.

276 3644 535 3700 Joannes
567 3641 626 3696 in
658 3639 761 3696 Dei
793 3638 1030 3695 nomine
1062 3636 1267 3694 consul
1299 3639 1356 3692 et
1398 3636 1518 3692 dux
1545 3635 1684 3691 huic
1713 3635 1861 3690 refu-

198 3731 446 3788 tationis
478 3730 693 3786 charta:
725 3728 985 3785 interfui.

276 3821 394 3893 Ego
445 3819 795 3875 Benedictus
844 3817 945 3873 Dei
1003 3815 1193 3888 gratia
1242 3813 1585 3871 scriniarius
1643 3815 1858 3870 sanctis

197 3911 480 3966 Romanae
511 3908 802 3977 Ecclesiae,
834 3911 892 3962 et
921 3905 1171 3978 scriptor
1201 3905 1400 3976 hujus,
1434 3905 1568 3975 post
1591 3901 1856 3958 omnium

193 3996 442 4054 testium
475 3995 970 4070 subscriptionem
1001 3999 1060 4050 et
1093 3993 1466 4050 traditionem
1498 3989 1780 4064 complevi
1803 3995 1861 4046 et

196 4085 443 4144 absolvi.

933 4212 1126 4270 XXVI.

207 4349 508 4388 BENEDIC’I‘I
556 4348 719 4388 ΡΛΡῶ
763 4347 843 4386 VII
894 4343 1274 4386 PRIVILEGIUM
1331 4343 1442 4383 PRO
1499 4343 1858 4384 MONASTERIO

633 4439 682 4477 S.
728 4437 932 4476 MARUE
978 4432 1426 4474 NIBNBURGENSI.

844 4554 1036 4625 (Anno
1073 4552 1225 4623 983.)

201 4689 530 4748 Monasterio
577 4687 634 4744 S.
687 4688 875 4744 Maria:
921 4686 1344 4758 Nicnburgeasi,
1375 4691 1641 4758 rogatus
1673 4681 1859 4758 dilecti
1893 4653 1936 4718 D

273 4777 341 4817 ac
363 4761 675 4832 spiritualis
703 4760 814 4832 ﬁlii
842 4761 954 4824 sui,
985 4754 1185 4832 sanctis
1211 4756 1357 4812 sedie
1394 4754 1700 4832 apostolica:
1743 4754 1860 4832 dig-

273 4827 501 4888 nissimi
539 4827 813 4896 advocati.
857 4831 1058 4886 omnis
1106 4827 1452 4900 imperatoris
1497 4842 1710 4900 semper
1755 4827 1860 4900 Aa-

273 4905 440 4976 gusti,
475 4904 674 4976 limina
701 4903 1066 4976 apostolorum
1090 4899 1260 4972 digna
1286 4899 1565 4976 devotione
1588 4899 1862 4976 vigilantis

274 4971 340 5030 ac
375 4991 559 5030 secum
595 4971 844 5046 plurima
879 4973 946 5029 de
989 4971 1385 5046 “mutatione
1401 4971 1686 5046 religionis
1716 4977 1862 5046 trac-

278 5047 446 5102 tanti:
477 5068 504 5096 »
537 5041 782 5101 concedit
809 5068 836 5095 ‹‹
868 5052 929 5100 ut
957 5043 1100 5100 idem
1132 5044 1280 5099 locus
1308 5041 1411 5097 tali
1427 5043 1660 5114 justitia
1693 5057 1760 5114 ac
1789 5041 1858 5095 li-

278 5119 480 5173 bertate
502 5119 826 5190 perfruatur
854 5117 1075 5190 qualem
1101 5115 1242 5190 alia
1265 5111 1857 5190 monasterianlmbent,

278 5206 401 5262 (Μαί
427 5183 528 5244 δαί)
559 5183 722 5244 Mla
753 5183 960 5262 suoque
987 5187 1275 5262 privilegio
1302 5185 1554 5262 roborata
1580 5183 1696 5238 illi:
1724 5199 1861 5262 par.

277 5255 424 5316 tibus
451 5267 581 5315 sunt
610 5277 675 5314 ac
701 5255 1097 5314 muadiburdio
1125 5255 1339 5312 domini
1380 5257 1472 5311 sui
1516 5255 1860 5325 imperatoris

281 5331 536 5388 videntur
579 5348 694 5388 esse
721 5331 978 5405 subjecta.
1014 5355 1036 5382 ι
1074 5329 1378 5400 I’riuilegia
1407 5324 1653 5398 quantum
1687 5324 1857 5380 addit.

471 5455 688 5526 (Knaut
719 5453 1050 5510 Grundliche
1077 5453 1441 5524 Furslellung,
1484 5452 1548 5506 13
1575 5451 1593 5522 )

276 5595 522 5653 Creditis
553 5595 993 5668 speculationis,
1027 5600 1137 5652 etc.
1171 5595 1400 5666 Reliqua
1428 5591 1549 5648 vide
1570 5590 1715 5664 apud
1745 5592 1858 5648 lau-

203 5686 396 5744 datum
425 5684 776 5742 collectorem.

1361 400 1770 464 EPISTOLJE
1809 400 1912 464 ET
1952 400 2166 464 PRIVI
2176 401 2401 465 LEGIA
2416 446 2430 462 .

180 538 495 598 universali
528 557 712 614 papte,
733 536 879 595 mihi
907 535 1254 595 Benedictus
1288 532 1592 591 scriniario
1627 536 1841 590 sanctis
1871 543 1928 612 Α

1880 1913 1927 1980 Β

3488 399 3607 464 350

2021 623 2315 662 Βεκευιιτι
2357 623 2518 662 ΡΛΡΑΕ
2553 623 2633 661 νη
2683 623 2864 662 BULLA
2895 623 2967 662 ΑΙ)
3008 621 3240 662 PE‘I‘RUM
3281 623 3542 663 MILI’I'EM.

2533 695 2720 766 (Anno
2749 694 3036 765 974-983.)

1959 784 2144 841 Nobili
2171 785 2348 850 Petro,
2366 785 2642 856 Bonicollo
2670 784 2829 850 dicto,
2863 784 3053 840 militi.
3088 792 3348 856 ternaque
3365 784 3611 841 Madame

2035 859 2094 910 in
2123 856 2386 910 suburbio
2445 855 2786 911 Gamiavcnsi
2813 855 3114 919 comrcho,
3148 855 3611 926 per’Balduinum

2037 948 2064 976 ι(
2093 929 2327 983 abbatize
2357 929 2412 983 S.
2448 929 2682 982 Bavom's
2714 929 2773 982 in
2790 944 2928 998 pago
2957 943 3120 998 prope
3151 928 3413 992 (ianuam,
3445 929 3607 983 Boar-

2035 999 2181 1053 heim
2206 999 2366 1064 dicto,
2382 999 2709 1054 monachum
2729 1021 2756 1047 υ
2789 1000 2958 1054 mittit
2979 1022 3006 1048 «
3039 1015 3163 1053 cum
3189 1001 3444 1069 presenti
3459 999 3613 1054 bulla

2036 1072 2144 1126 tria
2169 1071 2402 1124 essicula
2443 1069 2536 1125 SS.
2572 1069 2898 1134 Marcellini,
2930 1069 3220 1125 Maximini
3263 1078 3316 1125 et
3367 1070 3608 1138 Quirini,

2038 1141 2101 1195 de
2132 1142 2328 1212 quibus
2366 1141 2650 1212 disponere
2699 1141 2856 1195 liccat
2898 1158 2996 1211 pro
3038 1141 3299 1205 ecclesiis,
3332 1157 3522 1212 nempe
3549 1141 3606 1195 S.

2037 1213 2293 1276 Bmvmzis,
2325 1212 2380 1266 S.
2412 1213 2658 1267 Joannis.
2689 1228 2788 1266 nec
2823 1228 2933 1266 non
2979 1213 3125 1267 aula?
3167 1213 3222 1267 S.
3259 1212 3611 1268 Pharahildis

2040 1286 2099 1338 in
2128 1287 2244 1354 ipsa
2274 1285 2491 1338 civitate
2522 1283 2814 1338 Gundensi.
2833 1305 2862 1332 υ

2002 1372 2287 1444 (Messager
2315 1372 2407 1426 des
2437 1372 2682 1427 Sciences
2707 1370 2772 1425 de
2803 1372 2858 1426 la
2885 1371 3162 1442 Belgique,
3195 1371 3380 1438 Gand,
3417 1372 3574 1439 1837,

2039 1549 2154 1604 Nos
2187 1550 2417 1621 insigne
2447 1565 2553 1604 nec
2582 1477 2728 1614 nos;
2753 1459 3101 1612 (milites,
3151 1549 3204 1604 si
3243 1550 3438 1620 placet,
3483 1565 3616 1622 opus

1966 1637 2269 1693 laudatum.

2666 1708 2912 1764 XXVIII.

2038 1813 2416 1854 PRIVILEGIUI
2455 1813 2758 1853 BBNEDICTI
2807 1813 2972 1852 ΡΑΡΑΕ
3015 1813 3097 1853 VI!
3135 1813 3247 1853 Ριιο
3284 1813 3548 1854 ECCLESIA

2625 1885 2966 1925 TIBURTINA.

2543 1958 2732 2027 (Anno
2759 1957 3038 2028 974-983.)

2164 2045 2421 2114 (Marini,
2450 2047 2649 2119 Papiri
2674 2045 3076 2119 diplomatichi,
3106 2046 3147 2113 I,
3182 2063 3238 2118 p.
3269 2046 3422 2115 229.)

2039 2135 2400 2191 Best-mimus
2432 2133 2742 2207 episcopus
2787 2153 2990 2190 servus
3039 2152 3340 2190 servorum
3391 2135 3492 2192 Dei
3539 2137 3622 2192 di-

1970 2222 2291 2280 lectissimo
2322 2229 2498 2297 atque
2529 2224 3000 2282 reverentissimo
3031 2227 3088 2278 et
3131 2223 3621 2282 excellentissimo

1970 2312 2136 2367 fratri
2167 2317 2368 2368 nostro
2397 2313 2632 2379 Joanm,
2666 2311 2898 2368 Domini
2927 2311 3118 2385 gratia
3148 2316 3362 2368 sancta:
3411 2313 3621 2369 Tibur-

1971 2399 2104 2456 tinae
2136 2399 2406 2457 Ecclesiae
2425 2401 2699 2474 episcopo
2711 2405 2769 2456 et
2789 2417 2891 2474 per
2921 2401 3051 2456 tein
3085 2401 3290 2456 eodem
3307 2401 3622 2458 venerabili

1971 2489 2286 2562 episcopio,
2321 2489 2556 2562 tuisque
2587 2489 3026 2546 successoribus
3057 2489 3117 2544 in
3147 2494 3514 2562 perpetuum.

2043 2579 2190 2634 Cum
2223 2595 2438 2651 magna
2471 2578 2638 2634 nobis
2671 2577 3067 2634 sollicitudine
3097 2579 3320 2634 insistit
3347 2596 3488 2636 cura
3518 2597 3622 2653 pro

1974 2668 2266 2724 univarsis
2296 2667 2398 2724 Dei
2429 2667 2704 2724 Ecclesiis
2730 2683 2795 2722 ac
2825 2667 2939 2739 piis
2961 2666 3106 2723 locis
3133 2666 3518 2741 vigilandum,
3551 2686 3624 2724 ne

1974 2757 2235 2830 aliquam
2259 2756 2626 2812 necessitatis
2635 2756 2932 2828 jacturam
2949 2755 3412 2824 sustineant,sed
3435 2757 3624 2831 magis

1975 2845 2222 2920 propria:
2290 2844 2562 2901 utilitatis
2629 2844 2924 2917 stipendia
2981 2849 3438 2917 consequantur.
3494 2845 3624 2904 Ideo

1975 2935 2244 2992 convenit
2274 2952 2379 2990 nos
2411 2933 2688 3007 pastorali
2717 2938 2842 2990 tota
2872 2934 3085 2989 mentis
3113 2933 3448 3007 integritate
3464 2952 3623 2991 eam-

1975 3025 2111 3080 dem
2143 3023 2564 3079 venerabilinm
2581 3023 2842 3080 locorum
2862 3022 3114 3078 maxime
3131 3023 3470 3080 stabilitatis
3485 3024 3629 3080 inte-

1976 3114 2250 3186 gritatem
2264 3129 2574 3185 procurare
2589 3117 2648 3168 et
2663 3110 2867 3168 sedulo
2884 3127 3087 3167 eorum
3100 3109 3341 3167 utilitati
3361 3112 3629 3169 subsidia

1977 3201 2097 3258 illic
2126 3201 2408 3268 conferre,
2443 3205 2508 3257 ut
2561 3201 2678 3258 Deo
2709 3203 2910 3258 nostro
2938 3199 3325 3273 omnipotenti
3371 3199 3432 3256 id
3472 3203 3627 3274 quod

1891 3284 1936 3351 C
1974 3306 2078 3362 pro
2127 3291 2256 3362 ejus
2303 3291 2492 3346 sancti
2537 3290 2796 3346 nominis
2843 3289 3082 3358 honore,
3129 3294 3188 3345 et
3227 3288 3420 3358 laude,
3452 3295 3629 3364 atque

1971 3378 2160 3452 gloria
2180 3379 2308 3452 ejus
2337 3377 2770 3435 venerabilibus
2801 3395 2908 3434 nos
2929 3381 3157 3434 certum
3187 3382 3278 3434 est
3307 3378 3627 3435 contulisse

1973 3467 2138 3524 locis.
2171 3468 2376 3540 Sitque
2407 3466 2763 3539 acceptabile
2793 3466 3080 3538 nobisque
3109 3467 3178 3522 ed
3212 3467 3342 3538 ejus
3371 3465 3626 3538 locuple-

1972 3556 2204 3612 tissima
2233 3555 2696 3611 miscricordiam
2729 3554 3070 3626 hujusmodi
3102 3553 3181 3626 pii
3210 3555 3402 3626 operis
3432 3556 3626 3610 confe-

1971 3648 2196 3712 rantur,
2229 3643 2464 3699 arcibus
2493 3642 3027 3699 remunerationem
3069 3642 3209 3714 (εἰσ).
3255 3640 3442 3714 Igitur
3488 3644 3629 3716 quia

1971 3734 2156 3806 petita
2181 3732 2352 3788 nobis
2383 3735 2484 3787 tua
2513 3730 3078 3802 dilectio,quatenus
3098 3729 3477 3786 concedimus
3493 3731 3624 3801 tibi,

1969 3822 2206 3894 tuisque
2226 3819 2668 3876 successoribus
2681 3835 2784 3890 per
2796 3818 2906 3874 hoc
2937 3823 3207 3874 nostrum
3237 3819 3625 3890 apostolicum

1970 3909 2339 3982 privilegium
2371 3925 2576 3964 omnes
2608 3925 2699 3962 res
2733 3906 2993 3979 praedicti
3043 3907 3300 3979 episcopi
3350 3907 3457 3975 tui,
3489 3909 3628 3980 quia

1967 4005 2196 4070 (quam)
2226 3997 2546 4054 Tiburtinae
2579 3995 2848 4052 Ecclesiae
2881 3995 3070 4052 sancti
3101 3995 3319 4053 Christi
3353 3997 3627 4071 martyris

1969 4087 2154 4143 levitre
2187 4085 2506 4153 Laurentii,
2531 4101 2597 4141 co
2628 4085 2784 4158 quod
2815 4102 2919 4156 per
2947 4083 3366 4159 negligentiam
3389 4089 3626 4142 tuorum

1969 4181 2410 4232 antecessorum
2423 4174 2830 4246 episcoporum
2849 4173 3181 4230 munimina
3197 4174 3386 4230 multa
3401 4175 3630 4248 perdita

1968 4266 2231 4320 fuerunt.
2266 4262 2534 4320 Inclinati
2565 4263 2840 4335 precibus
2885 4263 3006 4319 tuis
3055 4280 3158 4336 pro
3209 4261 3626 4336 omnipotentis

1969 4354 2071 4410 Dei
2127 4370 2346 4420 amore,
2415 4367 2712 4424 suumque
2769 4350 3074 4419 honorem,
3137 4351 3625 4407 restaurationem

1969 4441 2256 4514 praedictae
2283 4440 2550 4496 Ecclesia:
2589 4441 3012 4497 confirmamus
3061 4438 3166 4494 tibi
3219 4439 3454 4511 tuisque
3499 4456 3626 4494 suc-

1969 4529 2304 4586 cessoribus
2335 4545 2542 4584 omnes
2569 4527 2826 4600 episcopi
2877 4531 2936 4582 et
2978 4530 3223 4582 cunctas
3273 4525 3473 4598 plebes
3519 4542 3625 4582 seu

1968 4617 2246 4674 ecclesias
2285 4623 2458 4689 atque
2503 4615 2882 4684 monasteria,
2931 4620 2990 4670 et
3029 4613 3278 4672 diversis
3325 4614 3626 4670 vocabulis

1965 4722 2102 4763 cum
2149 4705 2424 4762 omnibus
2467 4721 2670 4760 eorum
2719 4701 3090 4776 pertinentiis
3136 4701 3224 4759 vel
3277 4703 3626 4773 adjacentiis

1967 4795 2115 4851 sitas
2147 4794 2206 4848 in
2238 4798 2359 4850 toto
2395 4793 2685 4848 territorio
2717 4791 3065 4865 Tyburtino,
3092 4791 3442 4847 nominatim
3474 4791 3626 4848 vidc-

1971 4883 2110 4939 licet
2140 4881 2292 4938 infra
2321 4880 2552 4937 civitate
2585 4881 2913 4954 Tyburtina
2941 4882 3086 4950 (sic).

2045 4971 2107 5026 ld
2128 4975 2218 5026 est
2229 4970 2526 5042 regionem
2540 4974 2731 5026 totum
2751 4969 2808 5023 in
2827 4969 3123 5042 integrum
3146 4986 3272 5042 quae
3295 4967 3626 5042 appellatur

1973 5061 2132 5128 Fors,
2166 5064 2226 5115 ct
2256 5059 2402 5114 Vicu
2432 5058 2684 5130 patricii,
2704 5063 2763 5114 et
2792 5057 2967 5130 Oripo
2998 5075 3134 5114 cum
3168 5058 3418 5115 ecclesia
3434 5057 3624 5115 sancti

1967 5148 2279 5204 Alexandri
2311 5153 2370 5204 et
2397 5147 2714 5221 aquimolis
2745 5165 2879 5202 cum
2931 5145 3120 5202 forma
3167 5145 3412 5220 antiqua
3453 5147 3625 5220 juxta

1969 5237 2285 5308 episcopio.
2321 5237 2466 5292 Item
2516 5235 2764 5292 ecclesia
2811 5236 3000 5292 sancti
3047 5235 3230 5304 Pauli,
3277 5241 3337 5292 et
3388 5235 3624 5310 regione

1969 5344 2097 5397 qua:
2130 5330 2367 5382 vocatur
2397 5323 2682 5381 Formello
2713 5343 2846 5380 cum
2865 5325 3079 5398 gratias
3110 5343 3251 5382 suas
3267 5330 3326 5381 et
3353 5344 3484 5381 cum
3504 5342 3624 5380 om-

1971 5415 2146 5470 nibus
2167 5415 2238 5469 ad
2261 5432 2360 5470 eas
2372 5414 2804 5486 pertinentibus
2821 5413 2930 5468 sibi
2946 5413 3193 5470 invicem
3207 5414 3618 5479 cohaerentem,

1968 5508 2028 5558 et
2076 5503 2228 5558 inter
2275 5503 2483 5558 aflines
2533 5502 2605 5558 ab
2655 5519 2773 5558 uno
2817 5502 2992 5558 latere
3043 5503 3205 5558 silice
3255 5501 3488 5574 publica
3519 5498 3620 5571 qui

1968 5593 2271 5649 descendit
2300 5593 2372 5648 ad
2404 5597 2572 5664 porta
2600 5593 2827 5664 majora
2855 5596 2913 5646 et
2944 5610 3127 5663 usque
3146 5591 3203 5646 in
3238 5595 3404 5663 porta
3424 5604 3614 5652 scura,

1970 5699 2004 5740 θ.
2035 5681 2290 5742 secundo
2321 5679 2501 5743 latere
2533 5697 2703 5742 muro
2721 5679 2972 5738 civitatis
2989 5679 3322 5756 Tyburtinte
3355 5690 3539 5762 usque
3557 5673 3620 5760 in
