3912 6376
157 410 273 485 353

1356 412 1756 483 EPISTOL/E
1799 410 1907 473 ET
1941 409 2412 472 PlilVILEGiA.

3462 418 3579 485 354

157 547 392 616 pontem
427 543 667 612 Marini;
702 548 813 600 eta
844 546 1015 601 tertio
1057 544 1232 601 latere
1280 546 1529 602 fundum
1561 544 1807 601 Calicia-
1837 545 1893 613 Α
1926 545 2174 601 fundum
2224 544 2553 614 Turritula;
2590 546 2840 603 fundum
2899 546 3105 605 Vicum
3155 554 3211 605 et
3254 552 3489 620 Arcum,
3521 557 3581 608 et

155 649 296 687 num
307 631 464 703 juris
486 636 699 688 saneta:
724 633 997 689 Romana:
1020 634 1288 690 Ecclesia:
1306 651 1320 703 ;
1340 651 1374 689 a
1400 637 1609 707 quarto
1632 632 1813 689 latere

155 718 474 777 fundum...
500 725 561 776 et
588 739 622 776 a
653 721 858 794 quinto
892 721 1073 777 latere
1104 721 1355 777 fundum
1389 721 1614 779 Paulini
1657 720 1812 793 juris

153 807 496 884 monasterii
519 809 674 865 Cella
691 811 865 868 Nova.
884 812 1058 866 Porro
1077 812 1327 884 (necnon)
1352 817 1407 867 et
1429 812 1570 866 l'und
1581 829 1678 866 um
1712 811 1810 882 qui

150 903 391 957 vocatur
411 898 583 967 Prata
604 901 827 971 majore
845 917 980 955 cum
1002 900 1394 968 vineis,terris
1411 906 1585 971 atque
1603 901 1810 971 pratis;

148 987 401 1045 fundum
425 987 822 1055 Baronianum
856 989 914 1043 in
944 989 1239 1060 integrum
1273 989 1426 1043 inter
1446 990 1652 1043 ai'iines
1678 988 1826 1044 inci-.

148 1075 345 1146 piente
379 1092 481 1146 per
512 1077 633 1131 rivo
668 1093 853 1149 usque
884 1078 942 1130 in
969 1078 1158 1133 forma
1187 1078 1459 1149 antiqua;
1493 1096 1527 1133 a
1556 1078 1812 1131 secundo

152 1163 329 1219 latere
362 1164 690 1233 Monetula;
723 1183 758 1221 a
782 1166 1149 1221 tertiolatere
1178 1168 1426 1221 fumium
1452 1167 1731 1234 Romani;
1756 1170 1815 1222 et

152 1269 187 1307 a
215 1258 425 1324 quarto
468 1253 649 1310 latere
699 1255 944 1311 fluvium
1000 1256 1265 1327 Tyberis,
1301 1260 1359 1310 et
1409 1256 1814 1327 pervenientes

155 1359 342 1416 usque
371 1342 431 1398 in
463 1342 594 1401 aliis
624 1344 742 1400 arci
776 1345 875 1399 ubi
909 1345 967 1399 in
1001 1344 1297 1400 Poticella.
1322 1344 1535 1401 Verum
1558 1344 1734 1400 etiam
1756 1347 1814 1400 et

153 1430 430 1489 clausura
456 1433 690 1489 vineata
710 1450 889 1506 super
909 1451 972 1490 se
996 1434 1053 1489 in
1079 1434 1309 1507 integra
1338 1434 1530 1506 posita
1550 1433 1623 1489 ad
1645 1437 1813 1505 porta

149 1521 233 1576 Ad
244 1521 435 1590 riana;
458 1523 711 1579 fundum
729 1522 1258 1591 Ciceiani,t‘undum
1271 1523 1812 1592 Ailorum,fundum

149 1610 786 1680 Ciculanum,i'undum
820 1612 1143 1682 Paccionis,
1166 1627 1372 1667 omnes
1420 1611 1670 1668 invicem
1716 1627 1810 1666 ce-

148 1698 513 1757 herentibus
561 1701 620 1756 in
670 1700 947 1772 integris;
983 1701 1233 1756 fundum
1281 1699 1481 1755 Zizimi
1534 1699 1612 1770 (id
1643 1698 1813 1755 vallis

147 1787 342 1857 Cotta)
372 1789 481 1857 (sic
511 1788 584 1843 ad
616 1805 779 1844 oram
823 1788 1039 1844 litteris
1090 1788 1426 1856 rubricatis)
1458 1804 1593 1843 cum
1642 1786 1815 1859 plebe

144 1882 369 1949 sancta)
396 1877 590 1935 Maria:
606 1881 664 1933 et
689 1877 877 1932 sancti
900 1877 1174 1945 Joannis;
1201 1877 1449 1931 fundum
1474 1875 1812 1932 Marcianel-
1840 1916 1890 1989 Β

144 1964 269 1989 Ι--..,
322 1970 372 1989 ..ι
426 1964 609 1989 -.ι-..1,
665 1984 762 1989 ,μη
780 1966 847 1989 ..ιέ
884 1965 1049 1989 ρε..ε..ε
1076 1983 1087 1989 -
1127 1966 1370 1989 ι’.-...1--..,ι
1425 1964 1783 1989 ΙἾΑΙ.-.υ..,.ΑΙ“Ι.-

143 1964 376 2034 lum,et
422 1964 614 2022 casale
664 1966 851 2021 sancti
884 1965 1087 2033 Cirici;
1126 1966 1375 2021 fundum
1425 1964 1812 2033 Columnella,

142 2054 270 2109 sive
300 2055 517 2125 quibus
557 2054 689 2111 aliis
739 2054 1037 2111 vocabulis
1091 2059 1508 2125 nuncupantur
1542 2071 1555 2108 :
1591 2054 1665 2110 ab
1697 2070 1813 2110 uno

143 2141 333 2209 latere
364 2138 456 2198 via
486 2144 749 2216 publica;
782 2161 816 2199 a
844 2143 1103 2198 secundo
1134 2142 1313 2198 latere
1350 2143 1599 2198 fundum
1640 2142 1811 2213 Apol-

144 2231 301 2300 loni;
338 2250 373 2287 a
404 2234 576 2288 tertio
607 2232 787 2287 latere
820 2232 1100 2298 Romani;
1134 2249 1167 2287 a
1198 2236 1406 2303 quarto
1437 2231 1617 2287 latere
1657 2231 1815 2287 Balle

147 2321 351 2394 longa,
377 2326 435 2377 et
465 2339 499 2376 a
530 2322 737 2394 quinto
760 2321 939 2376 latere
969 2321 1159 2376 forma
1188 2320 1344 2375 unde
1367 2337 1520 2392 aqua
1559 2321 1816 2375 decurrit

148 2415 312 2466 recte
345 2410 402 2465 in
432 2411 526 2465 via
557 2410 807 2482 publica.
830 2408 1117 2465 Similiter
1147 2414 1205 2464 et
1234 2408 1484 2463 i'undum
1514 2409 1813 2480 Carpinia-

152 2516 301 2554 num
329 2503 387 2554 et
418 2499 586 2554 vinea
624 2499 778 2555 inter
809 2499 957 2554 duos
987 2498 1353 2566 Ludes,cum
1383 2497 1630 2554 ecclesia
1662 2498 1814 2553 beati

150 2587 311 2643 Petri
325 2587 575 2659 apostoli
593 2589 731 2659 (vid.
746 2590 898 2659 feras
921 2590 1130 2657 muros)
1154 2588 1238 2659 (in
1269 2587 1505 2643 rubrica
1523 2587 1596 2643 ad
1626 2592 1815 2659 oram)

147 2681 207 2732 et
238 2677 412 2734 vinea
443 2677 502 2732 in
533 2677 705 2733 trivio
737 2694 873 2733 cum
903 2676 1150 2734 ecclesia
1183 2676 1371 2733 sancti
1404 2676 1722 2733 Laurentii.
1754 2657 1771 2674 ’

222 2766 416 2822 Immo
436 2770 495 2821 et
516 2767 766 2821 fundum
789 2766 993 2822 Castro
1011 2765 1070 2821 in
1090 2765 1386 2838 integrum
1410 2781 1545 2821 cum
1569 2765 1818 2821 ecclesia

145 2855 341 2912 sancti
367 2854 603 2929 Angeli;
638 2855 889 2909 fundum
912 2853 1215 2911 Balarcese
1236 2853 1349 2910 sibi
1372 2853 1619 2909 invicem
1637 2855 1818 2909 COlltD.

146 2945 448 3000 rentibus.
467 2944 691 3000 Pariter
711 2949 769 2999 et
791 2943 1044 3000 fundum
1067 2960 1202 3000 cum
1235 2942 1427 2999 casale
1450 2960 1555 2999 suo
1581 2948 1639 2999 et
1660 2944 1817 2999 Balle

143 3033 327 3107 longa
338 3038 518 3106 atque
538 3032 706 3106 plebe
729 3033 915 3089 sancti
943 3033 1061 3105 (hic
1077 3032 1419 3089 dimisimus
1432 3032 1817 3104 (adoramalia

138 3127 342 3192 manu)
361 3140 498 3179 cum
517 3122 698 3179 vineis
716 3127 774 3178 et
789 3123 961 3178 terris
977 3127 1186 3178 etcum
1205 3123 1480 3178 omnibus
1494 3122 1618 3181 suis
1632 3123 1815 3194 perti-

141 3212 368 3270 nentiis
391 3211 664 3268 Fundam
684 3210 993 3284 (Fullonis)
1020 3210 1323 3267 Fullonius
1344 3210 1401 3266 in
1426 3210 1817 3285 integrum,et

1922 633 2366 700 Cieilianuin,et
2396 633 2780 705 Vigilianum,
2806 642 2865 692 et
2892 638 3139 710 Aspreta
3167 655 3303 696 cum
3333 639 3582 696 ecclesia

1922 722 2109 779 sancti
2162 720 2333 790 Petri,
2367 725 2425 778 et
2474 722 2533 778 in
2572 722 2701 779 vicu
2744 723 3051 783 ecclesiam
3099 726 3288 784 sancti
3322 726 3577 797 Valerii;

1925 811 2176 866 fundum
2227 811 2583 881 Grazcorum,
2618 812 2867 869 fundum
2914 814 3306 872 Virdilianum
3350 816 3450 872 ubi
3490 819 3583 873 est

1921 898 2168 955 ecclesia
2202 901 2390 955 sancti
2422 901 2872 973 Magni.0mnes
2909 903 3021 959 sibi
3065 903 3313 961 invicem
3346 905 3405 960 in
3435 903 3583 963 inte-

1923 987 2044 1060 gris
2078 988 2509 1046 cobaarentibus
2532 1006 2666 1045 cum
2689 991 2843 1047 casis
2864 996 2923 1048 et
2951 992 3350 1061 vineis,terris
3383 998 3442 1050 et
3472 992 3581 1050 sil-

1924 1077 2032 1145 vis,
2068 1078 2274 1147 pratis,
2308 1079 2564 1149 pascuis,
2599 1079 2824 1135 cultum
2857 1080 2941 1136 vel
2977 1081 3303 1152 incultum;
3330 1084 3578 1141 fundum

1925 1164 2306 1232 Melizanum;
2334 1165 2580 1221 fundum
2607 1168 3204 1235 Paternum,i'undum
3223 1173 3583 1230 Sambuculo

1923 1255 2113 1326 posito
2137 1254 2426 1310 territorio
2458 1255 2781 1328 Tyburtino
2813 1274 2848 1313 a
2877 1259 3111 1315 civitate
3136 1260 3401 1332 ejusdem
3445 1261 3579 1319 mil-

1922 1341 2089 1400 liario
2119 1347 2319 1400 octavo
2344 1362 2367 1411 ξ
2393 1345 2465 1400 ab
2500 1362 2619 1401 uno.
2648 1344 2829 1402 latere
2854 1347 3103 1404 fundum
3144 1349 3428 1418 Minianu,
3460 1356 3520 1407 et
3548 1369 3585 1409 a

1924 1433 2181 1488 secundo
2210 1431 2390 1490 latere
2419 1432 2773 1503 Bulturclla;
2809 1452 2844 1491 a
2874 1435 3048 1492 tertio
3098 1435 3281 1494 latere
3326 1438 3582 1499 fundum

1924 1520 2283 1588 Maternum;
2307 1525 2367 1577 et
2392 1537 2426 1577 a
2456 1527 2664 1594 quarto
2704 1522 2888 1580 latere
2929 1524 3141 1595 ﬂuvius
3186 1526 3289 1598 qui
3339 1533 3585 1587 vocatur

1921 1607 2286 1677 Jubcnzanu,
2322 1615 2381 1665 et
2412 1615 2610 1683 monte
2634 1611 2736 1684 qui
2759 1616 3000 1670 vocatur
3018 1614 3192 1671 Crufo
3205 1616 3365 1687 juris
3383 1634 3587 1690 super:

1921 1696 2159 1769 ascripti
2189 1697 2491 1770 episcopii.
2526 1700 2655 1756 Pari
2689 1700 2862 1757 modo
2894 1717 2965 1758 ex
2993 1701 3111 1759 alia
3158 1708 3324 1775 parte
3354 1706 3581 1765 montis

1920 1785 2085 1842 fundi
2109 1786 2452 1858 Caparacie;
2477 1788 2597 1843 sive
2620 1805 2819 1844 massa
2839 1795 3098 1863 vocatur,
3116 1808 3253 1848 cum
3278 1810 3450 1852 mons
3480 1795 3582 1868 ubi

1920 1879 2006 1931 est
2038 1874 2096 1930 in
2127 1876 2433 1932 cacumine
2462 1876 2708 1933 ecclesia
2737 1879 2926 1934 sancti
2956 1880 3161 1952 Angeli
3213 1881 3315 1954 qui
3362 1884 3583 1955 dicitur

1924 1964 2286 2031 Faianu,nec
2319 1981 2434 2021 non
2465 1970 2523 2021 et
2552 1965 2750 2021 locum
2781 1967 2882 2039 qui
2913 1968 3244 2040 appellatur
3274 1971 3583 2031 Trellanus

1922 2052 2002 2122 (id
2035 2052 2308 2125 Giranus)
2339 2054 2424 2124 (in
2447 2054 2705 2125 rubrica)
2737 2072 2872 2111 cum
2905 2057 3104 2113 fundis
3125 2059 3251 2127 suis
3276 2076 3289 2114 :
3313 2060 3587 2119 videlicet

1924 2142 2174 2197 fundum
2206 2141 2667 2213 Carpi,i'undum
2700 2144 2908 2210 Murre,
2929 2144 3180 2202 fundum
3215 2147 3430 2217 Plazze,
3458 2151 3586 2206 fun-

1924 2230 2067 2284 dum
2102 2230 2432 2298 Rozarium,
2457 2231 2707 2286 fundum
2741 2232 3078 2304 Corianum,
3112 2235 3363 2292 fundum
3392 2237 3584 2295 Julia:

1926 2335 2089 2386 num,
2106 2319 2355 2374 fundum
2377 2336 2514 2375 casa
2536 2319 2809 2389 Martelli,
2834 2322 3087 2379 fundum
3127 2330 3345 2381 sancta:
3372 2328 3587 2383 Anato-

1926 2405 2015 2461 liaa
2036 2411 2093 2461 et
2114 2406 2259 2462 valle
2285 2408 2640 2477 Fortiniane,
2657 2413 2715 2465 et
2738 2427 2924 2483 usque
2964 2410 3025 2467 in
3066 2413 3181 2469 ﬁne
3221 2413 3426 2483 stellm,
3449 2416 3582 2473 fun-

1926 2495 2068 2550 dum
2093 2495 2382 2569 (Crapola)
2402 2514 2572 2553 mons
2592 2516 2759 2570 aqua}
2775 2498 2936 2555 vivae.
2956 2500 3173 2556 Omnes
3196 2503 3310 2558 sibi
3333 2503 3584 2563 invicem

1925 2583 2282 2641 cehznrentes
2312 2584 2372 2640 in
2396 2586 2663 2659 integris.
2680 2604 2815 2643 cum
2837 2589 2991 2645 casis
3012 2593 3071 2645 et
3090 2589 3296 2661 vineis,
3322 2593 3496 2649 terris
3525 2599 3589 2652 et

1926 2670 2108 2739 silvis,
2133 2673 2378 2745 campis,
2401 2674 2606 2745 pratis,
2630 2675 2889 2747 pascuis,
2933 2677 3127 2749 aquis,
3175 2695 3587 2756 aquarumque

1925 2760 2293 2830 decursibus,
2325 2761 2413 2818 vel
2445 2779 2580 2819 cum
2612 2764 2890 2821 omnibus
2919 2781 3123 2821 eorum
3171 2767 3583 2840 pertinentiis;

1927 2849 2245 2905 constituto
2268 2851 2396 2922 jam
2427 2852 2729 2908 nominato
2760 2853 3053 2909 territorio
3084 2855 3582 2929 Tyhurtino,mii-

1925 2936 2093 2993 liario
2115 2938 2187 2993 ab
2210 2938 2337 3011 ipsa
2358 2939 2562 2997 civitas
2584 2940 2717 3012 plus
2737 2940 2938 2998 minus
2971 2943 3196 3000 decem.
3230 2946 3317 3002 Ah
3349 2964 3466 3004 uno
3496 2946 3582 3004 la-

1927 3030 2045 3081 tere
2076 3026 2327 3083 fundum
2360 3029 2721 3098 Grazcorum;
2760 3047 2795 3086 a
2824 3032 3082 3088 secundo
3120 3031 3298 3091 latere
3330 3035 3585 3096 fundum

1926 3114 2125 3185 Sassa,
2155 3120 2214 3173 et
2262 3134 2298 3173 a
2345 3118 2514 3173 tertio
2564 3116 2745 3174 latere
2795 3119 3047 3176 fundum
3081 3121 3418 3194 Grunzanu,
3451 3131 3512 3182 et
3550 3145 3584 3183 a

1927 3209 2136 3275 quarto
2165 3205 2344 3262 latere
2375 3207 2626 3262 fundum
2659 3208 3362 3281 Longiamum.Similiter
3382 3219 3440 3271 et
3458 3217 3585 3272 i'un~

138 3300 602 3375 quatuoruncia:
617 3298 1814 3373 fundiquiappellaturApollonii.Necnon
1850 3278 1892 3344 (ἶ
1921 3294 2062 3349 dum
2096 3312 2233 3352 casa
2265 3296 2496 3351 Ιίενευιί
2521 3312 2656 3352 cum
2688 3297 2843 3353 OﬂSiS
2873 3303 2931 3355 et
2959 3298 3168 3369 Vineis.
3195 3306 3252 3358 et
3284 3320 3419 3359 cum
3449 3322 3581 3361 0m-

138 3398 196 3449 et
208 3392 473 3449 fundum
495 3389 881 3457 Claudianus,
899 3389 1151 3444 fundum
1169 3388 1413 3455 Juliani,
1435 3389 1683 3444 fundum
1702 3390 1823 3445 Tri-

137 3482 363 3556 pentis,
385 3480 636 3536 fundum
658 3477 1022 3547 Cisternulaz,
1043 3479 1295 3534 fundum
1337 3477 1673 3546 Pontecclo,
1698 3479 1823 3559 i'un:

137 3572 284 3628 dum
320 3567 559 3637 Silveri,
585 3568 835 3624 fundum
869 3584 1005 3624 casa
1038 3566 1624 3634 Marciana,i‘undum
1657 3566 1819 3622 Parsl

135 3677 276 3717 cum
290 3657 483 3733 sylvis
494 3656 813 3724 etolivetis,
827 3660 885 3714 et
898 3656 1071 3712 terris
1084 3672 1221 3713 cum
1247 3653 1494 3713 ecclesia
1514 3655 1708 3710 sancti
1724 3656 1822 3713 Cc‘

137 3750 235 3807 oili
251 3755 332 3820 ,et
345 3764 490 3803 cum
504 3746 781 3803 omnibus
794 3761 997 3801 eorum
1020 3742 1420 3816 pertinentiis;
1446 3742 1622 3800 simul
1640 3745 1819 3800 etiam

135 3844 194 3896 et
216 3822 484 3897 fundum
508 3836 818 3893 Paternum
837 3851 972 3891 cum
991 3831 1237 3889 ecclesia
1256 3837 1472 3889 sancta:
1491 3832 1814 3909 Columba};

136 3931 402 3986 fundum
420 3925 737 3992 olivarum;
764 3925 1014 3981 fundum
1037 3922 1068 3980 ,Ι
1075 3921 1248 3978 anule
1270 3938 1404 3977 cum
1423 3920 1669 3978 ecclesia
1689 3939 1820 3984 san-

138 4020 222 4075 cti
259 4015 465 4083 Pauli;
491 4015 741 4081 fundum
756 4014 1151 4070 Anterranum
1176 4011 1235 4067 in
1257 4010 1553 4085 integrum
1577 4010 1688 4066 sibi
1723 4011 1816 4068 in-

132 4109 330 4165 vicem
365 4102 802 4165 cohaerentibus
835 4104 981 4172 (sic),
1011 4100 1288 4156 milliario
1319 4099 1391 4155 ab
1443 4099 1585 4157 urbe
1621 4100 1818 4157 Romae

133 4196 274 4271 plus
298 4195 511 4253 minus
525 4191 803 4267 vicesimo
820 4196 1006 4248 sexto.
1025 4190 1198 4246 Porro
1221 4194 1279 4245 et
1303 4188 1552 4244 fundum
1579 4188 1791 4247 Balneo

133 4287 285 4358 lum,
303 4282 565 4342 fundum
592 4279 1157 4349 Facundii,i‘undum
1184 4276 1659 4346 Lieini,t‘undum
1686 4278 1819 4335 Bas-

132 4391 383 4443 sanum,
419 4371 674 4428 fundum
709 4367 1160 4436 Barbatianum,
1183 4366 1437 4424 fundum
1469 4366 1818 4437 Cersanum,

131 4465 400 4522 fundum
454 4460 589 4518 Bico
646 4458 921 4531 longum;
972 4457 1229 4513 fundum
1284 4454 1520 4524 Antoni,
1564 4456 1816 4513 fundum

129 4553 359 4627 Clippi,
390 4549 646 4607 fundum
677 4546 1019 4620 Nigilionis,
1050 4545 1350 4613 Resiariu;
1385 4545 1638 4600 fundum
1668 4546 1814 4603 Buc-

1932 3384 2109 3441 nibus
2130 3385 2203 3441 ad
2234 3402 2371 3440 eum
2392 3385 2853 3457 pertinentibus;
2889 3388 2960 3443 ab
2985 3406 3099 3444 uno
3122 3389 3302 3447 latere
3332 3393 3582 3450 fundum

1933 3472 2307 3542 Licilianum,
2340 3491 2375 3529 a
2418 3474 2676 3529 secundo
2724 3473 2903 3531 latere
2953 3477 3205 3532 fundum
3256 3480 3513 3550 Foranu;
3548 3499 3584 3539 a

1933 3562 2101 3616 tertio
2123 3561 2304 3617 latere
2325 3562 2576 3617 fundum
2599 3561 2700 3633 qui
2732 3561 3065 3635 appellatur
3088 3564 3426 3635 Pasinianu,
3461 3573 3520 3623 et
3547 3586 3584 3625 a

1931 3654 2139 3721 quarto
2159 3649 2340 3706 latere
2362 3650 2611 3706 fundum
2633 3651 2970 3717 Barbaranu
2983 3652 3163 3723 juriis
3183 3653 3454 3711 Ecclesia:
3477 3658 3585 3730 Ty-

1929 3739 2198 3796 burtinaa.
2217 3739 2498 3796 Prwterea
2515 3742 2572 3794 et
2591 3743 2844 3811 quatuor
2857 3739 3058 3797 fundis
3079 3740 3138 3797 in
3157 3741 3584 3816 integris,vide-

1929 3830 2066 3886 licet
2095 3830 2282 3902 capud
2316 3829 2551 3902 (capite)
2586 3828 2792 3898 leonis,
2821 3833 2879 3885 et
2924 3830 3280 3904 Priscianus,
3312 3833 3587 3891 Ciesaria-

1929 3938 2063 3989 nus,
2097 3918 2456 3991 Magianum.
2492 3917 2706 3976 Omnes
2739 3918 2852 3974 sibi
2902 3918 3153 3977 invicem
3203 3921 3580 3980 cohaerentes.

1928 4011 2114 4067 Immo
2134 4013 2192 4065 et
2218 4007 2468 4063 fundum
2495 4005 2633 4064 villa
2653 4007 3181 4077 Pertusa,fundum
3203 4011 3580 4083 Saturanum,

1928 4101 2178 4157 fundum
2207 4095 2555 4154 Valneolum
2587 4101 2645 4154 et
2674 4096 2867 4155 casale
2891 4114 3027 4154 cum
3075 4099 3322 4158 ecclesia
3367 4107 3585 4160 sancta:

1928 4188 2275 4248 Secundinze
2306 4202 2492 4259 usque
2523 4185 2585 4241 in
2614 4184 2733 4246 rivo
2765 4187 2865 4259 qui
2891 4187 3109 4246 dicitur
3129 4189 3201 4247 de
3223 4191 3580 4262 Trabicella;

1928 4284 1985 4338 ct
2014 4276 2260 4337 ecclesia
2280 4275 2470 4335 sancti
2492 4274 2774 4348 Stephani
2797 4293 2934 4333 cum
2974 4276 3165 4335 casale
3200 4295 3326 4346 suo,
3352 4284 3411 4335 et
3449 4280 3581 4343 fun-

1928 4370 2071 4437 dum
2104 4365 2467 4424 Marcianum
2489 4380 2695 4423 omnes
2716 4363 2777 4420 in
2798 4364 3042 4437 integris
3072 4366 3247 4437 positi
3264 4367 3437 4437 juxta
3457 4367 3585 4424 fun-

1928 4459 2070 4515 dum
2100 4455 2481 4523 Giranum,et
2510 4450 3148 4522 Finestelle,territorlo
3180 4452 3578 4512 Trellanense.

1929 4549 2192 4617 Itemque
2239 4542 2490 4598 fundum
2536 4540 2933 4597 Cantoranum
2982 4556 3119 4597 cum
3167 4540 3416 4599 ecclesia
3445 4560 3576 4613 sua,

128 4643 471 4700 cunianum
504 4638 659 4712 quod
689 4641 781 4693 est
824 4636 1118 4693 territorio
1170 4633 1517 4702 Savinense;
1552 4634 1801 4690 fundum
1832 4670 1881 4735 D
1910 4637 2162 4704 fundum
2180 4629 2807 4698 Bulziniano,fundum
2826 4629 3141 4687 Maranoin
3162 4630 3494 4704 integrum;
3520 4638 3584 4690 et

129 4728 586 4801 Gelli,fuudum
606 4724 990 4783 Cartellorum
1012 4724 1111 4796 qui
1144 4727 1233 4780 est
1259 4723 1453 4795 posita
1477 4726 1610 4779 ante
1627 4729 1802 4794 ponte
1832 4717 1878 4735 υ
1912 4723 2160 4784 ecclesia
2181 4722 2395 4778 sanctae
2423 4717 2742 4775 Felicitatis
2768 4734 2904 4774 cum
2927 4719 3119 4775 casale
3141 4737 3248 4777 suo
3279 4738 3469 4794 usque
3507 4723 3582 4779 ad

129 4823 480 4885 Lucanum,
511 4816 762 4873 fundum
793 4814 1037 4870 Corceni
1089 4813 1146 4868 in
1198 4812 1514 4885 integrum,
1551 4812 1800 4868 fundum

129 4909 362 4967 Maiani
395 4909 459 4963 in
488 4906 787 4979 integrum
818 4904 1076 4976 positum
1093 4903 1268 4975 juxta
1289 4900 1537 4968 silicem,
1556 4901 1807 4957 fundum

126 4999 559 5065 Jemilianum;
596 4996 848 5052 fundum
869 4991 1248 5065 Aquilonem;
1284 4990 1535 5046 fundum
1559 4990 1810 5047 Mutilia-

130 5106 281 5145 num
310 5090 495 5161 juxta
524 5085 714 5143 sancti
746 5082 1030 5157 Stephani
1062 5082 1122 5137 in
1153 5079 1420 5149 Cornuti,
1448 5079 1700 5136 fundum
1746 5079 1807 5133 in

128 5177 301 5235 Balle
336 5175 626 5249 positum,
644 5172 745 5246 qui
766 5171 1099 5245 appellatur
1127 5170 1315 5242 Capra
1334 5168 1607 5237 molente,
1633 5174 1690 5225 et
1711 5168 1809 5225 Ca-

127 5273 266 5325 stan
276 5264 459 5324 neola
486 5263 544 5319 in
567 5262 814 5335 integris
838 5278 853 5317 :
879 5261 951 5317 ab
974 5278 1089 5317 uno
1111 5259 1292 5315 latere
1312 5256 1541 5315 colonia
1562 5275 1689 5329 quae
1710 5274 1806 5314 vo-

125 5362 305 5414 catur
339 5353 643 5421 Minianu;
670 5369 703 5408 a
724 5351 982 5408 secundo
1006 5347 1187 5406 latere
1206 5347 1458 5404 fundum
1480 5345 1804 5415 Veranum;

127 5463 163 5501 a
190 5445 376 5502 tertio
422 5442 602 5499 latere
645 5441 895 5496 fundum
930 5438 1212 5507 Ilianum;
1236 5440 1293 5494 et
1326 5454 1360 5492 a
1390 5438 1597 5508 quarto
1628 5435 1807 5492 latere

126 5538 339 5592 mente
372 5532 483 5605 qui
503 5532 742 5589 vocatur
761 5526 1087 5585 Vulturella
1101 5526 1258 5599 juris
1281 5530 1496 5581 sancta)
1530 5525 1807 5582 Romanis

123 5622 438 5679 Ecclesiae.
460 5619 650 5677 Simul
698 5618 875 5674 etiam
908 5617 1155 5672 fundum
1180 5615 1313 5671 Ilice
1348 5617 1405 5668 et
1434 5613 1638 5669 civitas
1679 5632 1807 5686 qua:

118 5718 381 5796 vocatur
428 5709 577 5784 Noe;
612 5708 866 5769 fundum
912 5702 1360 5769 Petroniliolum
1406 5706 1462 5765 et
1505 5700 1801 5775 anricle;

1913 4818 2163 4881 ﬂumen;
2199 4826 2402 4867 omnes
2425 4807 2536 4864 sibi
2562 4806 2811 4863 invicem
2834 4807 3193 4865 cohaerentes
3214 4808 3275 4863 in
3308 4808 3577 4881 integris.

1990 4904 2163 4959 Porro
2186 4902 2243 4956 et
2281 4895 2448 4969 plebe
2478 4892 2667 4951 sancti
2692 4893 2991 4951 Laurentii
3024 4895 3125 4968 qui
3155 4896 3487 4968 appellatur
3516 4898 3579 4954 in

1920 4991 2191 5057 Sublaco,
2215 5004 2352 5044 cum
2382 4985 2572 5042 forma
2601 4987 2659 5040 et
2688 4982 2947 5041 ecclesias
2978 4989 3195 5041 sanctae
3227 4985 3421 5046 Maria:
3452 5002 3582 5058 qua:

1918 5086 2006 5138 est
2038 5096 2217 5153 supra
2244 5073 2585 5141 castellum;
2621 5072 2870 5129 fundum
2895 5073 3582 5144 Paternellum,fundum

1919 5168 2143 5225 Bullica
2173 5181 2307 5222 cum
2329 5162 2515 5219 vineis
2537 5165 2594 5217 et
2616 5161 2883 5232 terris,et
2904 5179 3039 5217 cum
3062 5164 3340 5222 omnibus
3375 5180 3583 5220 eorum

1920 5255 2312 5332 pertinentiis,
2329 5251 2669 5309 constitutis
2702 5250 2993 5309 territorio
3017 5250 3370 5309 Sublaciano
3394 5270 3583 5325 usque

1920 5348 1977 5402 in
2012 5347 2185 5403 ﬂuvio
2211 5342 2404 5401 medio
2438 5340 2711 5398 Ecclesiae
2744 5341 3104 5413 Tyburtinae.
3142 5342 3415 5399 Fundam
3440 5343 3585 5400 Pon-

1917 5453 2004 5506 za,
2019 5435 2271 5493 fundum
2284 5433 2384 5505 qui
2402 5431 2735 5504 appellatur
2750 5431 2927 5501 Casa;
2954 5432 3206 5488 fundum
3219 5430 3579 5504 Casalupuli;

1917 5526 2167 5582 fundum
2190 5522 2489 5591 Canistra;
2514 5520 2764 5577 fundum
2787 5520 3104 5593 Scapiono;
3130 5520 3379 5577 fundum
3401 5520 3580 5577 Cresa-

1918 5631 2034 5683 rea,
2060 5614 2310 5675 fundum
2345 5610 2713 5675 Cisinianum
2763 5609 2878 5664 sibi
2914 5610 3161 5665 invicem
3202 5608 3578 5675 cohaerentes,

1918 5703 2093 5783 positi
2127 5700 2421 5762 territorio
2439 5698 2617 5771 Aﬁle;
2644 5698 2717 5757 ab
2740 5715 2856 5756 uno
2886 5698 3066 5757 latere
3085 5695 3253 5771 Aﬁle,
3266 5714 3301 5755 a
3321 5695 3603 5777 secunda
