3912 6360
318 417 434 477 355

1160 404 1578 469 BENEDICTI
1623 403 1852 465 PAP/E
1895 404 2001 468 VII
2047 405 2298 471 EPIST.
2344 407 2449 469 ET
2491 406 2883 471 PRIVILEG.

3622 407 3708 471 35
3720 410 3750 466 ,ἶ

315 551 493 604 latere
527 546 831 611 Turrita,a
853 542 1021 595 tertio
1054 540 1231 595 latere
1270 537 1663 601 Gaianello,et
1694 555 1726 591 a
1756 541 1967 608 quarto
1999 544 2048 607 Α
2080 541 2359 607 Severini,
2393 546 2450 595 et
2481 542 2772 608 'I‘rcllano,
2807 548 2863 596 et
2893 543 3025 596 vicu
3075 558 3209 597 cum
3250 541 3498 597 ecclesia
3546 544 3746 599 sancti

313 639 495 694 latere
531 632 960 690 Paterclanum.
1006 627 1291 683 Similiter
1340 628 1590 681 fundum
1634 625 1874 680 Orurius
1923 630 1983 682 et

312 724 735 786 Gratinianus;
770 718 1020 773 fundum
1053 714 1744 781 Puzzorosano,l’undum
1771 714 1983 768 Ponza-

313 810 665 881 no,fundum
681 806 1014 872 Cetreiano;
1038 806 1287 860 fundum
1303 802 1620 860 Toriniano
1636 802 1695 857 in
1713 801 1977 875 integris,

312 902 412 957 siti
434 898 727 955 territorio
748 895 1130 961 Sublaciano;
1158 894 1231 947 ab
1274 909 1391 947 uno
1424 891 1603 946 latere
1625 889 1880 957 Cisiano,
1907 890 1980 945 ab

312 989 427 1046 alio
460 989 638 1045 latere
666 984 1086 1051 Balneolum,a
1106 981 1278 1037 tertio
1318 981 1501 1035 latere
1524 980 1893 1043 Glasteranc,
1924 982 1983 1033 et

312 1097 347 1135 a
377 1081 587 1150 quarto
609 1075 789 1129 latere
821 1072 1071 1127 fundum
1096 1071 1459 1137 Nuscanum,
1495 1073 1553 1123 et
1585 1086 1619 1122 a
1652 1068 1859 1140 quinto
1892 1066 1980 1120 la-

309 1174 431 1224 tere
450 1165 698 1221 fundum
720 1160 1001 1234 Caprola;
1028 1177 1062 1213 a
1086 1176 1267 1230 supra
1284 1156 1502 1228 scripto
1525 1156 1713 1210 latere
1728 1156 1979 1210 fundum

309 1251 870 1312 Calcuano.Pariter
899 1253 957 1304 et
1005 1248 1288 1302 fundoras
1330 1245 1590 1318 quinque
1630 1244 1687 1298 in
1732 1242 1980 1315 integris

312 1343 410 1417 qui
458 1345 745 1398 vocantur
793 1336 1015 1393 Moreni
1054 1354 1068 1402 ;
1101 1336 1294 1401 Oreta,
1342 1332 1758 1387 Plumbariola.
1790 1334 1980 1404 Aqua.

310 1430 617 1498 Combula,
638 1427 1022 1499 Pagatianum
1047 1441 1181 1478 cum
1206 1423 1329 1477 laco
1352 1439 1458 1476 suo
1481 1427 1539 1477 et
1570 1422 1813 1476 introitu
1845 1432 1976 1475 suo’

312 1522 506 1595 posita
526 1517 815 1574 territorio
840 1512 1189 1587 'l‘yburtino,
1204 1512 1276 1567 ab
1296 1512 1427 1584 ipsa
1450 1510 1685 1565 civitate
1703 1509 1977 1564 milliario

310 1610 446 1683 plus
468 1609 669 1664 minus
697 1608 977 1678 quatuor;
1010 1602 1070 1657 in
1101 1617 1308 1672 campo
1351 1601 1596 1671 majore,
1631 1600 1885 1671 necfnon
1918 1603 1977 1654 et

317 1695 673 1756 Monticellis
702 1698 761 1750 et
790 1691 1006 1749 casulis
1034 1707 1169 1746 cum
1202 1688 1472 1745 ecclesia.

332 1806 337 1811 '
380 1787 513 1844 Haec
542 1799 723 1857 supra
749 1780 987 1854 scriptis
1018 1778 1297 1835 omnibus
1329 1778 1529 1833 fundis
1560 1780 1619 1833 et
1649 1776 1974 1843 casalibus,

309 1881 368 1933 et
397 1875 618 1949 plebes,
644 1876 705 1928 et
735 1869 1097 1926 monasteria
1126 1872 1185 1923 et
1215 1865 1495 1923 ecclesias
1542 1882 1670 1938 quae
1702 1865 1974 1937 superius

320 1963 636 2036 adscriptis
664 1977 794 2018 esse
818 1961 939 2031 (sic)
968 1959 1259 2013 videntur.
1298 1956 1419 2011 Imo
1448 1956 1627 2011 etiam
1671 1954 1968 2022 ecclesias,

313 2070 462 2126 quas
491 2053 711 2108 Bosone
730 2048 1004 2121 episcopo
1026 2051 1164 2101 tuus
1188 2049 1523 2101 antecessor
1542 2044 1656 2098 isto
1688 2047 1972 2115 przesente

311 2158 465 2198 anno
502 2136 880 2203 consecravit,
912 2134 1181 2189 videlicet
1211 2133 1396 2187 sancti
1436 2132 1682 2199 Joannis
1712 2138 1770 2186 et
1819 2130 1969 2186 beati

314 2227 635 2289 Juvenalis.
659 2224 893 2295 (Haecin
924 2222 1086 2278 bulla
1114 2222 1282 2278 Joan.
1316 2221 1457 2288 XlX,
1491 2238 1542 2275 a.
1580 2221 1765 2288 1029.)

386 2318 821 2375 Conﬂrmamus
837 2312 1013 2368 etiam
1036 2315 1102 2366 ut
1122 2326 1225 2382 per
1253 2310 1460 2365 attines
1481 2314 1539 2364 et
1570 2308 1849 2363 terminos
1873 2324 1971 2364 eos

311 2407 667 2466 deliberatis.
697 2404 853 2459 Inter
875 2401 1081 2456 affines
1100 2399 1417 2470 incipiente
1439 2415 1473 2452 a
1503 2396 1724 2453 sanctis
1745 2402 1969 2468 septem

311 2497 684 2561 fratribus,et
705 2507 892 2563 usque
914 2491 973 2544 in
1008 2488 1343 2544 conﬁnibus
1369 2486 1560 2541 sancti
1600 2486 1845 2542 Joannis
1867 2485 1968 2557 qui

312 2584 643 2660 appellatur
673 2582 730 2637 in
763 2578 1106 2652 argentella,
1138 2582 1195 2632 et
1214 2576 1424 2631 exinde
1468 2576 1526 2630 in
1556 2591 1763 2647 campo
1795 2574 1966 2639 sacri,

311 2676 411 2730 ubi
444 2676 588 2730 sunt
617 2668 868 2743 Staphili
901 2667 1049 2732 ﬁcti,
1075 2671 1133 2721 et
1173 2670 1326 2721 recte
1356 2664 1413 2719 in
1446 2664 1610 2719 silice
1655 2679 1872 2736 magna
1898 2663 1969 2719 de

312 2762 676 2827 Penestrina,
708 2757 1098 2815 descendente
1127 2770 1261 2809 vero
1294 2770 1397 2825 per
1427 2753 1556 2826 ipsa
1575 2752 1741 2807 silice
1769 2752 1968 2807 omnia

310 2857 473 2927 parte
500 2853 703 2907 dextra
725 2846 1018 2903 territorio
1034 2844 1361 2916 Tyburtino
1374 2842 1531 2914 juris
1558 2842 1749 2896 eidem
1770 2839 1965 2896 Eccle-

308 2944 408 2998 siae
440 2938 798 3012 Tyburtinaa.
852 2936 1017 2990 Parte
1065 2949 1199 2987 vero
1247 2932 1367 2988 lcba
1414 2932 1532 3003 (sic)
1578 2929 1778 2984 omnia
1807 2930 1965 2999 juris

307 3033 522 3088 sach
554 3023 1018 3082 Penestrinensis
1049 3020 1340 3076 Ecclesiae.
1357 3019 1542 3074 Sicuti
1565 3023 1963 3072 antecessores

304 3116 491 3173 nostri
524 3132 627 3187 per
648 3115 937 3185 prmcepta
968 3109 1339 3164 deﬁnierunt.
1373 3107 1656 3162 Praeterea
1694 3104 1960 3159 concedi-

306 3222 440 3263 mus
470 3207 651 3274 (atque
669 3200 1057 3270 conﬁrmamus
1093 3197 1196 3252 tibi
1226 3200 1445 3267 tuoque
1463 3192 1780 3248 venerabili
1800 3193 1961 3264 epis-

305 3292 493 3365 copio)
522 3273 627 3345 tibi
661 3293 880 3359 tuoque
912 3284 1229 3358 episcopio,
1264 3288 1329 3338 ut
1374 3282 1533 3337 omni
1584 3285 1845 3353 tempore
1898 3280 1963 3335 li-
1991 3273 2035 3339 C

303 3382 555 3438 centiam
577 3383 635 3435 et
650 3379 998 3450 potestatem
1020 3372 1285 3429 habeatis
1300 3388 1436 3427 cum
1457 3369 1666 3428 vestris
1680 3370 1959 3426 omnibus

303 3469 646 3528 hominibus
678 3461 1042 3538 ingrediendi
1072 3465 1127 3517 et
1148 3459 1484 3533 egrediendi
1505 3475 1640 3514 cum
1661 3459 1822 3513 omni
1838 3475 1960 3514 ves-

303 3565 396 3616 tra
427 3557 683 3615 utilitate
705 3571 808 3627 per
836 3556 1074 3625 pontem
1096 3550 1195 3623 qui
1217 3553 1459 3605 vocatur
1488 3549 1789 3604 Lucanum
1823 3548 1957 3603 abs-

304 3664 417 3722 que
468 3646 627 3704 omni
679 3643 936 3712 redditu,
986 3640 1074 3697 vel
1130 3638 1393 3711 qualibet
1445 3638 1703 3707 datione,
1751 3637 1959 3694 exinde

302 3735 750 3810 persolvendum
817 3746 920 3804 pro
974 3727 1393 3802 qualicumque
1452 3744 1649 3784 causa.
1713 3728 1959 3800 Insuper

303 3824 681 3883 concedimus
709 3819 872 3877 vobis
893 3833 1130 3875 omnem
1163 3816 1520 3884 districtum,
1552 3820 1610 3872 et
1641 3814 1856 3889 placita
1885 3816 1957 3870 de

303 3914 581 3971 omnibus
595 3908 990 3977 monasteriis,
1005 3906 1125 3963 sive
1145 3904 1409 3962 ecclesiis
1431 3905 1515 3961 tui
1538 3904 1816 3978 episeopii
1835 3908 1955 3961 tam

302 4004 457 4059 infra
488 4002 617 4075 ipsa
635 3997 887 4064 civitate,
911 4012 1207 4068 quamque
1246 3996 1423 4051 etiam
1464 4000 1522 4052 et
1560 3996 1631 4051 de
1656 3995 1817 4063 foris,
1836 3994 1957 4051 sive

302 4087 620 4149 monachos
651 4091 708 4144 et
735 4085 979 4143 ancillas
1010 4085 1112 4141 Dei
1133 4091 1309 4157 atque
1340 4085 1711 4157 presbyteros
1743 4088 1800 4140 et
1829 4083 1955 4139 dia-

303 4196 505 4249 conos,
535 4177 625 4235 vel
655 4192 891 4235 omnem
923 4174 1166 4241 clerum,
1203 4174 1302 4247 qui
1325 4174 1436 4231 sub
1474 4178 1577 4229 tua
1598 4172 1956 4245 protectione

303 4274 464 4335 sunt,
497 4266 585 4324 vel
618 4267 677 4323 in
710 4271 813 4323 tua
844 4264 1077 4322 dimcesi
1110 4263 1560 4335 permanebunt,
1593 4267 1659 4318 ut
1690 4262 1747 4317 in
1790 4266 1955 4317 tuam

301 4360 540 4433 tuisque
569 4355 1010 4413 successoribus
1042 4355 1120 4409 sit
1142 4357 1491 4425 potestatem
1531 4351 1877 4423 distrigendi
1901 4355 1960 4406 et

301 4447 632 4521 judicandi.
667 4445 929 4517 Denique
972 4443 1392 4501 conﬁrmamus
1421 4440 1528 4496 tibi
1558 4457 1661 4513 per
1688 4439 1798 4497 hoc
1830 4456 1960 4496 nos-

304 4543 463 4593 trum
494 4534 883 4609 apostolicum
916 4531 1289 4605 privilegium
1320 4545 1555 4586 omnem
1588 4528 1961 4585 consuetudi-

306 4644 440 4681 nem
464 4643 612 4698 quos
628 4626 746 4680 tuis
761 4621 1203 4678 successoribus
1222 4619 1380 4675 soliti
1400 4622 1567 4674 erant
1589 4618 1800 4674 habere
1814 4620 1956 4686 (sic),

307 4718 373 4767 ut
401 4718 460 4768 et
486 4718 548 4766 tu
581 4711 815 4782 tuisque
837 4708 1263 4764 successoribus
1285 4708 1507 4778 absque
1532 4705 1651 4761 ulla
1674 4707 1961 4762 contradi-

307 4802 498 4856 ctione
514 4801 780 4871 perennis
796 4796 1157 4869 temporibus
1171 4796 1421 4850 retineas
1439 4814 1451 4861 ;
1470 4801 1526 4851 et
1539 4795 1683 4850 nulli
1700 4813 1958 4867 unquam

308 4888 529 4951 comiti,
547 4892 649 4943 aut
673 4884 1087 4953 castaldio,vel
1128 4884 1303 4940 alicui
1342 4884 1703 4955 bomini,qui
1743 4884 1961 4939 ibidem

309 4976 576 5051 publicas
599 4975 929 5030 functiones
967 4973 1207 5029 fecerint
1229 4972 1401 5030 liceat
1421 4979 1530 5029 tuae
1553 4974 1808 5029 ecclesia:
1842 4991 1960 5027 ser-

307 5067 541 5131 vos,aut
563 5062 961 5127 ancillas,sive
989 5061 1201 5117 liberos
1234 5062 1637 5133 homines,qui
1670 5062 1728 5116 in
1764 5079 1966 5134 supra-

310 5152 450 5207 dicti
475 5151 557 5205 tui
582 5150 859 5222 episeopii
884 5150 1177 5205 casalibus
1196 5151 1453 5206 resident
1473 5152 1545 5206 ad
1568 5150 1850 5223 placitum
1872 5150 1959 5207 vel

309 5240 567 5313 gaudium
598 5242 742 5308 (sic),
767 5238 885 5295 sive
916 5239 1113 5311 aliqua
1135 5239 1499 5295 districtione
1520 5256 1832 5311 provocare
1862 5243 1965 5294 aut

312 5329 648 5403 perducere,
682 5327 807 5383 sine
840 5332 959 5393 tuo,
995 5333 1347 5399 tuorumque
1379 5344 1789 5383 successorum
1826 5345 1964 5383 con-

312 5434 511 5474 sensu.
530 5416 658 5472 Haec
687 5432 820 5473 vero
844 5416 1280 5487 praenominatis
1329 5432 1433 5471 seu
1462 5413 1605 5470 locis
1627 5432 1755 5486 qua:
1786 5430 1965 5486 supe-

313 5507 437 5561 rius
458 5505 853 5573 continentur,
867 5503 1133 5559 videlicet
1155 5503 1465 5576 Lipianum
1481 5507 1539 5558 et
1555 5502 1965 5559 Lambrionem

313 5611 449 5652 cum
478 5594 664 5650 vineis
683 5599 741 5650 et
769 5594 958 5665 cripta
986 5592 1286 5661 tabulicia,
1318 5597 1375 5648 et
1422 5596 1692 5661 cannoto,
1725 5597 1784 5648 et
1823 5609 1964 5665 pen-

313 5684 521 5756 sionis,
554 5684 613 5743 in
650 5701 765 5764 quo
807 5687 896 5743 est
920 5682 1167 5744 ecclesia
1203 5686 1417 5740 sancta:
1448 5680 1642 5742 Maria:
1680 5685 1739 5742 et
1778 5684 1965 5743 sancti

2087 628 2325 695 Valerii,
2356 636 2413 684 et
2431 630 2649 684 Zizinni
2688 630 2743 683 in
2778 646 2891 701 quo
2923 636 3012 684 est
3042 629 3209 701 plebe
3227 634 3440 684 saneta:
3463 631 3751 700 Μανία),οῑ

2088 718 2275 772 sancti
2307 718 2572 786 Joannis,
2607 733 2741 772 cum
2775 717 2906 773 aliis
2954 716 3270 785 casalibus,
3322 718 3549 774 scilicet
3592 725 3654 775 et
3686 720 3748 775 in

2089 803 2427 875 herbaticis,
2468 809 2525 861 et
2554 805 2924 877 glaudaticis,
2960 805 3123 861 nulla
3152 806 3421 862 molestia
3451 806 3750 865 habeatis.

2089 892 2305 949 Caetera
2331 910 2465 948 vero
2504 894 2703 948 omnia
2732 894 3061 949 immobilia
3091 893 3235 960 loca,
3255 893 3429 949 cultis
3463 899 3522 950 et
3553 896 3749 951 incul-

2088 980 2336 1047 tis,cum
2368 983 2645 1038 omnibus
2673 1000 2876 1038 eorum
2924 983 3318 1055 pertinentiis,
3348 981 3435 1038 vel
3468 984 3748 1055 adjacen-

2088 1069 2205 1136 tiis,
2232 1071 2386 1126 sicut
2415 1071 2686 1143 superius
2719 1072 2951 1143 legitur.

2158 1161 2204 1213 A
2234 1161 2505 1230 praesenti
2538 1160 2797 1215 secunda
2825 1159 3145 1215 indictione
3173 1160 3339 1215 vobis
3385 1166 3443 1215 et
3493 1179 3595 1233 per
3639 1180 3749 1219 vos

2088 1248 2464 1303 concedimus
2480 1254 2535 1303 et
2552 1249 2965 1320 perpetualiter
2984 1248 3318 1305 stabilimus
3340 1252 3750 1325 suprascripta

2089 1336 2235 1402 loca,
2254 1354 2389 1391 eum
2420 1336 2708 1408 plebibus,
2729 1337 3013 1405 ecclesiis,
3064 1338 3238 1407 casis,
3258 1338 3415 1393 villis
3443 1343 3499 1394 et
3526 1342 3749 1397 castel-

2088 1424 2181 1494 lis,
2197 1426 2368 1479 terris
2392 1426 2568 1480 cultis
2600 1431 2658 1479 et
2685 1426 3203 1491 incultis,urbanis
3237 1430 3294 1481 et
3332 1427 3592 1497 rusticis,
3614 1446 3752 1485 nec-

2087 1530 2202 1569 non
2235 1519 2293 1569 et
2322 1514 2521 1569 omnia
2542 1515 2701 1585 jura,
2737 1521 2795 1570 et
2817 1517 2989 1586 juxta
3019 1516 3476 1572 consuetudines
3508 1534 3637 1589 qua:
3680 1518 3746 1575 in

2084 1603 2287 1658 eadem
2318 1603 2565 1658 ecclesia
2589 1620 2693 1675 per
2713 1604 3006 1675 praeterita
3025 1608 3289 1676 tempora
3310 1604 3597 1661 hactenus
3619 1623 3750 1679 per-

2088 1697 2449 1759 manserunt,
2472 1692 2682 1747 amodo
2714 1692 2939 1748 illibata
2969 1709 3203 1765 semper
3228 1693 3552 1750 consistam
3573 1696 3750 1768 jube-

2085 1796 2239 1837 mus.
2263 1780 2568 1853 Simulque
2583 1781 2784 1836 omnia
2800 1780 3271 1849 munimina,seu
3294 1786 3507 1838 cuncta
3527 1784 3749 1841 instru-

2084 1874 2282 1926 menta
2311 1870 2648 1926 chartarum
2680 1871 2751 1925 de
2782 1875 2884 1925 tuo
2914 1870 3210 1942 episcopio
3244 1887 3372 1943 quas
3403 1888 3437 1927 a
3469 1873 3745 1945 paganis,

2081 1960 2200 2015 sive
2218 1975 2321 2031 per
2336 1959 2642 2014 hominum
2669 1958 3092 2031 negligentiam
3115 1959 3428 2016 subtractae
3444 1960 3532 2016 vel
3552 1962 3749 2018 immi-

2041 2052 2053 2060 '
2083 2054 2258 2116 nutsz,
2277 2064 2380 2103 seu
2398 2048 2472 2103 ab
2495 2048 2628 2119 igne
2650 2053 2920 2103 crematae
2943 2048 3204 2112 fuerunt,
3219 2064 3321 2120 per
3343 2048 3451 2103 hoc
3469 2054 3744 2105 nostrum

2081 2136 2468 2209 apostolicum
2499 2136 2871 2209 privilegium
2894 2152 3101 2192 omnes
3123 2153 3214 2192 res
3238 2136 3471 2193 illorum
3494 2138 3744 2194 stabiles

2082 2243 2314 2299 semper
2342 2226 2669 2281 consistant
2691 2226 2748 2280 in
2773 2225 3051 2281 omnibus
3078 2224 3746 2299 pleniter,legalitcrque

2082 2316 2448 2371 continentes
2470 2315 2748 2387 vigorem.
2772 2315 2890 2369 Rex
2918 2329 3053 2368 vero
3076 2330 3280 2369 omnes
3303 2331 3430 2387 quae
3454 2316 3525 2371 ab
3548 2316 3751 2371 ortho—

2081 2406 2245 2461 doxis
2276 2403 2625 2461 Christianis
2654 2409 2711 2459 et
2742 2403 3031 2475 piissimis
3082 2420 3186 2475 pro
3238 2403 3471 2459 illorum
3509 2404 3749 2459 anima-

2080 2494 2211 2561 bus,
2232 2510 2335 2549 seu
2367 2492 2572 2547 salutas
2604 2497 2718 2547 tuae
2750 2492 3010 2546 ecclesiae
3043 2492 3162 2546 sive
3194 2508 3297 2563 per
3312 2492 3598 2558 chartula,
3620 2493 3751 2547 sive

2080 2587 2405 2655 spontanea
2434 2581 2734 2636 voluntate
2766 2582 2970 2636 offerre
3002 2586 3178 2651 atque
3227 2598 3519 2636 concessae
3559 2581 3749 2636 fuisse

2076 2671 2369 2740 videntur,
2383 2669 2471 2725 vel
2495 2669 2733 2735 fuerint,
2748 2669 2972 2740 absque
2993 2668 3115 2721 ulla
3138 2667 3408 2722 molestia
3429 2675 3487 2723 et
3517 2669 3748 2740 absque

2075 2759 2237 2814 omni
2252 2757 2490 2831 querela
2506 2757 2841 2828 aliquorum
2866 2754 3173 2809 hominum
3195 2759 3541 2824 perpetuam
3563 2758 3750 2811 stabi-

2076 2848 2301 2903 litatem
2325 2852 2383 2902 et
2403 2850 2684 2917 perpetuo
2698 2844 2835 2913 jure
2859 2843 2917 2897 in
2939 2846 3043 2896 tua
3071 2840 3317 2896 ecclesia
3353 2842 3484 2909 tibi,
3500 2846 3749 2917 tuisque

2073 2934 2517 2992 successoribus
2574 2931 2898 2987 sancimus.
2958 2931 3322 3002 Quapropter
3379 2935 3743 3002 statuentes,

2071 3029 2247 3095 atque
2276 3020 2720 3094 promulgantes
2750 3036 2947 3075 coram
2977 3019 3093 3074 Deo
3123 3025 3181 3075 et
3210 3020 3455 3073 terribili
3479 3022 3611 3091 ejus
3642 3024 3738 3077 fu-

2070 3117 2202 3168 turo
2232 3110 2522 3177 examine,
2552 3125 2657 3181 per
2684 3108 2862 3180 hujus
2894 3108 3079 3163 nostri
3111 3107 3414 3180 apostolici
3441 3110 3737 3184 privilegii

2067 3200 2475 3257 auctoritatem
2509 3198 2833 3266 sancimus,
2869 3203 2927 3253 et
2966 3198 3121 3253 beati
3166 3198 3289 3253 Peri
3324 3198 3736 3271 apostolorum

2066 3288 2349 3362 principis
2381 3288 2793 3343 auctoritatem
2826 3287 3219 3354 decernimus,
3239 3291 3362 3341 tam
3393 3287 3738 3358 apostolicae

2069 3377 2228 3433 sedis
2260 3378 2490 3432 futuros
2516 3376 3038 3449 pontiﬁces,quam
3061 3376 3160 3447 qui
3179 3375 3613 3431 ecclesiasticas
3634 3377 3742 3431 ad-

2069 3466 2534 3521 ministraverint
2563 3463 2951 3532 actiones,vel
2982 3464 3160 3519 etiam
3196 3479 3411 3535 magna
3436 3480 3740 3537 parvaque

2068 3571 2342 3629 persona,
2371 3559 2474 3610 aut
2502 3553 2797 3627 quispiam
2849 3553 3257 3625 cujuscunque
3301 3552 3380 3607 sit
3419 3552 3741 3625 dignitatis

2067 3644 2349 3717 praaditus
2380 3647 2689 3716 potestate.
2735 3642 2868 3698 ldeo
2898 3658 3027 3714 quas
3059 3659 3094 3697 a
3125 3641 3295 3697 nobis
3326 3641 3419 3712 pie
3440 3641 3742 3713 disposita

2067 3738 2228 3802 sunt,
2245 3737 2417 3805 atque
2434 3749 2469 3788 a
2484 3731 2656 3788 nobis
2678 3746 2958 3786 concessa
2976 3746 3210 3803 quoque
3230 3729 3403 3786 modo
3422 3746 3738 3801 nunquam

2066 3822 2365 3877 licentiam
2384 3820 2680 3877 babeatde
2698 3819 3139 3891 prmdominatis
3156 3819 3434 3875 omnibus
3457 3818 3739 3875 immobi-

2065 3910 2222 3967 libus
2254 3910 2397 3966 locis
2420 3910 2478 3965 in
2511 3926 2628 3965 uno
2659 3909 2956 3974 adunatis,
2982 3913 3159 3981 atque
3190 3906 3534 3980 spiritaliter
3563 3925 3740 3981 apos-

2065 3999 2242 4057 tolica
2271 3998 2604 4056 exaratione
2635 3997 2967 4068 conjunctis
3002 3996 3467 4069 disjungere,vel
3504 4013 3623 4053 uno
3655 3998 3737 4053 ab

2067 4105 2182 4144 uno
2213 4087 2395 4144 altero
2427 4086 2704 4143 alienare.
2738 4085 2797 4143 Si
2826 4086 2959 4158 quis
2990 4085 3233 4152 interea,
3267 4085 3424 4157 quod
3457 4102 3575 4141 non
3605 4102 3734 4141 cre-

2065 4176 2371 4242 dimus,de
2391 4174 2702 4231 temerario
2726 4190 2875 4230 ausu
2900 4178 3104 4230 contra
3121 4189 3189 4230 ea
3209 4189 3337 4245 quis
3357 4172 3432 4229 ab
3452 4172 3563 4230 hac
3585 4190 3733 4230 nos-

2066 4270 2155 4322 tra
2184 4264 2551 4332 auctoritate,
2580 4267 2637 4319 et
2668 4261 2901 4319 Domini
2924 4261 3112 4319 nostri
3141 4261 3282 4318 Jesu
3306 4260 3521 4319 Christi
3553 4278 3734 4334 apos-

2066 4354 2321 4411 tolorum
2374 4352 2655 4425 principis
2708 4352 2860 4407 Petri
2900 4350 3220 4423 cujuslibet
3260 4350 3575 4406 immeritis
3606 4352 3735 4407 vice

2068 4444 2322 4516 agimus,
2356 4441 2753 4498 anathematis
2799 4440 3032 4496 vinculo
3072 4439 3443 4509 innodatum,
3476 4445 3534 4495 et
3591 4456 3733 4496 cum

2071 4531 2300 4589 diabolo
2318 4536 2374 4587 et
2394 4532 2523 4602 ejus
2545 4529 2932 4586 atrocissimis
2954 4529 3208 4601 pompis,
3224 4533 3402 4600 atque
3419 4543 3554 4583 cum
3575 4527 3607 4584 J
3615 4530 3734 4584 uda

2072 4622 2351 4677 traditore
2391 4619 2625 4677 Domini
2668 4619 2851 4675 nostri
2874 4619 3012 4675 Jesu
3038 4617 3275 4685 Christi,
3300 4616 3497 4672 teterni
3530 4616 3732 4673 incen-

2072 4710 2150 4765 dii
2185 4709 2472 4782 supplicio
2504 4708 2999 4763 concremandum
3024 4706 3101 4761 sit
3130 4707 3499 4777 deputatum,
3526 4722 3599 4762 ne
3630 4724 3736 4762 un-

2073 4815 2249 4870 quam
2272 4815 2306 4853 a
2329 4796 2586 4869 praefatis
2608 4795 3001 4851 anathematis
3022 4793 3267 4849 nexibus
3290 4795 3368 4850 sit
3397 4794 3729 4852 absolutus.

2069 4890 2143 4942 At
2172 4904 2301 4942 vero
2334 4886 2433 4958 qui
2468 4885 2562 4956 pio
2596 4884 2814 4939 intuitu
2848 4885 3184 4939 observator
3202 4882 3478 4937 omnibus
3501 4884 3735 4939 exstite-

2074 4976 2169 5040 rit,
2194 4975 2532 5029 custodiens
2554 4972 2734 5043 hujus
2760 4972 2942 5027 nostri
2965 4970 3270 5044 apostolici
3291 4972 3733 5028 constitutionis

2073 5064 2145 5119 ad
2172 5063 2398 5118 cultum
2420 5062 2519 5118 Dei
2540 5060 3010 5131 respicientibus,
3029 5059 3453 5116 benedictionis
3476 5060 3734 5132 gratiam

2075 5169 2109 5208 a
2156 5151 2711 5207 misericordissima
2760 5149 3007 5205 Domino
3039 5149 3156 5204 Deo
3202 5152 3400 5203 nostro
3450 5149 3733 5222 consequi

2076 5244 2390 5310 mereatur,
2414 5244 2589 5311 atque
2622 5238 2851 5293 meritis
2884 5236 3038 5293 beati
3070 5241 3351 5309 martyrts
3378 5236 3566 5292 levitas
3591 5238 3738 5294 Lau-

2076 5329 2271 5400 rentii,
2303 5334 2531 5384 aeternas
2561 5326 2691 5383 vita)
2722 5326 3015 5399 particeps
3044 5324 3197 5381 effici
3221 5329 3531 5381 mereatur.

2146 5416 2444 5489 Scriptum
2469 5432 2573 5489 per
2603 5431 2845 5471 manum
2875 5414 3124 5472 Joannis
3175 5412 3468 5471 scriniarii
3514 5419 3737 5470 sanctae

2077 5507 2351 5563 Romanae
2380 5504 2673 5571 Ecclesiae,
2707 5505 2767 5561 in
2800 5520 3001 5562 mense
3040 5502 3383 5562 Decembrio
3428 5507 3487 5561 et
3521 5503 3735 5564 indict.

2077 5596 2354 5654 secunda.

2147 5694 2170 5740 t
2203 5684 2355 5744 Bene
2384 5683 2570 5744 valete
2600 5687 2625 5740 t
