3912 6370
400 374 518 437 363
1481 367 1959 433 THEODORICI
2002 367 2390 430 METENSIS
2433 366 2789 429 EPISCOPI
3711 374 3846 434 364

686 506 754 562 Et
782 504 877 561 hic
909 508 1054 575 erat,
1086 503 1179 560 hic
1212 503 1436 561 multus
1467 507 1524 560 et
1550 502 1818 569 intimus,
2080 507 2139 571 Α
2386 502 2645 574 Notaque
2677 498 2859 574 culpa:
2892 502 3048 573 quod
3080 508 3301 569 careret

612 595 699 651 Ad
728 611 814 663 os,
846 593 920 649 ad
951 608 1142 662 aures,
1175 610 1275 649 cor
1304 606 1539 665 quoque
1569 590 1831 647 Cmsaris.
2384 590 2546 657 Quod
2577 589 2689 647 sibi
2721 606 2887 663 spem
2917 592 3096 647 venia:
3127 598 3374 665 pararet.

613 682 721 738 Per
749 682 907 738 hunc
937 680 1204 755 placebat
1232 681 1335 754 qui
1365 678 1634 754 placebat
1665 696 1679 736 :
2454 680 2601 735 Nam
2632 684 2826 735 vestra
2855 680 3041 735 sancti
3074 698 3317 753 corpora
3346 688 3657 759 martyres,

614 771 733 827 Hoc
763 770 890 826 sine
919 770 1011 825 vix
1040 769 1257 843 aliquis
1286 769 1539 825 valebat.
2384 768 2687 833 Quaerebat
2716 768 2898 841 hujus
2927 773 3132 827 sancta
3158 771 3265 826 viri
3298 772 3464 842 ﬁdes,

687 860 805 916 Hac
837 860 1282 933 prmminentem
1315 857 1756 931 magniﬁcentia
2387 856 2699 913 Translata
2727 857 3124 931 qualicunque
3153 877 3311 929 cura,

615 949 834 1005 Omnes
864 948 1155 1005 honorant
1187 946 1610 1013 munificentia,
2389 946 2459 1000 Ut
2490 951 2818 1002 reverenter
2849 947 3089 1005 haberet
3119 948 3237 1005 illa.

616 1039 775 1093 Facti
809 1055 912 1111 per
942 1037 1109 1093 illum
1142 1036 1403 1111 gratiosi,
2459 1036 2763 1092 Gaudebat
2787 1036 2897 1091 hoc
2929 1038 3072 1094 urbs
3103 1038 3275 1095 Metis
3306 1041 3601 1115 episcopo,

616 1127 690 1183 Ut
720 1145 830 1184 sua
856 1132 991 1183 vota
1022 1131 1242 1199 queant
1272 1124 1501 1182 mereri.
2388 1125 2601 1180 Fidens
2627 1125 2686 1180 in
2718 1126 2847 1197 ejus
2879 1127 3150 1199 praesidio
3177 1129 3378 1202 duplo,

688 1218 797 1285 Qui
829 1234 944 1273 non
977 1233 1147 1273 avare
1178 1217 1279 1272 sed
1311 1214 1563 1288 cupidus
1596 1214 1687 1287 pie
2388 1213 2614 1270 Pollens
2645 1231 2750 1287 per
2777 1215 2907 1287 ejus
2933 1217 3304 1275 sanctitatem

616 1307 736 1364 Hoc
769 1306 1037 1380 exigebat
1066 1307 1223 1379 quod
1255 1305 1405 1361 foret
1434 1302 1597 1372 utile,
2388 1303 2657 1376 Tutaque
2688 1321 2791 1377 per
2819 1305 3291 1377 generositatem.

1222 1635 1917 1727 EPITAPHIUM
1983 1635 2477 1722 EVRARDI
2551 1635 3026 1726 COMITIS

1652 1823 2022 1889 AUCTORE
2066 1822 2597 1886 THEODERICO.

1198 1988 1317 2069 (Ex
1347 1987 1673 2067 Sigeberto
1704 1987 1768 2047 in
1799 1985 1941 2047 Vita
1969 1983 2211 2046 Theod.
2251 1985 2421 2065 apud
2454 1986 2629 2047 Pertz
2660 1985 2769 2046 ubi
2802 1987 3048 2066 supra.)

480 2284 645 2339 Anno
670 2282 983 2339 Dominica:
1011 2282 1433 2339 incarnationis
1449 2283 1556 2337 978
1577 2282 1929 2339 Deodericus
1959 2283 2068 2338 hu-
2097 2284 2145 2349 B
2247 2282 2363 2337 Hac
2396 2282 2595 2354 requie
2626 2281 2812 2350 laztus,
2849 2281 3116 2354 lucisque
3150 2282 3438 2339 levamine
3470 2283 3681 2350 fretus,

316 2430 329 2437 ,
413 2371 572 2430 milis
602 2371 924 2445 prmsul,ab
956 2372 1102 2444 ipsis
1133 2371 1438 2445 parietinis
1460 2371 1639 2444 hujus
1671 2371 1780 2428 loci
1812 2376 2073 2427 constru-
2324 2371 2615 2427 Evrardus
2646 2375 2900 2440 maneat,
2938 2388 3171 2428 cernere
3204 2388 3317 2445 quo
3347 2369 3538 2427 valeat

410 2467 555 2532 ctor,
586 2462 684 2535 pio
714 2461 910 2519 studio
940 2461 1298 2518 Everardum
1342 2460 1682 2519 fratruelem
1713 2460 1847 2531 sibi,
1879 2462 2069 2534 quoad
2255 2459 2469 2532 Regem
2501 2464 2862 2535 regnantem,
2896 2465 3248 2535 regnantum
3295 2476 3472 2534 regna
3518 2465 3853 2534 regentem,

408 2549 598 2608 vivere
627 2549 833 2607 datum
866 2554 957 2608 est
1003 2549 1245 2608 unicum
1298 2566 1580 2625 amorem,
1613 2549 1950 2610 orthodoxis
1981 2564 2068 2604 re-
2324 2547 2647 2618 Christum,
2679 2566 2853 2623 quem
2881 2549 3080 2618 coluit,
3112 2551 3302 2606 vivere
3334 2549 3477 2607 dum
3512 2551 3737 2624 potuit.

408 2639 607 2713 giique
638 2638 945 2714 sanguinis
976 2639 1321 2713 parentibus
1353 2638 1891 2713 olarum,ipsosque
1915 2654 2071 2712 egre-
2253 2637 2306 2693 Is
2336 2655 2480 2711 puer
2511 2638 2760 2712 insignis
2788 2637 3074 2694 viventem
3109 2639 3246 2693 ﬂore
3278 2638 3556 2694 decennis

407 2727 505 2802 gia
533 2727 729 2784 indole
758 2727 1000 2801 puerilis
1022 2729 1221 2803 gratim
1245 2729 1852 2802 repromittentem,ac
1883 2734 2069 2784 semet
2322 2727 2551 2783 Ornans
2578 2725 2876 2781 mundicia
2902 2741 3147 2797 quaeque
3179 2725 3269 2780 sui
3301 2724 3523 2794 studia,

408 2817 569 2890 genti
592 2818 910 2891 patrizeque
942 2836 1061 2875 sua
1093 2818 1152 2874 in
1175 2836 1341 2892 spem
1374 2819 1691 2875 maximam
1714 2819 1787 2874 ab
1808 2817 1954 2890 ipsis
1974 2833 2070 2871 cu-
2251 2814 2511 2871 Transiit
2542 2831 2572 2869 e
2599 2814 2817 2869 mundo
2849 2812 3211 2884 Septembris
3242 2811 3363 2868 sole
3395 2817 3691 2871 secundo.

409 2905 503 2962 nis
532 2904 691 2961 dulci
720 2907 931 2963 affectu
962 2908 1300 2979 educatum,
1333 2907 1655 2963 immatura
1686 2906 1829 2962 falce
1862 2905 2067 2959 mortis
2322 2903 2526 2958 Lector
2552 2902 2645 2956 dic
2677 2902 2951 2957 tandem:
2989 2901 3132 2958 Pace
3164 2902 3468 2974 quiescat!
3504 2919 3711 2959 amen.

407 2995 647 3050 vixdum
679 2996 997 3051 decennem
1030 2995 1352 3063 abscisum,
1385 2994 1550 3050 luctu
1582 2994 1769 3066 plebis
1800 2996 2065 3064 patrum-

410 3100 522 3154 que
550 3082 867 3138 immodico
914 3083 1157 3137 charum
1207 3083 1425 3155 pignus
1471 3082 1620 3137 silici
1662 3081 1773 3137 sub
1806 3080 2067 3135 humana

410 3174 567 3231 sorte
597 3187 652 3225 iv
683 3171 830 3227 Non.
864 3170 1228 3243 Septembris
1261 3169 1579 3227 mandavit.

2315 3186 2553 3242 auditur
2582 3187 2691 3243 hac
2723 3189 2926 3245 tumba
2956 3188 3180 3260 pridem
3213 3188 3340 3244 sine
3369 3188 3501 3245 felle
3537 3189 3855 3258 columba,

2321 3276 2521 3332 Infans
2552 3277 2864 3346 Evrardus,
2898 3277 3113 3333 nobilis
3144 3283 3319 3350 atque
3344 3277 3500 3351 pius,

2343 3042 2474 3098 Item
2500 3044 2839 3116 epitaphium
2867 3044 3108 3117 ejusdem
3141 3046 3352 3099 comitis
3380 3045 3672 3102 Everardi.

981 3313 1113 3368 Imm
2321 3311 2521 3332 ιιιιαυδ
2552 3311 2864 3346 υνιαιυυῠ,
2898 3311 3113 3333 ιιυυιιιῠ
3144 3311 3319 3350 αιιίιιῠ
3344 3311 3500 3351 Plu",

1480 3356 1492 3368 ’
2247 3364 2543 3438 Sanguine
2572 3366 2867 3440 magnifici
2899 3385 3218 3441 generosus
3247 3368 3548 3423 Deoderici

484 3457 611 3515 Non
645 3460 735 3512 est
762 3456 1090 3528 dampnosa
1118 3469 1275 3511 mors
1298 3454 1470 3527 justi,
1504 3460 1595 3511 set
1624 3456 1906 3529 preciosa,
2321 3454 2612 3525 Praesulis,
2645 3473 2715 3511 ex
2742 3458 2913 3529 cujus
2945 3456 3122 3513 fratre
3154 3457 3264 3512 fuit
3294 3456 3551 3529 genitus.

553 3548 702 3603 Ante
727 3544 829 3602 Dei
861 3544 1066 3601 faciem
1097 3560 1330 3619 semper
1358 3542 1628 3601 habendo
1659 3544 1835 3602 diem.
2247 3542 2516 3601 Crastina
2546 3546 2905 3618 Septembris
2926 3545 3027 3602 lux
3049 3545 3142 3603 his
3159 3546 3269 3601 fuit
3285 3546 3495 3602 ultima
3524 3548 3843 3604 membris.

487 3636 616 3711 Ipse
644 3634 771 3692 dies
800 3633 1033 3709 plenus,
1066 3633 1283 3691 lucenti
1316 3632 1436 3690 sole
1467 3650 1729 3705 serenus,
2101 3646 2147 3714 ο
2321 3634 2547 3693 Christe
2577 3639 2742 3693 tuam
2767 3636 3029 3709 requiem
3062 3637 3138 3692 da
3167 3634 3278 3691 sibi
3311 3639 3483 3708 teque
3513 3631 3675 3693 diem
3703 3637 3718 3692 !

556 3726 658 3783 Est
687 3724 814 3784 sine
842 3728 1011 3782 nocte
1040 3722 1164 3782 dies
1193 3728 1253 3781 et
1282 3722 1407 3781 sine
1437 3724 1551 3782 fine
1579 3724 1767 3797 quies.

1456 4046 2007 4162 lNVENTIO
2072 4043 2774 4164 SANCTOBUM

568 4253 622 4314 A
654 4252 866 4314 domno
902 4250 1252 4314 Theoderico
1280 4254 1547 4335 episcopo
1578 4253 1831 4317 Metensi
1856 4263 2226 4336 repertarum
2254 4263 2432 4335 atque
2458 4252 2541 4317 ad
2565 4253 2865 4315 civitatem
2891 4251 3203 4313 Metensem
3239 4249 3679 4314 translatorum

1359 4414 1567 4494 (Apud
1594 4413 1933 4476 Acherium
1965 4414 2183 4496 Spicil.
2217 4421 2341 4477 vet.
2378 4415 2527 4479 edit.
2563 4421 2716 4477 tom.
2752 4414 2882 4496 IV.)

476 4713 642 4769 Anno
674 4708 1095 4767 Incarnationis
1127 4709 1438 4767 Deminicae
1466 4712 1571 4766 870
1602 4728 1814 4786 magno
1848 4717 1905 4769 et
1934 4711 2055 4787 glo-
2095 4716 2144 4781 D
2178 4712 2440 4771 Palatina
2469 4712 2792 4785 agebantur
2821 4711 3091 4784 negotia;
3117 4710 3175 4766 in
3204 4711 3407 4767 eadem
3439 4710 3641 4769 Italica
3661 4727 3831 4787 expe-

407 4798 732 4855 riosissimo
764 4799 987 4856 Caasare
1032 4800 1295 4871 Augusto
1341 4800 1568 4867 Ottone,
1602 4818 1736 4857 cum
1769 4803 2061 4874 aequivoco
2172 4801 2393 4858 ditione
2426 4798 2875 4867 eonstitutus,in
2895 4799 3345 4871 quatriennium
3369 4800 3488 4856 fere
3519 4800 3825 4869 militavit;

406 4904 513 4943 suo
545 4886 909 4943 admirabilis
942 4887 1156 4943 indolis
1189 4877 1559 4953 adniéeente
1590 4890 1708 4946 ﬁlio
1751 4908 1915 4962 teque
1944 4894 2059 4947 Au-
2171 4891 2313 4946 dum
2346 4889 2540 4951 divino
2571 4888 2858 4961 praecipue
2887 4888 3047 4944 cultu
3081 4888 3334 4957 deditus,
3360 4906 3607 4961 qumque
3628 4892 3702 4946 ad
3728 4892 3829 4948 ho-

406 4980 600 5049 gusto,
633 4976 930 5048 simulque
963 4993 1311 5049 magnarum
1339 4978 1619 5035 virtutum
1653 4981 1902 5053 conjuge
1920 4981 2061 5036 Ade-
2172 4996 2372 5035 norem
2405 4980 2792 5050 decoremque
2841 4995 2942 5032 seu
2994 4977 3428 5033 munimentum
3462 4996 3581 5033 suae
3614 4986 3830 5035 sancta:

404 5064 618 5133 lbeide,
652 5082 770 5137 qua
800 5065 945 5120 nihil
981 5083 1242 5138 unquam
1262 5068 1507 5138 justius,
1533 5070 2061 5142 mansuetius,pru-
2170 5068 2348 5135 sedis,
2381 5067 2651 5124 certatim
2681 5066 3030 5139 exquireret,
3063 5071 3121 5122 et
3151 5066 3465 5122 efficaciter
3515 5070 3670 5124 votis
3701 5071 3830 5141 ejus

404 5154 661 5223 dentius,
697 5172 801 5211 nec
833 5155 1022 5228 magis
1054 5155 1217 5227 pium
1238 5157 1559 5229 quidquam
1584 5160 1771 5230 potuit
1791 5159 2059 5226 esse,[ta-
2170 5162 2383 5212 cuncta
2404 5160 3119 5229 suppeterent,corporum
3144 5160 3483 5211 sanctorum
3509 5158 3830 5212 maximam

401 5241 493 5297 liae
526 5247 757 5316 sceptra
786 5244 881 5317 pio
923 5245 1207 5316 justeque
1265 5245 1665 5301 moderamine
1722 5246 1962 5318 paciﬁce
1994 5263 2060 5303 ac
2169 5246 2399 5318 cepiam
2449 5261 2519 5300 ex
2566 5244 2811 5301 diversis
2862 5243 3037 5299 Italiae
3087 5242 3252 5311 locis,
3287 5244 3485 5299 divina
3534 5262 3597 5301 se
3643 5249 3830 5317 gratia

402 5329 591 5387 solide
611 5348 799 5403 usque
820 5332 880 5387 in
901 5333 1047 5389 fines
1071 5332 1350 5390 Calabriae
1378 5334 1868 5406 gubernantibus,
1893 5335 2058 5390 dom-
2169 5335 2505 5407 adjuvante,
2537 5332 2867 5402 collectam,
2898 5333 3075 5405 digno
3105 5350 3166 5388 se
3198 5332 3358 5388 cultu
3393 5338 3571 5406 atque
3610 5334 3830 5391 honore

402 5435 516 5475 nus
545 5420 891 5477 venerabilis
924 5426 1137 5477 sancta:
1170 5421 1342 5477 Metis
1372 5421 1683 5495 episcopus
1740 5422 2059 5479 Theoderi-
2168 5422 2308 5479 alibi
2341 5424 2713 5497 praestantius
2735 5422 3084 5491 veneranda,
3099 5421 3287 5477 eidem
3312 5440 3429 5478 sum
3464 5428 3685 5479 sanctae
3710 5424 3826 5479 sedi

401 5523 527 5577 cus,
562 5509 673 5581 ipsi
704 5509 1016 5582 magnifico
1046 5509 1382 5581 imperatori
1415 5511 1699 5585 sanguine
1720 5529 1785 5568 ac
1808 5512 1959 5567 mira
1979 5512 2062 5567 di-
2170 5512 2411 5569 Metensi
2446 5511 2714 5568 invehere
2747 5512 2993 5568 studuit.

399 5596 647 5653 lectione
696 5603 871 5671 atque
914 5597 1313 5656 familiaritate
1362 5601 1736 5672 conjunctus,
1770 5602 2058 5673 cujusque
2720 5602 2794 5658 De
2822 5610 3005 5659 sancto
3034 5601 3269 5675 Elpidio.

402 5686 674 5748 consultu
720 5706 823 5761 pro
873 5688 1023 5744 mira
1067 5686 1366 5760 sapientia:
1418 5690 1817 5762 prmrogativa,
1847 5695 2059 5747 cuncta
2238 5691 2457 5749 Horum
2489 5692 2748 5765 primum
2778 5696 3051 5750 sanctum
3079 5696 3138 5749 et
3165 5690 3560 5750 venerabilem
3608 5692 3821 5751 Christi
