3912 6370
139 398 258 457 365

1152 397 1254 459 DE
1298 398 1777 460 INVENTIONE
1822 402 2323 480 SANCTORUM,
2368 407 2537 469 ETC.

3439 417 3558 478 366

141 530 541 584 confessorem
560 529 933 583 ELPIDIUMCX
962 528 1290 584 Marsorum
1312 529 1607 601 provincia
1637 548 1794 586 sum-
1830 532 1886 597 Α
1916 533 2075 588 vium
2108 535 2387 604 Tiberim,
2422 540 2521 610 qui
2553 539 2632 594 ibi
2665 541 2945 596 mediocri
2975 542 3103 598 valo
3134 546 3557 616 praeterfluens,

140 618 279 690 psit,
303 617 660 672 concedente
687 616 939 685 Albrico,
974 617 1161 688 ipsius
1184 618 1410 673 Marsize
1429 619 1796 692 episcopo,ex

139 707 399 778 quadam
430 705 677 761 ecclesia
705 706 831 761 sedi
862 706 1175 779 episcopali
1208 708 1473 779 proxima
1505 725 1517 762 :
1553 726 1681 780 qua:
1712 726 1797 762 se-

137 796 244 852 des
274 812 451 868 super
481 795 676 850 lacum
712 794 999 850 Fucinum
1038 796 1174 859 sita,
1221 796 1362 867 quid
1409 796 1547 852 olim
1600 797 1790 865 fuerit,

139 885 322 940 ruinae
354 884 516 939 urbis
567 889 624 939 et
671 884 1061 956 plurimarum
1114 885 1269 940 circa
1314 885 1694 940 ecclesiarum
1728 903 1794 941 ac

139 973 633 1029 monasteriorum
686 974 1013 1044 frequentia
1046 977 1379 1029 attestatur.
1416 975 1580 1029 Hunc
1626 975 1794 1030 nobis

135 1063 265 1134 ipse
296 1063 605 1136 episcopus
632 1063 942 1135 cmterique
983 1062 1185 1118 incolas
1236 1063 1580 1131 retulerunt,
1612 1065 1792 1119 fuisse
1837 1070 1840 1074 ’

135 1166 207 1207 ex
239 1152 480 1225 collegio
502 1152 895 1224 quorumdam
926 1169 1225 1207 servorum
1260 1152 1496 1224 Dei,qui
1530 1156 1791 1224 tempore

134 1240 468 1313 antiquiore
499 1258 565 1296 ex
598 1240 865 1313 partibus
887 1241 1393 1308 Grieciaemumero
1417 1242 1791 1314 septuaginta

130 1329 195 1385 in
226 1322 493 1385 eamdem
525 1330 851 1386 Marsorum
892 1329 1254 1402 provinciam
1287 1330 1688 1399 adventantes,
1722 1346 1788 1385 ac

132 1418 381 1475 diversis
413 1418 1025 1491 circumquaquelocis
1046 1418 1129 1472 vel
1145 1418 1481 1473 civitatibus
1501 1418 1787 1473 universis

131 1508 497 1563 mirabilium
531 1509 834 1581 signorum
867 1506 1089 1561 lumine
1123 1506 1786 1579 fulgentes,ubicunque

129 1597 193 1650 in
228 1602 434 1652 sancta
462 1596 900 1652 conversatione
931 1596 1066 1649 finis
1096 1595 1224 1649 vitae
1257 1597 1570 1650 advenerat
1608 1613 1783 1650 vene-

122 1686 299 1741 rabili
330 1685 636 1759 sepultura
667 1685 974 1752 reconditi,
1008 1684 1197 1739 multa
1239 1684 1563 1740 vicinorum
1613 1683 1782 1757 longe

117 1774 358 1848 lateque
388 1775 726 1843 reverentia,
742 1791 846 1847 pro
877 1774 1118 1830 assidua
1147 1773 1565 1829 miraculorum
1571 1774 1783 1845 jucun-

118 1863 309 1920 ditate
340 1863 631 1919 coluntur.
667 1863 887 1919 Horum
930 1868 1070 1932 tres,
1124 1880 1375 1935 quorum
1425 1863 1519 1918 hic
1571 1864 1780 1920 tertius

115 1952 255 2019 fuit,
291 1953 349 2007 in
382 1953 587 2008 eodem
619 1951 953 2008 cmmcterio
987 1952 1389 2023 quiescebant,
1432 1952 1581 2007 CALL
1608 1970 1776 2009 sma-

111 2058 241 2110 TUS,
274 2036 623 2109 Eu'rvcm'us,
656 2046 715 2097 et
763 2040 858 2095 hic
889 2041 1187 2096 Emimus.
1224 2040 1397 2095 Porro
1426 2041 1777 2113 Eutychium

114 2130 442 2202 imperator
470 2128 814 2197 sustulerat,
831 2134 887 2184 et
915 2146 987 2184 nc
1020 2129 1209 2201 quain
1229 2130 1566 2201 accipiendo
1581 2134 1779 2201 posset

112 2218 386 2274 adhiberi
421 2217 958 2290 fallacia,sopulcro
989 2217 1507 2290 intacto,satisque
1526 2219 1774 2288 munito,

114 2322 223 2362 nec
257 2323 291 2362 a
321 2306 413 2361 die
448 2306 821 2378 repositionis
853 2304 974 2360 ulla
1003 2305 1337 2361 violationis
1369 2305 1538 2379 signa
1577 2323 1774 2362 mons-

111 2400 327 2463 trante,
362 2396 705 2468 priusquam
737 2396 808 2450 ab
839 2394 1035 2468 aliquo
1066 2395 1449 2451 incolentium
1482 2397 1775 2467 praescire-

112 2489 233 2555 tur,
269 2484 542 2558 episcopo
573 2489 804 2541 tantum
830 2484 1084 2552 Albrico,
1100 2489 1157 2539 et
1178 2485 1383 2556 paucis
1400 2486 1527 2556 ejus
1549 2484 1775 2541 clericis

115 2574 564 2644 assistentibus,
588 2574 892 2646 presbyter
921 2578 1121 2628 noster
1151 2574 1519 2642 Tcudo,cum
1544 2574 1777 2646 presby-

110 2669 241 2720 tero
273 2663 645 2736 imperatoris
676 2663 1241 2731 Heriwardo,arcam
1264 2663 1635 2735 sancti,quod
1659 2663 1773 2718 nisi

112 2751 287 2810 altari
322 2753 577 2824 desuper
603 2752 840 2807 ell‘racto
874 2752 1276 2824 nequiverant,
1303 2752 1605 2824 aperiunt;
1637 2751 1774 2824 ipsi-

112 2860 227 2917 que
250 2860 355 2914 per
369 2858 537 2897 sacra
555 2858 691 2897 ossa
712 2841 845 2895 miri
867 2841 1158 2909 candoris,
1175 2858 1279 2895 nec
1305 2842 1504 2895 minus
1529 2842 1773 2913 flagran-

112 2933 189 2989 tis
237 2930 458 2998 odoris,
510 2930 711 2985 omnia
760 2947 1006 2985 numero
1056 2948 1122 2985 ac
1156 2930 1485 3002 quantitate
1516 2930 1767 3003 integra,

109 3022 431 3094 excipiunt,
467 3019 802 3091 scrinioque
834 3020 1183 3074 recondunt.
1222 3020 1431 3091 (Hujus
1471 3021 1626 3074 diem
1676 3037 1770 3075 xv:

108 3110 508 3167 Kalendarum
538 3109 881 3165 Octobrium
913 3108 1203 3164 celebrem
1236 3108 1570 3180 habemus.)

289 3201 365 3255 De
393 3200 597 3256 sanctis
626 3198 913 3271 Eutychio,
964 3199 1231 3254 Victorino
1259 3206 1310 3253 et
1338 3198 1579 3253 Marone.

1810 1914 1858 1978 B

1907 621 1999 676 sui
2021 623 2228 679 exinde
2261 642 2447 698 usque
2478 629 2548 683 ad
2583 629 2787 685 urbem
2816 630 3061 686 Romam
3094 632 3282 706 pelagi
3311 636 3559 707 profun-

1906 707 2086 763 ditatc
2116 715 2383 784 augetur.
2418 714 2534 770 Hoc
2567 715 2833 787 sepulcro
2864 720 3159 788 quondam
3201 735 3373 792 opere
3404 741 3560 781 mar-

1902 812 2216 871 moreoque
2246 806 2478 869 ornatu,
2520 808 2585 859 ut
2626 805 2809 860 videri
2862 807 3137 876 dabatur,
3169 814 3558 883 exstructum,

1905 887 2005 941 sed
2039 891 2177 943 tunc
2205 894 2494 946 vetustate
2526 892 2874 966 collapsum,
2908 898 3183 970 martyris
3213 901 3431 973 egregii
3460 904 3563 959 As-

1902 974 2209 1046 clepiodoti
2243 981 2508 1036 membra
2530 984 2944 1040 venerabiliter
2988 985 3236 1043 humata
3282 990 3559 1060 tenebat;

1903 1065 2074 1135 cujus
2104 1068 2391 1135 tumbam,
2426 1070 2560 1124 forti
2591 1069 2769 1127 nimis
2794 1089 3079 1129 saxouum
3111 1081 3167 1130 et
3199 1080 3362 1131 terra:
3413 1094 3556 1134 con-

1901 1153 2056 1223 gerie
2088 1154 2413 1223 obclusam,
2443 1159 2585 1213 dum
2618 1176 2753 1214 cum
2785 1177 3001 1235 magna
3031 1164 3267 1220 tandem
3300 1166 3551 1222 difﬁcul-

1899 1244 2018 1296 tate
2076 1244 2337 1313 Theudo,
2402 1247 2697 1315 Bertraus,
2756 1250 3091 1307 Rothardus
3160 1257 3547 1327 penetratum,

1900 1346 2191 1389 marmore
2223 1338 2426 1389 sancto
2463 1336 2689 1409 corpori
2738 1338 3111 1409 proximiore,
3142 1345 3548 1417 mandassent,

1897 1419 2201 1476 inveniunt
2223 1429 2694 1498 monumentum,
2728 1427 2846 1483 imo
2877 1445 3064 1500 usque
3093 1431 3449 1502 profundum
3468 1435 3549 1490 di-

1897 1508 2169 1565 missum.
2203 1514 2273 1566 Et
2302 1530 2405 1585 per
2436 1516 2695 1570 medium
2727 1533 2761 1571 a
2791 1519 2979 1589 capite
3010 1536 3200 1591 usque
3229 1523 3301 1577 ad
3344 1523 3545 1596 pedes,

1895 1600 2148 1668 quodam
2182 1599 2390 1669 limite,
2422 1619 2491 1657 ex
2522 1603 2650 1675 ipso
2679 1606 3028 1661 naturaliter
3055 1612 3377 1681 saxoquasi
3399 1612 3545 1671 divi-

1893 1704 2047 1757 sum,
2074 1689 2227 1760 quod
2251 1693 2447 1746 tamen
2475 1691 2812 1765 diligentias
2834 1694 3390 1768 inspectum,unum
3414 1718 3546 1758 con-

1890 1775 2201 1850 tinumque
2228 1780 2556 1835 constabat.
2591 1781 2751 1837 Beati
2789 1800 2920 1839 vere
2965 1787 3227 1858 corporis
3279 1789 3541 1848 medium

1889 1862 2048 1933 hinc,
2101 1867 2362 1923 medium
2412 1867 2594 1938 illinc,
2646 1872 2929 1927 membris
2960 1872 3539 1936 altrinsecus'unum

1890 1958 2091 2010 contra
2121 1954 2372 2011 alterum
2406 1958 2709 2030 appositis,
2742 1966 2980 2034 exaepto
3010 1965 3199 2036 capite
3229 1966 3352 2022 solo
3382 1970 3539 2040 quod

1886 2041 1945 2096 in
1979 2060 2158 2099 unam
2198 2044 2488 2118 integram
2539 2051 2763 2118 partem
2802 2050 3038 2120 jacebat
3085 2052 3538 2126 diligentissime

1887 2130 2388 2189 collocatum.Hoc
2421 2135 2670 2191 aedituus
2700 2141 2756 2191 et
2776 2136 2986 2209 reliqui
3015 2139 3306 2212 dixerunt,
3321 2143 3537 2203 indicio

1884 2219 2137 2276 voluisse
2168 2222 2579 2294 antiquitatem
2612 2224 3027 2298 signare,quod
3059 2233 3116 2283 et
3145 2230 3258 2302 ipsi
3288 2249 3420 2289 vere
3450 2252 3537 2291 as-

1885 2309 2218 2377 servabant,
2251 2312 2522 2366 eumdem
2555 2317 2871 2386 martyrem
2903 2317 3123 2371 crudeli
3156 2335 3365 2392 genere
3395 2339 3534 2394 pas-

1885 2396 2087 2465 sionis,
2121 2399 2312 2454 medio
2341 2418 2579 2473 corpore
2609 2402 2803 2457 vivum
2836 2409 3153 2476 exsectum,
3187 2409 3359 2482 eique
3388 2416 3532 2469 atte-

1884 2487 2107 2541 standa:
2138 2488 2217 2543 ita
2244 2489 2304 2543 in
2344 2494 2725 2547 monumento
2774 2491 3009 2550 dividuo
3054 2497 3334 2567 positum.
3366 2499 3534 2558 Hunc

1884 2576 2103 2646 pariter
2130 2576 2327 2649 digno,
2362 2582 2426 2633 ut
2455 2596 2562 2651 par
2593 2580 2801 2649 fuerat,
2834 2581 3055 2638 honore
3104 2585 3406 2644 sublatum
3454 2608 3533 2646 vn

1882 2663 2010 2720 Kal.
2043 2665 2313 2721 Octobris
2358 2668 2710 2724 venerabilis
2749 2670 3008 2741 pontifex
3052 2676 3331 2747 suscepit.
3364 2677 3532 2734 Diem

1883 2753 2097 2809 natalis
2121 2755 2249 2825 ejus
2266 2755 2339 2809 ab
2356 2755 2565 2811 incolis
2594 2775 2648 2812 1x
2670 2757 2795 2813 Kal.
2820 2759 3161 2817 Novembris
3190 2763 3529 2823 didicimus.

1882 2841 2028 2896 Nam
2060 2847 2225 2915 gesta
2252 2844 2381 2915 ejus
2422 2845 2664 2901 minime
2711 2847 2783 2902 ab
2832 2848 3105 2921 episcopo
3153 2852 3227 2906 de
3273 2852 3424 2923 Cisa,
3457 2856 3530 2910 ad

1882 2946 2054 3000 quem
2088 2928 2250 2986 locus
2282 2932 2629 3003 pertinebat,
2662 2933 2960 3006 quivimus
2990 2943 3350 3011 extorquere.

1996 3019 2070 3073 De
2097 3028 2283 3075 sancta
2311 3020 2514 3076 Serene
2541 3030 2593 3078 et
2619 3031 2803 3079 sancto
2836 3024 3088 3097 Gregorio
3117 3028 3411 3101 Spoletina.

1953 3108 2338 3164 Sanctissima
2365 3110 2527 3183 virgo
2560 3111 2786 3167 Senem
2816 3116 2971 3185 apud
3003 3116 3307 3188 Spoletum
3330 3119 3390 3176 in
3413 3137 3533 3177 mo-

1880 3195 2133 3251 naslerio
2165 3198 2351 3252 sancti
2385 3199 2659 3271 martyris
2690 3201 2905 3271 Savini,
2940 3203 3080 3259 foris
3112 3223 3314 3263 muros
3341 3210 3527 3281 urbis,

175 3288 436 3345 Veniens
467 3286 729 3359 proxime
759 3286 974 3343 abhinc
1008 3287 1067 3340 in
1119 3287 1475 3341 territorium
1508 3287 1763 3341 Amiter-
1796 3283 1839 3349 C
1882 3285 1975 3338 ubi
2010 3290 2069 3339 et
2099 3285 2370 3357 pluribus
2401 3288 2702 3345 miraculis
2731 3292 3529 3367 coruscabat,quieverat.Ad

109 3378 256 3434 nias:
288 3377 476 3445 urbis,
501 3393 629 3448 qua)
659 3379 716 3431 et
750 3375 880 3448 ipsa
909 3375 1112 3429 ruinas
1145 3380 1377 3431 tantum
1411 3376 1765 3443 ostendit,ab

104 3468 313 3525 eodem
340 3465 572 3521 Albrico
595 3465 866 3538 episcopo
898 3465 969 3520 de
989 3464 1367 3533 monasterio,
1385 3482 1505 3519 sum
1528 3463 1767 3520 ditionis

110 3556 305 3615 Reate:
344 3556 632 3627 subjecto,
682 3553 1182 3627 pretiosissimum
1234 3558 1553 3626 martyrem
1582 3554 1765 3609 EUTY-

109 3662 298 3704 (ξηιοΜ
329 3644 570 3717 accepit,
586 3644 756 3716 cujus
786 3643 940 3699 beati
964 3642 1105 3698 socii
1136 3642 1440 3698 VICTORINI
1463 3643 1589 3713 jam
1614 3658 1767 3698 anno

110 3733 412 3809 superiore
461 3731 738 3805 reliquias
788 3736 1032 3798 emerat,
1079 3730 1377 3803 simulque
1433 3734 1492 3786 et
1538 3734 1766 3802 partem

110 3824 299 3880 sancti
330 3822 601 3879 Maaoms
632 3821 850 3895 pariter
887 3821 1068 3893 passi,
1104 3836 1357 3892 quorum
1387 3824 1444 3875 et
1476 3817 1602 3875 loca
1632 3835 1764 3890 pas-

112 3912 293 3969 sionis
319 3910 681 3982 aspeximus,
709 3914 766 3966 et
798 3909 958 3981 ipsas
989 3924 1174 3978 aquas
1204 3908 1420 3964 Cotilas
1452 3907 1529 3980 (id
1559 3907 1767 3975 est,C.u-

113 4001 316 4072 tilias),
350 3999 505 4057 foado
536 3999 711 4055 odore
743 3997 1132 4071 spirantes,in
1164 3997 1381 4069 quibus
1402 3996 1767 4068 versocapite

111 4106 434 4164 suspensus
457 4089 646 4147 fuerat
665 4092 906 4162 martyr.
923 4088 1261 4144 Passionem
1285 4085 1537 4158 denique
1563 4103 1765 4141 eorum

109 4180 327 4253 scripta
358 4179 613 4235 retinent
640 4181 980 4233 sanctorum
1012 4176 1177 4232 Nerei
1212 4179 1269 4231 et
1290 4174 1533 4230 Achillei
1560 4192 1573 4230 :
1608 4175 1766 4232 hunc

109 4271 229 4342 ipse
257 4267 612 4327 venerabilis
644 4269 898 4323 domnus
929 4266 1326 4322 Theodericus
1358 4265 1576 4321 ibidem
1617 4265 1763 4321 assi-

109 4364 284 4431 stens,
320 4377 391 4416 ex
420 4358 550 4431 ipsa
580 4374 714 4413 arca
745 4373 1038 4412 marmore
1089 4354 1313 4410 fortiter
1336 4354 1586 4424 munita,
1616 4354 1766 4411 mira

111 4465 239 4505 cum
270 4447 661 4506 exsultatione
692 4463 757 4502 ac
795 4445 1164 4502 veneratione
1210 4444 1437 4516 excepit
1482 4461 1583 4500 vm
1635 4443 1761 4501 Kal.

111 4537 396 4594 Octobris.
432 4536 548 4592 Hos
588 4536 737 4591 duos
782 4533 1149 4590 Adhelardus
1202 4532 1361 4588 filius
1410 4532 1649 4590 Gerardi
1703 4533 1762 4589 in

112 4628 358 4698 patriam
390 4625 728 4698 asportavit.

320 4716 395 4772 De
422 4723 605 4771 sancto
632 4715 907 4771 Feliciano
936 4715 1183 4786 episcopo
1211 4721 1263 4769 et
1284 4720 1546 4785 martyre.

183 4803 465 4873 Fulinias,
499 4808 759 4859 castrum
792 4820 909 4859 non
942 4802 1143 4875 procul
1177 4820 1211 4857 a
1240 4802 1766 4875 Spoleto,FELIcrA-

114 4891 1473 4967 NUsmagnoundecunqueconcursuhominum
1488 4891 1764 4946 afﬂuente

114 4998 345 5055 corpore
377 4999 543 5038 sacro
572 4982 893 5048 tutabatur,
930 4996 1065 5035 eum
1098 4980 1451 5036 Benedictus
1496 4980 1761 5050 ejusdem

115 5071 462 5128 Fuliniensis
474 5071 650 5127 castri
666 5069 1125 5142 episeopus,mul
1137 5074 1189 5123 to
1205 5086 1340 5123 cum
1361 5069 1498 5123 fletu
1515 5068 1766 5141 largitur

114 5175 212 5230 per
242 5162 545 5217 Bertraum
577 5160 889 5216 diaconum
921 5163 979 5214 et
1017 5158 1429 5213 Heriwardum
1462 5159 1761 5229 presbyte-

114 5265 238 5305 rum
270 5267 327 5308 ιν
359 5252 554 5307 Nonas
586 5250 875 5318 Octobris,
910 5265 977 5303 ex
1008 5248 1216 5303 intimo
1250 5248 1376 5319 ipso
1425 5251 1594 5302 antro
1637 5264 1767 5301 sus-

115 5337 354 5395 tollitur.
391 5340 591 5396 Passio
623 5340 750 5412 ejus
782 5338 1076 5409 descripta
1101 5341 1211 5393 est.

448 5429 523 5484 De
550 5435 736 5484 saneto
766 5425 1131 5498 Asclepiodoto
1160 5433 1425 5497 martyre.

185 5516 245 5571 In
276 5517 431 5573 saltu
465 5519 567 5590 qui
599 5516 777 5573 Collis
828 5516 1063 5584 dicitur,
1099 5515 1199 5587 qui
1240 5513 1488 5569 Perusia:
1539 5514 1769 5585 adjacet

123 5601 357 5675 civitati,
381 5605 484 5660 ubi
516 5609 656 5661 tunc
686 5605 1008 5677 imperator
1036 5600 1364 5659 autumnali
1393 5602 1770 5657 exercebatur

124 5699 349 5767 venatu,
365 5695 792 5754 monasterium
810 5696 935 5753 erat
965 5691 1449 5769 antiquissimum
1471 5707 1650 5766 super
1666 5691 1770 5750 flu-

1796 4653 1844 4717 D

1877 3389 2055 3444 quam
2090 3392 2233 3445 pene
2263 3375 2523 3446 quotidie
2564 3394 2816 3450 magnus
2865 3382 3218 3453 populorum
3260 3386 3531 3445 veniebat

1878 3477 2221 3531 concursus,
2273 3463 2356 3519 ita
2406 3469 2471 3519 ut
2513 3471 2713 3523 noctes
2752 3484 2986 3540 quoque
3016 3474 3324 3545 previgiles
3353 3477 3530 3533 turba

1878 3567 2013 3605 cum
2042 3550 2300 3607 lucernis
2332 3553 2676 3625 casterisque
2721 3555 2981 3613 donariis
3029 3558 3109 3614 ibi
3159 3568 3524 3635 peragerent.

1878 3639 2038 3694 Hanc
2069 3656 2300 3711 quoque
2329 3656 2465 3697 cum
2514 3641 2762 3715 integris
2809 3647 2929 3699 toto
2979 3662 3220 3720 corpore
3267 3651 3525 3724 ossibus,

1878 3727 2059 3784 misso
2079 3727 2220 3784 illuc
2242 3729 2536 3789 Rothardo
2558 3730 2801 3788 diacono
2822 3749 2957 3792 cum
2975 3734 3106 3792 aliis
3128 3737 3240 3794 sibi
3254 3739 3530 3799 fidelibus

1875 3817 2034 3885 viris,
2069 3817 2418 3874 venerabilis
2451 3818 2711 3890 pontifex
2738 3826 2897 3877 esset
2924 3822 3213 3897 adeptus;
3246 3827 3531 3903 reliquias

1877 3922 2107 3979 quoque
2137 3906 2292 3962 beati
2323 3908 2599 3981 martyris
2639 3909 2923 3968 Gnaoonn
2975 3913 3261 3986 Spoletini
3311 3918 3531 3979 ibidem

1876 3994 2149 4062 obtinuit,
2198 3996 2369 4067 cujus
2419 3996 2614 4067 passio
2664 3998 2884 4071 scripta
2933 4006 3045 4057 est.
3079 4002 3268 4061 Beataa
3307 4006 3534 4065 Serene:

1877 4088 2084 4155 praeter
2113 4083 2269 4155 quod
2299 4083 2359 4140 in
2392 4085 2667 4157 passione
2698 4087 2885 4143 sancti
2933 4089 3130 4147 Savini
3178 4095 3527 4168 reperimus,

1875 4188 2002 4228 eam
2033 4170 2230 4244 ipsum
2262 4173 2498 4229 beatum
2530 4180 2849 4249 martyrem
2879 4178 3382 4251 tumulasse,nihil
3398 4184 3532 4258 plus

1874 4266 2175 4333 gestorum
2222 4262 2556 4335 perquirere
2604 4265 2910 4336 potuimus
2944 4284 2957 4322 :
3007 4284 3137 4341 quae
3175 4273 3374 4328 tamen
3405 4275 3529 4329 tam

1876 4350 2134 4407 assiduis
2167 4368 2228 4406 se
2258 4351 2543 4407 virtutum
2567 4354 2939 4409 commendat
2959 4355 3530 4429 insignibus,utviva

1875 4439 2086 4495 harum
2117 4440 2366 4495 lectione
2395 4439 2582 4496 oculis
2612 4441 2841 4512 objecta
2868 4447 3168 4514 gestorum
3201 4447 3522 4504 attestatio-

1874 4545 1967 4596 ne,
2003 4529 2144 4600 quid
2176 4529 2353 4584 fuerit
2384 4529 2445 4584 in
2474 4528 2595 4585 vita
2624 4546 2741 4586 non
2772 4536 2960 4603 egeat.
2993 4532 3129 4589 Dies
3175 4534 3304 4605 ejus
3342 4553 3379 4591 x
3407 4540 3521 4593 Ka-

1873 4616 2180 4673 lendarum
2212 4616 2644 4687 Decembrium,
2660 4618 2864 4675 eodem
2886 4635 3001 4691 quo
3033 4624 3091 4676 et
3122 4622 3309 4678 sancti
3323 4622 3520 4681 Savini

1873 4706 2168 4779 martyris,
2203 4703 2548 4762 celebratur.

2281 4796 2356 4851 De
2384 4803 2571 4851 catena
2597 4796 2654 4851 S.
2688 4797 2839 4853 Petri
2864 4799 3114 4869 apostoli.

1948 4888 2105 4941 Inter
2135 4886 2254 4940 hmc
2288 4885 2533 4940 Romam
2566 4886 2748 4941 misso
2787 4886 3063 4957 praedicto
3113 4888 3358 4953 diacono
3408 4892 3526 4948 Ro-

1876 4975 2107 5040 thardo,
2138 4976 2291 5029 dono
2321 4973 2520 5028 domni
2556 4991 2718 5047 papze
2748 4975 3016 5045 Joannis,
3051 4979 3153 5049 qui
3185 4981 3396 5036 tertius
3427 4982 3527 5038 de-

1875 5063 2064 5119 cimus
2096 5064 2153 5118 in
2186 5081 2252 5119 eo
2282 5063 2518 5118 nomine
2549 5068 2691 5131 erat,
2709 5069 2935 5135 partem
2969 5084 3083 5122 non
3117 5069 3410 5126 modicam
3435 5088 3529 5128 ca-

1872 5159 2018 5209 tenze
2040 5153 2192 5208 beati
2226 5152 2374 5206 Petri
2409 5151 2468 5206 in
2501 5151 2745 5208 basilica
2778 5170 2903 5225 qua:
2922 5155 3140 5212 dicitur
3155 5158 3227 5214 ad
3259 5157 3529 5228 Vincula,

1879 5244 2144 5299 eamdem
2179 5241 2502 5313 portionem
2536 5247 2864 5313 exsecante,
2892 5246 3220 5317 promeruit
3252 5263 3266 5301 ε
3299 5265 3435 5304 cum
3466 5265 3536 5305 ea

1878 5350 2111 5405 quoque
2162 5330 2530 5403 privilegium
2583 5333 2923 5388 monasterii
2985 5336 3173 5392 sancti
3219 5336 3532 5405 Vincentii,

1879 5438 2014 5476 cum
2066 5417 2383 5475 dalmatica
2432 5423 2490 5473 et
2542 5418 2827 5475 sandaliis
2877 5422 3073 5479 abbati
3125 5426 3391 5497 ejusdem
3423 5423 3536 5482 loci

1879 5511 2197 5585 apostolica
2262 5509 2647 5582 praerogativa
2694 5512 3014 5583 concessis,
3064 5515 3222 5570 idem
3279 5515 3535 5571 domnus

1877 5618 2030 5673 papa
2060 5600 2289 5656 direxit.
2326 5600 2456 5655 Haec
2487 5601 2687 5655 omnia
2713 5602 3060 5662 Adelbertus
3112 5603 3360 5663 clericus
3397 5618 3534 5661 cum

1880 5692 2111 5750 Conone
2137 5689 2367 5763 comite,
2402 5688 2725 5748 transtulit.
