3912 6382
718 393 1194 458 THEODOBICI
1238 393 1623 457 METENSIS
1666 393 2019 455 EPISCOPI
2063 393 2164 453 ΒΕ
2209 391 2688 453 lNVENTlONE
2733 391 3236 463 SANCTORUM,
3281 391 3452 452 ETC.
3689 385 3852 450 368

2064 523 2121 590 Α
2148 528 2528 592 verteremur,
2561 525 2619 578 in
2648 523 2861 580 vicinio
2898 523 3088 580 Hortrc
3135 522 3386 580 civitatis
3432 526 3522 579 est
3571 526 3840 579 actum.

2531 613 2608 669 De
2633 614 2835 671 sanctis
2864 614 3038 686 Digna
3067 621 3118 669 et
3141 614 3398 668 Emerita.

2211 700 2323 757 Sed
2357 701 2552 757 Romae
2583 705 2724 758 tunc
2753 703 2924 758 nobis
2956 702 3574 771 constitutis,munerc
3595 703 3843 758 domui

2144 806 2304 862 papae
2329 790 2594 859 Joannis,
2629 791 2874 864 pignora
2905 795 3240 846 sanctarum
3272 791 3474 846 Drama
3501 798 3560 847 et
3581 794 3840 847 EMEPJ-

2138 896 2244 948 TE,
2274 896 2525 952 quarum
2558 897 2798 952 corpora
2829 879 2887 935 in
2920 880 3142 952 porticu
3175 879 3430 935 ecclesia:
3462 881 3620 936 beati
3660 880 3844 936 Mar-

2141 966 2270 1023 celli
2303 970 2576 1041 martyris
2607 975 2746 1024 sunt
2776 971 3090 1037 recondita,
3117 987 3244 1042 quae
3275 975 3363 1025 est
3395 976 3528 1026 ante
3559 979 3833 1026 sanctos

2143 1057 2464 1130 apostolos;
2490 1058 2666 1112 simul
2699 1064 2758 1114 et
2787 1057 2932 1114 alias
2964 1058 3308 1130 singillatim
3343 1061 3830 1132 repositas,cum

379 393 495 456 367

805 526 880 584 De
908 534 1092 582 sancto
1115 525 1388 583 Vincentio
1419 527 1599 582 levita.

451 615 696 672 Beatum
718 619 1036 689 martyrem
1053 631 1270 688 magno
1279 633 1337 671 m
1349 619 1406 671 et
1417 615 1651 671 lcvitam
1663 613 1938 668 VINCENTI
1947 627 2031 668 tm

377 705 442 760 in
486 703 718 760 civitate
769 705 1025 776 quadam
1073 705 1508 776 antiquissima,
1543 721 1670 776 qum
1718 703 1792 758 ad
1841 701 2032 756 solum

377 792 717 864 usquojam
749 791 926 868 longo
976 798 1238 866 tempore
1293 793 1490 848 diruta
1536 793 1744 859 fuerat,
1797 791 2032 845 nomine

377 881 815 955 Corduno,quze
849 884 919 938 ab
950 885 1174 940 Arretio
1205 901 1282 938 xu
1316 883 1580 938 millibus
1611 883 1893 948 distat,ex
1920 899 2034 934 mo-

378 971 640 1027 nasterio
671 972 938 1044 proximo
971 973 1116 1028 satis
1147 971 1392 1044 pulchro
1422 970 1815 1043 ornatu,quod
1851 971 2036 1024 multa

377 1059 582 1117 itidem
619 1061 951 1134 frequentia
979 1063 1385 1118 venerabatur.
1419 1062 1696 1117 Bertraus
1727 1061 2029 1123 diaconus,

377 1149 694 1206 comitante
722 1167 922 1206 secum
957 1151 1214 1222 quodam
1249 1150 1459 1206 clerico
1491 1149 1746 1222 episcepi
1777 1147 2032 1202 Arretini

377 1237 451 1308 (ei
508 1253 720 1294 nomen
771 1238 1112 1308 Crisulfus),
1175 1238 1367 1294 indice
1425 1237 1556 1306 loci,
1618 1253 1752 1293 cum
1820 1253 2034 1308 magna

375 1325 516 1383 licet
543 1327 1054 1398 difficultate,vit:e
1085 1344 1319 1400 quoque
1347 1344 1463 1382 non
1498 1327 1742 1381 minimo
1775 1322 2032 1397 periculo

377 1413 638 1471 sustulit.
675 1415 841 1472 Hunc
875 1433 942 1471 ex
974 1415 1340 1488 Hispaniain
1380 1414 1608 1470 Italiam
1657 1416 2032 1486 deportatum

378 1504 627 1560 firmiter
671 1511 1075 1561 asseruerunt.
1108 1505 1289 1578 Cujus
1339 1506 1578 1560 modum
1630 1500 2032 1559 translationis

378 1596 581 1664 postea
611 1593 826 1650 domno
860 1593 1106 1667 prmsule
1139 1595 1531 1650 Beneventum
1571 1592 1856 1660 veniente,
1890 1591 2029 1645 dum

377 1681 556 1738 nurui
615 1681 1006 1755 imperatorice
1079 1699 1115 1740 a
1190 1682 1410 1740 Graecia
1480 1681 1734 1737 venienti
1801 1679 2032 1736 obviam

379 1770 600 1827 missus
631 1777 803 1834 esset,
833 1771 1062 1846 plenius
1093 1771 1474 1844 cognovimus
1510 1788 1521 1826 :
1549 1772 1720 1844 juxta
1749 1769 2028 1842 Capuam,

380 1858 673 1930 siquidem
707 1861 1131 1917 monasterium
1156 1862 1282 1934 jam
1316 1878 1461 1934 pene
1493 1859 1774 1928 dirutum,
1797 1858 2033 1913 nomine

379 1947 568 2005 sancti
597 1946 890 2005 Vincentii
923 1949 1270 2022 reperimus,
1306 1951 1461 2023 quod
1509 1947 1716 2022 grandi
1768 1952 1824 2004 et
1883 1947 2030 2001 miro

379 2051 552 2108 opere
581 2038 880 2108 quondam
916 2055 949 2094 a
979 2037 1171 2094 tribus
1201 2039 1482 2094 fratribus
1512 2037 1809 2094 nobilibus
1858 2053 2030 2090 cons-

378 2127 662 2193 tructum,
725 2127 984 2182 veterani
1041 2127 1140 2199 qui
1199 2126 1277 2182 ibi
1336 2131 1478 2182 tunc
1536 2125 1706 2198 pauci
1759 2124 2028 2180 monachi

376 2213 735 2281 visebantur,
789 2215 1082 2270 dixerunt.
1127 2215 1198 2272 Et
1249 2232 1460 2287 corpus
1509 2213 1696 2270 sancti
1740 2213 2030 2268 Vincentii

379 2304 585 2374 postea
614 2317 649 2358 a
679 2301 910 2359 duobus
927 2304 1234 2359 monachis
1266 2321 1333 2360 ex
1349 2303 1631 2374 Hispania
1655 2303 1736 2358 ibi
1768 2301 1918 2358 clam
1939 2302 2033 2356 de-

280 2387 291 2402 '
378 2393 882 2463 portatum,atque
895 2391 1100 2448 multis
1115 2391 1388 2465 deinceps
1398 2393 1763 2466 temporibus
1777 2392 2034 2447 maxima

379 2479 754 2536 veneratione
783 2480 1075 2550 habitum,
1108 2481 1290 2538 donec
1334 2499 1368 2537 a
1397 2481 1642 2555 paganis
1671 2481 1875 2537 eodem
1906 2496 2030 2536 mo-

380 2569 636 2626 nasterio
667 2572 910 2639 vastato,
946 2587 1157 2642 corpus
1189 2576 1461 2626 sanctum
1495 2570 1631 2625 inde
1663 2569 2031 2626 sublatnmet

379 2657 452 2714 ad
483 2657 823 2730 praedictam
855 2659 1291 2714 Cordunensem
1324 2658 1614 2713 civitatem
1655 2662 1811 2714 esset
1841 2662 2030 2714 trans-

375 2745 584 2804 latum.
618 2748 783 2804 Tunc
815 2747 992 2803 etiam
1021 2748 1332 2821 episcopus
1360 2747 1663 2803 Arretinus
1695 2764 1810 2801 non
1844 2747 2030 2802 modi-

377 2852 506 2892 cam
531 2837 860 2909 portioncm
891 2837 1200 2910 sanguinis
1228 2837 1553 2893 beatissimi
1584 2835 2031 2909 protomartyris

379 2925 668 2982 STEPHANI
700 2925 761 2980 in
790 2930 918 2981 vate
947 2925 1305 2998 crystallino,
1331 2925 1550 2998 optimc
1582 2943 1724 2980 auro
1751 2924 2028 2998 gemmis-

377 3029 492 3085 que
520 3015 867 3087 composito,
902 3018 960 3068 et
992 3015 1063 3069 de
1092 3016 1379 3086 sanguine
1408 3015 1793 3069 Innocentum
1821 3013 1878 3067 in
1916 3013 2030 3068 alia

375 3101 590 3174 pixide,
605 3106 662 3158 et
691 3103 762 3158 de
793 3101 1022 3175 capillis
1045 3105 1230 3159 sancti
1264 3101 1762 3172 Petri,breviculis
1793 3119 1896 3174 per
1916 3103 2032 3157 sin-

375 3189 516 3262 gula
542 3190 848 3262 appositis,
882 3191 1151 3262 quamvis
1183 3192 1420 3260 invitus,
1451 3196 1511 3246 et
1537 3208 1773 3247 summo
1817 3191 1878 3246 in
1909 3191 2028 3246 dis-

2142 1147 2394 1219 propriis
2463 1148 2967 1214 adnotationibus,
3023 1148 3386 1204 diversorum
3447 1155 3825 1206 sanctorum

2143 1234 2420 1306 reliquias
2469 1236 2708 1308 accepit,
2765 1237 2822 1290 in
2875 1236 3094 1308 quibus
3125 1239 3182 1290 et
3226 1236 3557 1291 sandalium
3601 1239 3822 1292 sancti

2142 1323 2422 1396 Stephani
2459 1341 2472 1379 :
2507 1325 2627 1378 hinc
2660 1324 2859 1380 omnia
2889 1342 2992 1396 per
3025 1324 3379 1380 \Villardum
3430 1325 3822 1382 monachum

2143 1412 2329 1468 Mauri
2358 1415 2697 1468 monasterii
2730 1413 2914 1470 missa
2944 1416 3102 1469 sunt.

2531 1503 2607 1559 De
2627 1510 2809 1560 sancto
2841 1504 3115 1560 Vincentio
3133 1505 3396 1576 episcopo.

2211 1589 2472 1646 Alterum
2504 1596 2774 1648 sanctum
2807 1591 3178 1648 Vincentium
3211 1593 3551 1665 episcopum
3585 1611 3661 1650 ex
3689 1611 3820 1651 mo-

2143 1681 2396 1735 nasterio
2441 1682 2695 1753 quodam
2745 1682 2804 1736 in
2855 1681 3118 1738 comitati
3168 1682 3394 1748 Urbini,
3429 1700 3462 1740 a
3511 1684 3815 1741 Ravenna

2144 1767 2417 1824 milliario
2442 1769 2558 1826 fere
2589 1788 2627 1838 1,
2655 1771 2826 1842 juxta
2855 1770 3083 1826 Petram
3118 1771 3442 1844 Pertusam,
3477 1773 3550 1828 ab
3582 1773 3819 1829 abbate

2143 1857 2319 1912 rebus
2351 1859 2695 1914 necessariis
2719 1859 2897 1914 nimis
2919 1859 3292 1932 attrito,qnia
3323 1860 3482 1916 aliud
3515 1863 3682 1934 quod
3711 1864 3816 1919 da-

2144 1952 2228 2003 ret
2257 1965 2360 2020 pro
2387 1948 2732 2004 relevatione
2763 1947 2873 2004 loci
2895 1966 3010 2003 non
3041 1949 3581 2024 habueratpartem
3603 1951 3812 2024 primo

2142 2036 2439 2103 offerente,
2469 2037 2566 2091 sed
2613 2037 2848 2094 Bcrtrao
2885 2037 3026 2093 illuc
3077 2037 3280 2106 misso,
3315 2027 3623 2112 multaque
3677 2047 3810 2097 arte

2141 2130 2377 2180 strenue
2425 2129 2652 2199 agente,
2706 2127 2768 2196 (f.
2820 2126 2965 2182 deest
3012 2129 3221 2198 totum)
3271 2128 3550 2202 percepit.
3602 2130 3809 2203 Hujus

2141 2214 2474 2288 passionem
2507 2215 2947 2288 descripsimus.
2984 2216 3085 2272 Hic
3117 2233 3220 2290 per
3250 2217 3576 2275 Immonem
3612 2221 3811 2276 comi-

2141 2308 2258 2359 tem
2293 2303 2513 2359 missus
2545 2308 2652 2359 est.

2441 2392 2516 2447 De
2543 2393 2746 2448 sanctis
2775 2392 3063 2449 Vincentio
3091 2400 3144 2450 et
3173 2392 3486 2465 Carpoforo.

2211 2478 2427 2564 Civitas
2455 2477 2762 2535 Vincentia
2777 2484 2866 2536 est
2882 2497 2998 2536 non
3016 2480 3188 2554 longe
3202 2498 3236 2536 a
3251 2481 3590 2550 Venetia,ad
3618 2501 3810 2558 quam

2142 2566 2280 2621 olim
2311 2567 2702 2640 Longobardi,
2735 2567 2876 2624 dum
2911 2568 3140 2625 Italiam
3173 2569 3810 2643 invaderent,primam

2142 2655 2376 2711 urbium
2409 2655 2640 2710 venisse
2669 2655 3064 2713 dicuntur.'ln
3114 2675 3183 2714 ea
3229 2663 3452 2731 martyr
3503 2660 3708 2717 Laom-
3733 2680 3811 2718 vs

2140 2743 2498 2800 monasterio
2543 2745 2756 2800 celebri
2802 2747 3208 2802 venerabatur.
3245 2747 3432 2818 Hujus
3479 2748 3812 2824 episcopus

2139 2833 2250 2888 loci
2283 2833 2562 2904 reliquias
2594 2837 2793 2888 nostro
2823 2834 3294 2890 reverentissimo
3323 2834 3585 2906 przesuli,
3607 2837 3662 2892 si
3699 2855 3809 2910 pro

2139 2940 2318 2978 causa
2348 2941 2457 2978 sua
2485 2921 2918 2993 imperatoriam
2942 2923 3374 2996 interpellassct
3400 2925 3809 2996 majestatem.

2140 3010 2634 3084 repromisit.l\-lox
2664 3011 2846 3067 misso
2877 3011 3017 3067 illuc
3049 3011 3344 3066 Rothardo
3371 3011 3807 3080 diacono,cum

2138 3101 2446 3173 episcopus
2479 3099 2728 3155 nimium
2761 3118 2822 3156 sc
2854 3100 3085 3157 fecisset
3111 3101 3411 3156 difficilem
3462 3101 3524 3156 in
3573 3103 3805 3170 dando,

2139 3195 2347 3264 praeter
2374 3191 2527 3261 quod
2561 3189 2843 3244 duntaxat
2865 3189 3480 3262 promiserat,tandem
3511 3192 3811 3248 continua

375 3277 621 3335 crimine
652 3279 806 3352 apud
837 3281 1250 3352 imperatorem
1284 3281 1374 3336 sui
1427 3297 1740 3352 rerumque
1784 3297 2026 3336 suarum
2063 3285 2105 3352 α
2135 3279 2416 3352 exigentis
2447 3277 2635 3333 victus
2655 3277 3183 3351 instantia,praeter
3202 3296 3390 3350 pauca
3409 3277 3522 3334 sibi
3547 3279 3811 3353 pignora

373 3368 604 3442 positus
636 3368 814 3426 dedit.
849 3369 918 3426 Et
958 3369 1098 3443 quia
1145 3369 1561 3442 redemptionis
1613 3387 1732 3426 suae
1781 3369 2028 3426 facultas

374 3475 510 3516 cum
541 3458 939 3534 angustiabat,
973 3464 1340 3533 peccatorem
1373 3459 1464 3515 sui
1499 3465 1766 3516 nostrum
1788 3476 2026 3516 venera-

375 3547 554 3605 bilem
587 3547 896 3622 prsesulem
926 3565 1032 3622 per
1057 3548 1165 3604 hoc
1186 3553 1244 3606 et
1273 3565 1376 3622 per
1405 3565 1616 3622 corpus
1645 3548 2024 3618 S.Vincentii,

375 3637 636 3709 paravit;
669 3641 843 3711 atque
873 3637 957 3696 sic
989 3638 1046 3694 in
1077 3637 1326 3712 gratiam
1359 3639 1825 3712 imperatoris,co
1846 3639 2024 3694 inter-

372 3726 790 3795 venientervix
819 3727 1108 3784 rediit.De
1138 3727 1247 3784 hoc
1279 3728 1403 3800 ipso
1437 3727 1606 3783 beato
1623 3733 1878 3802 martyre
1894 3728 2023 3800 plu-

373 3829 468 3870 res
497 3813 774 3871 Italorum
807 3815 1062 3888 episcopi
1074 3817 1200 3888 jam
1234 3821 1370 3873 ante
1403 3831 1553 3888 saepe
1573 3820 1936 3872 tentaverant
1962 3822 2026 3872 ut

371 3901 432 3959 id
463 3903 764 3977 acquirere
793 3909 1074 3978 possent;
1108 3905 1167 3962 in
1201 3906 1416 3978 quibus
1443 3906 1788 3962 Ambrosius
1821 3906 2026 3979 Berga-

372 3991 617 4060 mensis,
634 4007 738 4064 pro
756 4009 822 4048 eo
845 3993 1000 4065 quod
1023 3994 1194 4052 sedes
1213 3994 1590 4067 episcopatus
1611 3995 1703 4052 sui
1724 3995 1782 4050 in
1804 3995 2025 4053 honore

370 4077 559 4134 sancti
587 4078 880 4136 Vincentii
911 4083 1087 4151 esset,
1117 4085 1176 4138 et
1207 4087 1343 4139 ante
1390 4084 1560 4139 breve
1603 4089 1836 4156 tempus
1887 4103 2019 4140 eum

370 4166 586 4239 quibus
600 4169 1052 4240 potuerat,diem
1067 4187 1180 4242 quo
1195 4189 1329 4228 cum
1352 4177 1591 4244 excepta
1603 4190 1698 4228 rus
1714 4178 2016 4230 statuerat:

367 4256 472 4312 sed
501 4255 750 4314 Domino
773 4258 1176 4329 ordinante,ut
1201 4261 1260 4317 in
1284 4261 1607 4318 crastinum
1641 4262 2020 4318 illecondixe-

369 4349 480 4415 rat,
515 4351 682 4404 nocte
711 4348 1060 4420 praecedenti
1091 4367 1125 4406 a
1156 4350 1375 4405 nostris
1414 4356 1874 4423 przeoccopatum
1909 4361 2016 4408 est.

370 4433 487 4494 Hoc
511 4435 704 4496 clerici
724 4437 794 4494 de
817 4437 1011 4494 Monte
1026 4438 1712 4512 Romarictliemz'remont)
1736 4440 2015 4496 tulerunt.

722 4527 798 4584 De
824 4531 1025 4586 sanctis
1063 4529 1224 4586 Prata
1263 4538 1314 4586 et
1341 4529 1660 4602 Hyacinthe.

438 4615 504 4672 In
534 4615 771 4674 Sabinis
803 4619 1058 4692 regione,
1092 4637 1207 4675 non
1240 4619 1442 4692 procul
1492 4621 1562 4676 ab
1615 4622 1785 4682 urbe.
1811 4622 2014 4693 Roma,

363 4701 640 4762 milliaria
671 4704 788 4760 fere
819 4707 1104 4776 xt,saucti
1138 4711 1423 4780 martyres
1447 4713 1672 4765 PROTUS
1704 4717 1762 4766 et
1777 4712 2018 4768 limem-

361 4806 514 4849 τηυξ
542 4797 708 4849 erant
737 4795 1040 4865 reconditi,
1059 4794 1363 4867 aliquanto
1395 4797 1812 4870 negligentiere
1830 4806 2018 4856 custo-

361 4880 478 4937 dia.
509 4881 628 4938 Hos
657 4882 840 4942 abbas
871 4882 1115 4954 quidam
1147 4885 1218 4940 de
1250 4889 1606 4942 monasterio
1647 4895 1860 4945 sancire
1894 4891 2013 4946 Ma-

361 4969 480 5039 riae,
514 4970 672 5042 quod
703 4971 922 5027 dicitur
953 4973 1210 5041 Farfare,
1240 4976 1552 5031 venerabili
1587 4979 1844 5049 pontifici
1879 4997 2012 5034 nos-

360 5057 474 5125 tro,
493 5057 636 5114 dum
668 5058 740 5114 de
763 5075 941 5114 causa
965 5078 1074 5116 sua
1102 5078 1236 5118 eum
1271 5066 1425 5136 apud
1461 5065 1874 5137 imperatorem
1900 5069 2011 5122 sibi

361 5144 486 5201 ﬁeri
515 5145 964 5204 intercessorem
997 5157 1245 5224 rogaret,
1264 5153 1402 5225 quia
1433 5155 1594 5209 nullo
1627 5160 1854 5211 tantum
1889 5173 2014 5212 mu-

359 5249 497 5290 nere
526 5251 663 5293 eum
694 5243 1040 5310 cognoverat
1069 5240 1364 5310 delectari,
1382 5249 1606 5315 partem
1638 5245 1827 5316 primo
1849 5245 2013 5301 obtu-

356 5320 446 5390 lit,
479 5325 581 5382 seb
625 5331 828 5398 postea
877 5327 1028 5385 mira
1075 5331 1414 5402 prmstantia
1467 5333 1668 5388 domui
1717 5333 2004 5404 praesulis,

356 5411 646 5484 quidquid
680 5414 814 5472 inde
833 5417 1083 5489 reperire
1101 5419 1310 5490 potuit,
1329 5421 1560 5491 adjecit.
1579 5422 1708 5493 Ipse
1731 5437 1864 5477 cum
1883 5425 2008 5479 suis

355 5502 662 5561 monachis
693 5505 840 5562 dans
873 5523 1050 5580 super
1079 5513 1285 5564 sancta
1331 5509 1645 5581 Evangelia
1675 5527 2005 5580 sacramen-

355 5591 514 5663 tum,
554 5607 685 5652 vere
733 5610 802 5652 ea
851 5611 985 5652 ossa
1027 5601 1368 5654 sanctorum
1419 5597 1574 5654 Preti
1609 5603 1666 5654 et
1695 5599 2003 5674 Hyacinthi

353 5677 624 5758 existere.
659 5681 776 5742 Hoc
807 5688 940 5756 post
969 5683 1173 5744 Natale
1203 5685 1458 5756 Domini,
1493 5687 1635 5746 dum
1680 5688 1867 5748 Roma
1914 5707 2002 5746 re-

2139 3367 2690 3439 retenta,reliquum
2715 3367 2974 3440 corporis
3002 3371 3191 3424 totum
3211 3367 3461 3440 largitus
3490 3372 3603 3424 est.
3629 3369 3810 3426 Hunc

2137 3465 2196 3515 et
2224 3459 2463 3514 beatum
2487 3457 2884 3514 Cauporoaum
2917 3458 3112 3514 Roma
3130 3474 3358 3530 passos,
3390 3459 3462 3514 ab
3496 3459 3708 3516 eadem
3727 3461 3813 3517 ci-

2135 3549 2312 3605 vitate
2339 3565 2454 3603 non
2476 3547 2651 3621 longa
2671 3550 2806 3603 ante
2836 3552 3098 3620 tempore
3120 3547 3677 3616 translatos,incole
3710 3569 3807 3607 as-

2137 3638 2518 3695 severabant:
2550 3636 2651 3692 ubi
2683 3640 2741 3692 et
2789 3635 2985 3693 nobile
3031 3638 3332 3709 quondam
3365 3639 3806 3698 monasterium

2135 3728 2323 3785 sancti
2356 3727 2563 3785 Felicis
2580 3727 2900 3796 visebatur,
2917 3727 3017 3783 ubi
3040 3731 3095 3784 et
3117 3728 3308 3800 primo
3340 3729 3626 3786 reconditi
3651 3732 3805 3788 fere-

2135 3819 2370 3886 bantur,
2404 3819 2506 3872 sed
2539 3833 2604 3872 eo
2639 3817 2711 3872 ab
2745 3816 2978 3890 Ungris,
3015 3816 3114 3889 qui
3147 3833 3294 3890 pene
3335 3817 3598 3874 locorum
3631 3819 3798 3894 ipso-

2135 3925 2264 3964 rum
2294 3907 2467 3964 vicini
2501 3911 2662 3972 sunt,
2692 3911 2916 3977 exusto,
2956 3910 3132 3978 atque
3163 3907 3402 3963 assidua
3450 3907 3796 3966 incursione

2131 4013 2336 4052 eorum
2369 3995 2799 4067 reparationem
2829 3995 3197 4067 prohibente,
3232 3996 3303 4052 ad
3331 3997 3531 4053 sedem
3561 3997 3796 4070 episco-

2132 4087 2322 4158 palem
2355 4085 2446 4138 ini‘
2445 4102 2506 4140 ra
2535 4083 2741 4140 urbem
2774 4084 2884 4139 sub
2915 4085 3096 4142 altare
3119 4085 3386 4157 depositi,
3409 4087 3635 4143 undcet
3653 4105 3797 4161 pra:-

2133 4175 2288 4230 i‘atus
2321 4173 2696 4228 Rhothardus
2727 4172 3314 4236 diaconus,sanctum
3342 4173 3587 4244 (pridem
3611 4176 3799 4232 Leon-

2131 4264 2280 4320 tium
2331 4268 2538 4330 totum,
2582 4261 2771 4317 sancti
2819 4279 2952 4317 vero
3001 4262 3292 4334 Carpol‘ori
3337 4261 3624 4336 reliquias
3675 4283 3796 4323 non

2131 4355 2392 4409 modicas
2420 4353 2492 4408 ab
2525 4353 2652 4424 ipso
2686 4368 2802 4424 quo
2833 4351 3257 4408 claudebantur
3299 4352 3562 4426 sumpsit
3593 4353 3789 4423 altari,

2129 4443 2366 4498 effracto
2399 4441 2686 4514 sepulcro.
2709 4441 3046 4498 Passionem
3079 4458 3280 4497 eorum
3313 4441 3586 4498 incendio
3617 4444 3794 4516 depe-

2128 4533 2276 4588 risse
2301 4531 2591 4588 dixerunt.
2627 4531 2849 4588 Natalis
2879 4548 3082 4588 eorum
3115 4549 3212 4588 xm
3245 4531 3373 4588 Kal.
3405 4533 3650 4606 Augusti
3687 4549 3786 4590 ce-

2128 4621 2409 4678 lebratur.
2435 4620 2634 4676 Tcudo
2667 4637 2766 4676 eos
2799 4621 3030 4677 detulit.

2407 4711 2481 4766 De
2505 4717 2694 4766 sancta
2723 4711 2892 4766 Lucia
2911 4711 3124 4781 virgine
3153 4719 3205 4768 et
3233 4720 3493 4784 martyre.

2197 4801 2409 4873 Magna
2439 4805 2496 4856 et
2526 4799 2875 4855 universalis
2906 4799 3176 4856 Ecclesiae
3207 4799 3544 4857 celebritate
3568 4817 3791 4856 memo-

2125 4889 2328 4947 rabilis
2357 4889 2518 4962 virgo
2537 4893 2593 4943 et
2609 4891 2832 4959 martyr
2855 4887 3030 4944 Lucan
3049 4888 3562 4961 Syracusana,quo
3580 4890 3788 4946 ordine

2124 4979 2196 5034 ad
2231 4976 2656 5051 religiosissimi
2688 4975 2956 5048 praasulis
2986 4976 3170 5033 nostri
3191 4977 3595 5034 avidissimam
3615 4978 3785 5034 devo-

2123 5069 2340 5124 tionem
2372 5065 2718 5140 pervenerit,
2743 5066 3068 5138 Wigericus
3097 5067 3400 5139 presbyter
3422 5072 3624 5122 noster
3639 5072 3782 5123 tunc

2121 5157 2396 5226 cantoris,
2423 5173 2578 5212 nunc
2609 5155 2872 5211 custodis
2903 5155 3057 5211 beati
3090 5155 3371 5226 Stephani
3403 5154 3667 5210 ofﬁcium
3690 5172 3786 5229 ge-

2120 5264 2275 5316 rens,
2311 5245 2412 5318 qui
2444 5263 2512 5302 ea
2541 5261 2709 5301 sacra
2737 5261 2876 5300 ossa
2906 5243 3206 5313 manibus,
3237 5245 3310 5302 ab
3342 5244 3473 5318 ipsa
3506 5262 3628 5316 qua
3663 5263 3784 5302 non

2119 5334 2228 5392 levi
2259 5332 2588 5391 munimine
2617 5333 2955 5389 arctabatur
2984 5332 3190 5390 extulit
3219 5350 3389 5401 urna,
3423 5349 3604 5404 quem
3635 5334 3784 5389 satis

2118 5429 2257 5481 tutae
2287 5423 2420 5480 fidei
2450 5425 2682 5479 constat
2711 5421 2906 5493 quibit
2946 5438 3254 5494 exponere.
3287 5423 3368 5478 Ea
3417 5421 3478 5476 iu
3517 5421 3778 5478 Corfinio

2117 5529 2244 5585 qua:
2291 5517 2459 5570 vetus
2505 5509 2646 5566 olim
2697 5509 2904 5565 civitas
2951 5510 3160 5577 fuerat,
3194 5526 3350 5566 nunc
3393 5514 3520 5566 tota
3552 5508 3775 5577 diruta,

2117 5599 2490 5673 quiescebat;
2525 5598 2598 5653 ad
2631 5613 2807 5670 quem
2837 5595 3033 5653 locum
3064 5597 3136 5653 de
3167 5595 3369 5653 Sicilia
3417 5611 3546 5652 eam
3589 5595 3779 5654 fuisse

2113 5686 2460 5748 translatam
2479 5703 2514 5746 a
2541 5685 2824 5755 Faroaldo
2843 5685 3102 5764 quodam
3133 5684 3280 5762 duce
3310 5682 3778 5758 Spoletino,verc
