3912 6378
128 436 250 498 373

958 434 1193 497 LIBER
1234 435 1339 496 DE
1382 428 1744 495 CORPORE
1788 427 1893 489 ET
1938 429 2340 497 SANGUINE
2382 435 2719 502 CHRISTI.

3434 440 3580 506 373'-
3620 416 3627 429 “

129 571 278 635 ceat,
293 570 351 624 et
366 584 435 624 ex
456 565 547 623 sui
570 566 854 641 parvitate
876 567 1254 640 complaceat.
1272 566 1545 624 Imitatus
1584 565 1644 621 in
1674 562 1786 621 hoc
1812 557 1871 630 Α
1901 578 2079 642 nunc,
2112 569 2171 622 et
2201 584 2452 642 semper,
2484 575 2542 627 et
2573 570 2633 627 in
2667 570 2868 629 omnia
2918 572 3131 630 szecula
3180 573 3553 633 saeculorum.

131 658 417 730 opusculo
440 657 823 714 Paschasium
845 658 1215 726 Ratbertum,
1231 656 1331 729 qui
1359 657 1430 712 de
1450 656 1561 711 hac
1582 655 1786 711 eadem

130 764 191 802 re
224 747 478 801 Placidio
502 747 735 802 cuidam
760 764 866 802 suo
888 746 1177 818 discipulo
1199 745 1464 801 libellum
1494 743 1787 800 loculento

128 853 400 891 sermone
420 835 771 908 composuit,
789 835 1022 891 eosdem
1044 835 1165 907 ipse
1183 852 1330 907 quos
1352 838 1408 889 et
1428 850 1533 907 ego
1547 835 1785 889 secutus

126 924 799 994 auctores,beatissimos
823 924 1048 979 scilicet
1068 924 1298 979 Domini
1319 924 1671 988 sacerdotes,
1686 921 1787 993 Cy-

124 1014 428 1085 prianum,
450 1013 758 1080 Hilarium,
777 1013 1177 1079 Ambrosium,
1192 1011 1613 1086 Augustinum,
1646 1011 1783 1067 Gre-

121 1103 378 1176 gorium,
408 1104 716 1169 Joannem,
749 1102 1063 1168 Isidorum,
1084 1102 1337 1170 Isitium,
1364 1100 1782 1173 Hieronymum

120 1196 181 1247 et
196 1193 309 1246 Bed
318 1208 434 1246 am.
450 1191 530 1247 De
543 1208 793 1264 quorum
807 1190 1073 1246 omnium
1088 1189 1325 1262 scriptis
1338 1190 1624 1263 quosdam
1658 1204 1785 1244 sen-

116 1280 443 1336 tentiarum
488 1278 890 1352 decerpsimus
934 1279 1330 1347 flores,causae
1380 1277 1546 1334 valde
1592 1294 1785 1333 neces-

119 1368 335 1436 sarios,
354 1369 411 1423 id
442 1374 532 1424 est
552 1367 841 1424 Dominici
865 1367 1123 1440 corporis
1146 1371 1203 1423 et
1232 1367 1539 1441 sanguinis
1563 1367 1782 1422 suavis-

120 1458 348 1512 simum
394 1459 632 1514 odorem
683 1456 1040 1513 exhalantes.
1075 1456 1269 1529 Ipsius
1307 1473 1440 1511 vero
1484 1455 1780 1512 Paschasii

116 1545 391 1602 libellum
408 1551 599 1603 totum
613 1561 781 1618 pene,
797 1545 1313 1610 sicutinvenimus,
1332 1544 1414 1599 ita
1433 1543 1492 1599 in
1512 1548 1779 1599 nostrum

118 1635 562 1703 transtulimus,
588 1649 830 1690 sensum
860 1634 989 1705 ejus
1010 1633 1206 1705 potius
1236 1633 1296 1688 in
1318 1632 1619 1704 aliquibus
1637 1632 1781 1689 locis

114 1742 304 1798 quam
320 1725 495 1781 verba
511 1726 907 1795 sequentes,et
927 1722 1226 1793 superﬂua
1245 1737 1488 1793 quaeque
1503 1721 1777 1777 vitantes.

113 1813 197 1870 Ut
228 1816 427 1869 autem
459 1809 607 1866 tanti
655 1808 916 1882 mysterii
949 1808 1141 1882 gratia
1170 1806 1458 1880 liquidius
1487 1813 1545 1863 et
1573 1808 1780 1880 purius

1895 634 2101 691 Amen.

2464 714 2700 786 Explica
2724 715 2999 787 protegas.

2130 798 2424 838 INCIPIUNT
2451 801 2728 841 CAPITULA
2760 803 3073 849 SEQUENTIS
3102 804 3325 843 OPERIS.

1901 849 1951 904 1.
1995 852 2157 915 Quod
2181 854 2441 910 humana
2461 856 2776 913 infirmitas
2798 875 2911 911 non
2935 858 3103 913 facile
3124 859 3335 915 debeat
3354 859 3552 917 divina

1969 921 2281 1002 discutere,
2306 943 2383 1002 eg
2403 925 2553 1002 libro
2583 928 2736 984 beati
2772 928 2974 985 Hilarii
3014 929 3273 1002 episcopi
3323 933 3381 987 et
3411 948 3547 987 con-

1965 991 2204 1049 fessoris
2235 996 2305 1051 de
2338 997 2645 1055 Trinitate.

1856 1072 1859 1075 '
2011 1064 2091 1143 ΒΡ
2123 1066 2409 1143 Dominici
2440 1070 2975 1143 cgrporirsorigine.

1895 1132 1997 1188 III.
2040 1135 2120 1191 De
2147 1138 2450 1196 nativitate
2482 1132 2582 1196 Dei
2614 1141 2744 1198 Filii
2774 1132 2854 1196 ei,
2876 1142 3063 1198 Patre.

1895 1204 1987 1260 lV.
2018 1209 2431 1288 ‘Q_uod__t_‘ormi_s
2463 1228 2614 1288 saepe
2662 1214 3160 1285 eomparabilibus
3206 1216 3549 1273 erudiamur

1964 1278 2032 1332 ad
2067 1279 2446 1340 intelligenda
2474 1278 2688 1340 divina.

1890 1346 1960 1401 V.
2001 1349 2081 1405 De
2112 1350 2213 1406 Dei
2247 1346 2435 1408 Patris
2466 1354 2821 1411 substantia.

1890 1418 1986 1473 VI.
2029 1420 2109 1475 De
2141 1423 2443 1480 nativitate
2475 1425 2605 1480 Filii
2635 1426 2735 1481 Dei
2769 1442 2837 1482 ex
2866 1427 3051 1483 Patre.

1889 1488 2019 1569 VII1
2060 1491 2140 1569 De
2172 1493 2301 1569 Filii
2333 1496 2433 1552 Dei
2465 1498 2839 1569 generatione
2867 1514 2935 1553 ex
2965 1502 3172 1555 matre.

1889 1561 2055 1651 VIII.‘
2066 1562 2234 1651 Domi
2240 1582 2382 1621 num
2396 1561 2663 1650 nostrum
2675 1569 2708 1624 J
2814 1586 2917 1651 per
2926 1575 3294 1651 assumptam
3308 1588 3543 1651 carnem

1964 1633 2310 1692 naturaliter
2336 1654 2573 1715 manere
2602 1640 2662 1694 in
2694 1633 2957 1715 nobis,et
2976 1658 3082 1695 nos
3105 1633 3208 1713 per
3230 1643 3547 1715 perceptio-

1963 1720 2096 1761 nem
2129 1709 2407 1789 corporis,
2436 1715 2493 1765 et
2523 1709 2831 1783 sanguinis
2862 1712 2990 1783 ejus
3022 1709 3259 1768 manere
3290 1713 3349 1768 in
3381 1709 3468 1769 eo.

1890 1775 1981 1831 IX.
2022 1777 2293 1834 Ecclesun
2317 1780 2462 1835 ﬁdes
2494 1780 2801 1836 catholica.

1969 1817 1981 1830 .
2024 1798 2293 1834 DCCIBSIZB
2317 1798 2462 1835 IIGBS
2494 1798 2801 1837 ORLDOIIGE.

1888 1846 1960 1925 X.
1995 1847 2111 1925 Nec
2136 1850 2554 1925 confidendum
2587 1852 2647 1907 in
2679 1852 2939 1908 humana
2958 1853 3288 1925 prudentia.

104 1901 332 1957 vestris
349 1898 649 1955 mentibus
681 1897 873 1953 favore
907 1895 1166 1969 Spiritus
1197 1896 1383 1951 sancti
1408 1895 1777 1951 commende-
1812 1929 1860 1995 Β

106 1994 235 2057 tur,
252 1987 673 2043 miraculorum
706 1985 932 2059 copiam
964 1983 1255 2059 congessi,
1287 2002 1413 2058 quae
1448 1984 1668 2040 sanctis
1710 2001 1775 2042 ac
1812 1983 1859 1995 ”’
1887 1988 2006 2045 XII.
2049 1991 2088 2046 C

106 2077 502 2151 diligentibus
533 2093 596 2132 se
628 2074 769 2132 olim
796 2074 1084 2131 Dominus
1116 2073 1367 2130 revelare
1389 2074 1665 2147 dignatus
1689 2080 1779 2131 est

104 2168 187 2225 ad
220 2165 460 2223 laudem
488 2168 546 2220 et
574 2163 821 2238 gloriam
854 2167 1130 2229 suam,ut
1160 2163 1493 2219 ostenderet
1519 2163 1659 2236 quid
1692 2164 1778 2221 eis

103 2254 526 2330 praeparaverit
556 2254 615 2308 in
648 2251 830 2321 ccelis,
866 2252 1083 2324 quibus
1110 2255 1345 2307 tantum
1387 2268 1606 2309 munus
1637 2252 1777 2309 reli-

104 2345 246 2420 quit
276 2344 336 2399 in
368 2343 561 2399 terris.
597 2340 786 2398 Simul
835 2341 1013 2397 etiam
1063 2339 1209 2396 illud
1260 2341 1594 2408 attendens,
1628 2347 1694 2398 ut
1726 2345 1777 2399 si

107 2435 247 2509 quit
278 2434 338 2489 in
370 2432 564 2488 terris.
589 2430 780 2487 Simul
820 2430 999 2486 etiam
1050 2429 1193 2485 illud
1243 2431 1576 2499 attendens,
1611 2436 1678 2487 ut
1725 2433 1773 2488 si

110 2524 336 2597 quibus
360 2522 505 2578 forte
530 2520 617 2576 vel
642 2523 879 2593 propter
899 2519 1237 2575 tarditatem
1263 2535 1494 2588 sensus,
1519 2518 1607 2574 vel
1638 2536 1777 2592 pro-

111 2618 249 2686 pter
276 2612 608 2667 litterarum
631 2608 991 2682 imperitiam
1022 2608 1443 2681 redemptionis
1473 2608 1652 2680 hujus
1684 2626 1775 2666 sa-

113 2706 490 2759 cramentum
539 2717 608 2756 ex
656 2700 894 2755 Patrum
947 2698 1182 2771 scriptis
1236 2716 1350 2754 non
1404 2700 1618 2771 poterit
1648 2714 1777 2755 esse

111 2791 523 2866 perspicuum,
540 2789 845 2861 signorum
880 2788 981 2842 Iiat
1002 2785 1350 2842 revelatione
1372 2787 1774 2843 manifestum.

114 2883 248 2948 Qua
277 2896 409 2936 vero
433 2878 756 2934 reverentia
778 2891 962 2949 quove
1002 2876 1212 2931 timore
1263 2892 1427 2932 sacro
1472 2875 1641 2931 altari
1673 2877 1778 2931 de-

116 2970 314 3026 beatis
341 2967 637 3046 assistere,
651 2964 1158 3039 participationem
1182 2969 1355 3020 tantae
1386 2963 1586 3038 gratiae
1603 2981 1780 3036 praes-

111 3059 395 3126 tolantes,
448 3072 521 3112 ne
556 3055 724 3122 forte,
758 3056 913 3128 quod
972 3053 1147 3122 absit,
1199 3053 1778 3111 communicantibus

108 3151 379 3205 vertatur
401 3145 457 3202 in
488 3144 807 3219 perniciem
839 3144 995 3216 quod
1019 3159 1250 3199 sumere
1279 3142 1494 3216 cupitis
1525 3143 1597 3199 ad
1621 3141 1777 3199 salu-

111 3243 274 3304 tem;
308 3233 503 3291 libello
525 3233 661 3289 huic
695 3236 984 3305 quantum
1016 3231 1178 3306 potui
1211 3232 1473 3289 studiose
1504 3232 1773 3301 adnexui,

113 3329 181 3382 ut
211 3325 272 3380 in
307 3323 586 3380 omnibus
622 3322 738 3377 Deo
771 3321 1165 3394 placentes,et
1189 3338 1293 3394 ego
1326 3338 1395 3378 ex
1421 3326 1610 3377 vestro
1646 3338 1776 3394 pro-

112 3418 311 3480 vectu,
344 3416 403 3468 et
451 3427 520 3467 ex
568 3427 698 3467 meo
747 3427 849 3466 vos
899 3410 1099 3466 labore
1154 3415 1330 3483 atque
1380 3410 1779 3467 sollicitudine

117 3500 589 3559 misericordiam
621 3499 882 3555 invenire
931 3498 1232 3555 valeamus
1280 3499 1339 3554 in
1390 3500 1484 3555 die
1523 3498 1777 3555 Domini.

115 3589 379 3663 Accipite
410 3588 609 3662 igitur,
644 3589 854 3645 fratres
882 3586 1236 3655 charissimi,
1273 3604 1339 3644 eo
1371 3605 1487 3661 quo
1523 3589 1781 3645 defertur

119 3681 335 3738 affectu
366 3677 772 3750 qualecunque
803 3676 1111 3749 parvitatis
1140 3693 1283 3732 meae
1333 3677 1777 3744 munusculum,

120 3786 233 3826 nec
260 3786 329 3823 ex
359 3784 489 3822 mea
517 3766 684 3822 vobis
714 3765 1050 3821 humilitate
1078 3765 1338 3833 vilescat,
1372 3767 1527 3838 quod
1579 3784 1647 3821 ex
1687 3768 1779 3822 sui

120 3875 338 3916 sensus
369 3855 735 3912 continentia
755 3854 1077 3927 gloriosum
1097 3858 1188 3910 est
1206 3859 1382 3926 atque
1404 3854 1777 3926 praclarum;

122 3965 242 4004 non
267 3944 425 4002 enim
456 3943 583 4000 sine
615 3942 873 4016 periculo
905 3943 1121 4014 poterit
1152 3959 1187 3998 a
1212 3942 1439 4016 legente
1461 3945 1780 4011 contemni,

120 4036 269 4110 quia
286 4034 392 4093 etsi
417 4033 614 4088 minus
635 4032 812 4087 habet
832 4031 1055 4103 aliquid
1075 4031 1132 4086 in
1151 4030 1403 4104 eloquio,
1420 4032 1567 4090 nihil
1584 4036 1782 4088 tamen

120 4122 499 4198 prastantius
521 4138 652 4177 esse
681 4124 877 4193 potest
910 4119 969 4173 in
1002 4119 1274 4189 materia,
1308 4138 1425 4192 qua
1455 4122 1636 4194 digne
1667 4138 1785 4179 cre-

121 4213 402 4270 dentibus
431 4211 554 4266 vita
583 4214 896 4282 praestatur
925 4208 1395 4283 incorruptibilis
1443 4217 1502 4267 et
1545 4216 1780 4269 aeterna.

121 4304 242 4360 Nec
285 4299 745 4373 parvipendatis,
777 4299 1041 4367 obsecro,
1084 4299 1335 4372 gratiam
1387 4300 1643 4372 Domini,
1680 4302 1783 4359 sed
1876 4350 1879 4353 .

124 4393 198 4448 de
230 4391 361 4461 ejus
388 4388 634 4445 lectione
666 4387 977 4460 intelligite
1005 4392 1229 4459 quanta
1259 4389 1338 4445 sit
1366 4389 1553 4446 virtus
1600 4392 1782 4447 vitam

126 4484 407 4536 aeternam
456 4476 516 4532 in
566 4477 737 4532 terris
780 4476 1043 4548 accipere
1091 4476 1493 4550 angelicisque
1532 4479 1783 4553 dapibus

127 4566 393 4641 quotidie
442 4564 723 4639 saginari.
760 4564 1072 4633 Quoniam,
1105 4566 1213 4621 etsi
1265 4566 1382 4623 Deo
1429 4567 1603 4640 plena
1644 4574 1786 4626 sunt

127 4657 349 4724 omnia,
370 4673 477 4712 nos
507 4671 740 4727 quoque
765 4670 960 4750 coram
994 4654 1181 4711 oculis
1214 4655 1418 4713 divina:
1452 4659 1780 4730 majestatis
1810 4667 1858 4733 D

128 4762 366 4818 semper
391 4760 699 4801 versamur
731 4760 743 4798 :
779 4742 1101 4815 plurimum
1125 4748 1321 4800 tamen
1345 4762 1541 4802 coram
1565 4749 1788 4810 sanctis

128 4835 441 4901 altaribus,
475 4838 534 4889 et
564 4833 664 4890 Dei
697 4832 925 4888 vultum
957 4837 1016 4889 et
1048 4832 1392 4906 angelorum
1423 4841 1795 4908 praesentiam

130 4924 442 4981 observare
470 4923 723 4994 oportet,
754 4924 932 4991 atque
961 4920 1164 4988 vereri,
1204 4921 1306 4976 ubi
1342 4926 1510 4979 tanta
1556 4929 1798 5000 tamque

129 5009 476 5069 excellentia
504 5009 676 5065 nobis
706 5008 867 5064 verbi
901 5008 1003 5064 Dei
1052 5009 1268 5066 virtute
1318 5015 1497 5083 atque
1546 5014 1797 5073 misera-

128 5102 291 5157 tione
320 5103 700 5171 praestantur,
736 5101 960 5171 quanta
990 5097 1192 5153 nullus
1241 5098 1550 5157 hominum
1601 5103 1797 5178 eloqui

129 5190 343 5261 potest.
360 5188 491 5258 Ipse
512 5190 711 5243 autem
733 5187 887 5241 Deus
911 5189 970 5240 et
990 5185 1277 5242 Dominus
1297 5191 1495 5243 noster
1515 5189 1793 5247 Verbum.

125 5275 330 5331 Virtus
360 5280 419 5330 et
450 5274 757 5347 Sapientia
787 5273 975 5330 Patris
1007 5275 1158 5330 hanc
1199 5276 1469 5331 eamdem
1521 5279 1794 5351 gratiam,

136 5381 315 5437 quam
343 5364 639 5436 praestitit,
655 5367 959 5420 conservet
988 5363 1167 5419 simul
1191 5368 1248 5419 et
1264 5368 1499 5420 tueatur
1520 5366 1578 5422 in
1603 5368 1794 5437 nobis,

140 5458 200 5509 et
241 5451 466 5520 oculos,
497 5468 649 5524 quos
695 5452 860 5508 vobis
917 5451 1140 5524 aperire
1163 5453 1291 5523 jam
1337 5453 1535 5525 ccepit,
1566 5456 1797 5527 plenius

118 5537 473 5599 'illuminare
505 5542 801 5615 dignetur.
834 5542 941 5597 Per
971 5559 1146 5615 quem
1178 5547 1237 5597 et
1268 5560 1403 5599 cum
1436 5561 1551 5616 quo
1582 5550 1796 5603 aeterno

137 5632 328 5689 Patris
350 5636 442 5688 est
465 5631 594 5688 laus
616 5631 809 5689 omnis
831 5636 889 5688 et
908 5632 1317 5705 gloria,bonor
1337 5638 1513 5706 atque
1535 5637 1801 5710 magniﬁ-

141 5721 333 5780 centia
363 5724 422 5778 et
448 5724 709 5795 potestas
730 5737 864 5780 cum
898 5725 1101 5780 sancto
1133 5720 1356 5795 Spiritu
1392 5740 1426 5780 a
1457 5724 1709 5795 saeculis,
1744 5730 1800 5782 et

2093 1991 2317 2063 ypriani
2349 1994 2594 2049 assertio
2625 2011 2760 2050 vera
2789 1995 2861 2050 de
2891 1994 3028 2051 Deo.

1885 2059 2026 2135 XIII.
2066 2059 2380 2135 Augustini
2413 2065 2485 2121 de
2516 2065 2617 2121 Dei
2644 2066 2853 2121 Verbo.

1885 2130 2027 2188 XIV.
2070 2130 2282 2210 Christi
2313 2135 2787 2210 communionem
2825 2153 3028 2193 verum
3062 2153 3272 2210 corpus
3322 2141 3448 2210 ejus
3489 2145 3543 2197 et

1958 2204 2306 2276 sanguinem
2339 2223 2454 2262 non
2486 2223 2615 2264 esse
2648 2207 3065 2264 dubitandum.

1884 2273 2001 2352 XV.
2043 2273 2208 2342 Quod
2257 2277 2366 2334 hoc
2414 2278 2760 2352 mysterium
2810 2279 3025 2337 Christi
3077 2281 3276 2336 nullus
3338 2283 3546 2340 debeat

1959 2362 1974 2400 ι
2063 2364 2246 2403 orare.

2072 2418 2221 2504 Quid
2255 2419 2374 2475 sint
2398 2426 2772 2504 sacramenta
2800 2421 3099 2504 veiquare
3130 2424 3422 2504 dicantur.

1885 2487 2066 2570 XVII...
2090 2489 2300 2570 Utrum
2324 2492 2433 2547 sub
2465 2492 2673 2570 figura,
2693 2510 2766 2548 an
2787 2487 3054 2561 veritate,
3080 2495 3187 2549 hoc
3227 2496 3543 2569 mysticum

1957 2560 2165 2645 salicis
2191 2562 2294 2645 ﬁat
2317 2560 2781 2645 sacramentum:

1885 2629 2082 2687 XVIII.
2126 2631 2284 2715 Quid.
2314 2633 2548 2715 intersit
2578 2635 3189 2715 interimmolationes
3233 2642 3456 2715 veteres
3475 2638 3543 2715 II-

1958 2703 2633 2788 giirasquelegalium,et
2672 2706 2824 2788 inter
2865 2712 3298 2763 sacramentum
3340 2708 3561 2764 Domi-'

1960 2779 2073 2829 nici
2108 2779 2367 2847 corporis
2398 2779 2455 2831 et
2485 2793 2589 2831 san
2636 2779 2810 2831 uinis.

1885 2843 2027 2901 XIX.
2071 2845 2218 2927 Quid
2251 2846 2329 2902 sit
2348 2793 2632 2929 digneag
2655 2847 2836 2903 vitam
2878 2847 3175 2920 percipere
3224 2865 3437 2922 corpus
3485 2855 3545 2907 et

1959 2917 2307 2988 sanguinem
2341 2917 2577 2974 Christi.
2878 2917 2898 2920 “
3039 2917 3059 2920 “

2039 2987 2269 3071 Quibus
2297 2989 2488 3071 mpdis
2511 2989 2728 3045 dicitur
2758 3006 2970 3071 corpus
3004 2990 3239 3071 Christi.

2057 3059 2223 3143 Quod
2256 3058 2321 3143 in.
2347 3059 2455 3116 hac
2500 3058 2913 3143 communione
2944 3064 3046 3118 aut
3083 3060 3380 3134 judicium
3412 3079 3543 3136 per-

1960 3134 2200 3256 cipitur,
2227 3134 2330 3186 aut
2357 3134 2685 3204 prmminm.
3413 3134 3431 3136 “

1887 3201 2006 3257 XXI
2037 3243 2052 3258 .
2097 3202 2243 3278 Quid
2264 3219 2513 3278 necesse
2543 3202 2739 3278 fuerit,
2765 3203 2920 3278 quod
2955 3202 3133 3278 semel
3156 3210 3399 3278 gestum
3433 3211 3542 3278 est,

1815 3295 1859 3365 α
1959 3272 3227 3365 sesiiifiisﬁheaeeessem?!asia,
3266 3276 3401 3333 boni
3442 3272 3545 3333 ιινίέ

1961 3344 2160 3427 buant
2179 3344 2300 3426 haec
2332 3345 2784 3427 myteria‘digne
2816 3344 3258 3427 accipientibus.

1887 3415 2088 3541 Xlgllli
2123 3416 2237 3472 Cur
2266 3416 2323 3471 in
2355 3415 2503 3489 pane
2552 3422 2610 3472 et
2655 3415 2787 3472 vino
2838 3415 2961 3473 hoc‘
2995 3418 3342 3490 mysterium
3394 3418 3546 3475 cele-

2003 3502 2063 3541 re
2092 3503 2182 3541 ur.

2003 3502 2127 3541 retu
2136 3503 2182 3541 ι’.

1889 3556 2078 3629 XXIV.
2099 3559 2234 3629 iCur
2264 3557 2322 3611 in
2348 3556 2713 3629 caliceraqua
2744 3558 3081 3629 misceatur.

1891 3626 2050 3686 XXV.
2097 3627 2306 3701 Utrum
2338 3627 2471 3698 plus
2502 3626 2723 3701 aliquid
2774 3628 2992 3701 habeat,
3031 3629 3139 3684 hoc
3174 3630 3546 3701 mysterium,

1961 3699 2259 3781 quotiesa
2275 3699 2551 3781 .bono,an
2574 3698 2772 3781 minus
2794 3698 3098 3781 quidpiam
3121 3698 3300 3781 quam
3314 3698 3548 3758 Veritas

1961 3769 2335 3837 repromittit,
2371 3770 2417 3825 si
2453 3788 2485 3825 a
2518 3769 2671 3825 male
2704 3769 3046 3825 conﬁciatur
3075 3769 3367 3827 ministro.

1890 3840 2079 3898 XXVI.
2120 3840 2196 3897 Ut
2225 3840 2365 3914 quid
2397 3842 2517 3896 hcec
2550 3841 2801 3897 colorem
2828 3846 2932 3897 aut
2961 3857 3229 3914 saporem
3263 3841 3322 3897 in
3356 3858 3550 3899 saera-
3578 3848 3583 3853 ’

1962 3917 2174 3986 mento,
2196 3912 2439 3986 minime
2472 3916 2886 3986 permutant.___
3034 3912 3047 3914 ἡ
3069 3984 3076 3986 _
3446 3984 3452 3986 Α
3528 3922 3531 3923 ⁷

2149 3984 2311 4065 Quod
2346 3982 2890 4065 bzec'sqepe‘visihili
2923 3984 3116 4065 specie
3147 3984 3545 4065 apparuerint.

1890 4054 2406 4128 XXVIILQuihqs
2433 4054 2627 4110 verbis
2657 4055 2767 4111 hoc
2799 4055 3149 4128 mysterium
3181 4055 3546 4128 conficiatur.

1891 4126 2077 4208 XXIX.
2096 4124 2331 4208 .Utrum
2361 4125 2470 4208 hoc
2499 4142 2712 4208 corpus
2753 4124 2886 4199 post
2924 4126 3423 4184 consecrationem
3447 4145 3549 4200 pa-

1964 4200 2059 4253 nis
2081 4200 2216 4267 jure
2246 4200 2424 4269 queat
2452 4200 2664 4253 vocari.
3024 4268 3036 4279 .
3195 4268 3207 4281 .
3536 4269 3548 4282 ο

1891 4268 2052 4349 XXX.
2096 4268 2303 4323 Utrum
2338 4268 2474 4349 plus
2500 4283 2568 4324 ex
2599 4284 2664 4323 eo
2695 4267 2907 4323 haheat
2939 4282 3037 4340 qui
3090 4284 3285 4339 majus
3343 4285 3414 4325 an
3451 4286 3551 4342 qui

1966 4344 2165 4411 minus
2196 4344 2504 4411 acceperit.

2123 4408 2365 4537 hoc
2397 4408 2740 4483 mysterium
2765 4412 2899 4466 ante
2932 4409 3269 4482 passionem
3300 4409 3555 4482 discipu-

1991 4498 2041 4536 IS
2094 4498 2159 4537 ra
2204 4498 2339 4537 iur.

1991 4481 2041 4536 is
2068 4481 2339 4537 traditur.

1893 4551 2108 4608 XXXII.
2151 4551 2224 4634 Ut
2267 4551 2410 4634 quid
2454 4552 2532 4634 in_
2564 4550 2850 4634 sanguine
2900 4549 3113 4607 Christi
3148 4549 3551 4622 fragmentum

1968 4624 2227 4750 corporis
2254 4624 2634 4679 admiscetdr.
2651 4693 2664 4706 .
2688 4624 2691 4625 ⁷
3084 4693 3099 4705 ν
3250 4691 3263 4703 θ

1968 4694 2060 4776 {XI
2092 4694 2134 4750 Ι.
2177 4696 2363 4760 Quare
2412 4693 2758 4776 generaliter
2800 4708 2962 4776 nunc
3000 4709 3035 4749 a
3061 4692 3298 4776 ‘jejums
3338 4696 3553 4776 myste-

1972 4766 2130 4825 rium
2152 4782 2328 4822 saerae
2359 4763 2794 4821 co'mmunionis
2826 4763 3174 4832 celebratur,
3188 4779 3325 4820 cum
3362 4763 3557 4821 D‘omi-

1978 4854 2095 4909 nus
2107 4839 2253 4909 post
2279 4852 2507 4909 omnem
2540 4834 2820 4909 apostoIis
2849 4834 2959 4909 hoc
2990 4834 3250 4909 tradidit.

1904 4904 2142 4979 XXXIV.
2184 4908 2331 4979 Quid
2378 4907 2476 4976 sit,
2530 4904 2686 4979 quod
2737 4906 3022 4979 Dominus
3071 4905 3152 4979 ait
3185 4907 3352 4979 :_Non
3378 4904 3560 4964 bibam

1975 4977 2167 5036 amodo
2195 4978 2261 5036 de
2290 4978 2388 5035 hoc
2416 4976 2693 5050 geminum
2720 4979 2868 5045 vitis,
2899 4977 3065 5034 donec
3088 4976 3228 5034 illud
3258 4977 3439 5034 bibam
3466 4993 3560 5036 no-
3663 5019 3672 5026 -

1976 5067 2104 5106 vum
2136 5053 2196 5105 in
2224 5066 2388 5106 νοσηο
2416 5051 2600 5105 Patris
2626 5051 2755 5105 mei.

1905 5120 2115 5177 XXXV.
2158 5122 2217 5178 Si
2252 5118 2372 5177 ulla
2402 5120 2733 5192 differentia
2762 5118 2841 5177 sit
2872 5120 2931 5174 in
2961 5118 3070 5175 hoc
3102 5119 3559 5192 mysteriojusto

1977 5198 2036 5249 et
2064 5192 2384 5249 nmnitendi
2415 5191 2808 5248 reconciliato.

1977 5210 2036 5249 et
2103 5210 2384 5249 mnuenm
2415 5210 2808 5248 reconculato.

1905 5210 2142 5344 XXXVI.
2186 5263 2533 5344 Quiddigne
2560 5262 2649 5318 vel
2681 5262 2922 5344 indigne
2951 5261 3342 5344 sumentibus.
3369 5261 3564 5344 D'omi-

1979 5334 2093 5390 nici
2128 5332 2479 5407 corporiset
2510 5332 3082 5407 sanguinis'praastet
3110 5332 3484 5407 eucharistia.

1905 5406 2176 5462 XXXVII.
2217 5405 2362 5472 Quid
2398 5406 2603 5478 beatus
2627 5405 2857 5478 martyr
2883 5405 3204 5478 Cyprianus
3226 5405 3482 5478 affirmat
3502 5421 3563 5478 se

2021 5482 2262 5558 rzesente
2294 5477 2610 5558 contigisse
2640 5477 2732 5532 his
2884 5475 3090 5558 polluti
3122 5477 3194 5531 de
3224 5475 3563 5558 idolothytis

2030 5549 2265 5605 ominici
2284 5549 2545 5622 corporis
2561 5553 2620 5606 et
2635 5549 2941 5621 sanguinis
2964 5552 3333 5604 sacramenta
3348 5552 3563 5602 temere

1981 5625 2386 5677 susceperunt.

1907 5687 2200 5749 XXXVIII.
2244 5694 2433 5764 Quare
2464 5691 2719 5764 peccatis
2751 5689 3155 5748 criminalibus
3178 5687 3383 5744 irretiti
3417 5703 3449 5743 a
3477 5703 3562 5744 sa-

1979 5764 2298 5840 cramentis
2328 5763 2651 5840 Dominicis
2682 5767 3006 5840 arceantur.
3071 5831 3098 5840 Α
3124 5831 3139 5840 _
3180 5828 3217 5840 η

1906 5833 2142 5897 XXXIX.
2184 5834 2418 5896 Judaeos
2452 5836 2524 5893 ab
2556 5835 2715 5895 omni
2747 5836 3035 5894 conventu
3063 5828 3328 5893 ﬁdelium
3358 5841 3557 5886 arcen-
