3912 6394
293 395 430 466 375-

1333 395 1692 459 ~GEZONIS
1735 391 2071 454 ABBATIS
2115 393 2662 456 DER'I‘ONENSIS

3607 395 3744 457 376

371 532 502 616 dos,
515 529 803 606 praecipue
828 527 929 586 ubi
961 527 1427 586 Christianorum
1459 526 1786 583 celebratur
1807 523 1962 580 obla—
1987 524 2046 594 Α
2075 525 2221 582 Tam
2255 526 2551 583 modicum
2587 531 2850 600 sumptu,
2881 531 3003 584 tam
3035 527 3308 600 perfacile
3339 531 3514 602 atque
3558 547 3741 602 para-

300 607 718 740 XIEiobualiter
745 671 1143 727 accedendum
1177 671 1256 724 sit
1285 670 1354 724 ad
1379 668 1669 723 Dominici
1699 664 1958 740 corporis

373 748 432 816 et
464 743 772 816 sanguinis
805 740 1073 816 mirabile
1105 743 1564 816 saerai'iientilm.

301 815 442 880 XLI.
482 808 1045 870 Dcvrevelationihus
1077 812 1294 884 quibus
1326 809 1612 884 Dominus
1632 808 1960 884 devexitate

373 885 634 967 corporis
661 889 718 942 et
745 884 1053 957 sanguinis
1083 881 1177 938 sui
1208 881 1609 937 haesitantium
1641 881 1819 935 corda
1861 881 1960 934 [ir-

302 961 862 1084 lellﬁvllvtiiraculum
892 1027 962 1080 de
993 1025 1248 1097 quodam
1279 1024 1502 1097 Judaei).

301 1099 498 1156 XLIII.
543 1098 687 1154 Item
719 1099 790 1152 de
818 1092 1076 1168 quodam
1112 1113 1248 1152 sene
1279 1095 1545 1168 cremita,
1577 1095 1759 1168 cujus
1800 1092 1964 1168 dubi-

372 1169 654 1252 tationem
705 1163 990 1225 Dominus
1046 1168 1250 1223 eadem
1301 1165 1562 1222 veritatis
1611 1163 1962 1219 revelatione

713 1309 1066 1382 miraculum
1098 1309 1252 1382 quod
1285 1309 1481 1364 Romae
1513 1311 1710 1362 actum
1743 1310 1851 1362 est.

307 1381 472 1438 XLV.
516 1383 661 1438 Item
693 1381 878 1436 aliud.

305 1453 516 1534 XLVI;
539 1453 644 1534 De.
669 1456 1038 1508 sacramento
1087 1449 1288 1507 calicis
1339 1450 1494 1522 quod
1536 1448 1854 1504 revelatum
1886 1448 1965 1503 sit

379 1525 444 1580 Β.
479 1525 785 1597 Cypriane.

307 1593 524 1652 XLVII.
567 1593 828 1662 Qualiter
857 1593 918 1664 in
948 1593 1016 1648 D.
1048 1593 1118 1650 N.
1150 1593 1204 1648 J.
1237 1593 1297 1648 C.
1329 1592 1628 1664 passione
1649 1591 1965 1664 mysticum

381 1665 460 1722 sit
483 1660 712 1738 Pascha
741 1662 1047 1733 abolitum,
1072 1667 1130 1720 et
1159 1664 1220 1718 in
1251 1660 1379 1735 ejus
1430 1660 1832 1738 immolatione
1883 1660 1966 1717 rei

377 1735 595 1792 veritas
626 1736 704 1792 sit
733 1740 990 1791 ostensa.

308 1806 554 1864 XLVIII.
594 1805 801 1863 Utrum
834 1806 1059 1861 Pascha
1083 1805 1248 1876 istud,
1275 1803 1779 1876 legitimamdpost
1827 1801 1966 1858 anni

381 1877 664 1962 spatium,
695 1877 808 1962 vel‘
832 1881 966 1962 post
1009 1876 1209 1962 longa,
1235 1873 1542 1962 intervalla
1583 1873 1842 1962 dierum,
1893 1891 1966 1932 an
1998 1895 2048 1960 B

424 1947 646 2005 uotidie
675 1965 710 2004 a
733 1947 1006 2004 ﬁdelibus
1038 1947 1459 2002 sit’edendum.

309 2016 501 2078 XLIX.
541 2022 838 2086 Quantum
871 2035 1048 2075 sacris
1095 2017 1410 2074 oblationis
1450 2016 1778 2073 immolatio
1821 2033 1971 2072 mor-

384 2095 622 2163 tuorum
655 2089 962 2163 spiritibus
993 2089 1200 2163 prosit.

314 2163 380 2218 L.
421 2161 504 2217 De
532 2158 786 2232 quodam
818 2158 1104 2232 monacho
1127 2159 1224 2232 qui
1249 2175 1354 2232 per
1374 2158 1690 2216 salutarem
1712 2158 1968 2216 hostiam

386 2231 745 2305 supplicium
775 2231 978 2288 evasit.

316 2303 410 2360 LI.
451 2299 532 2359 De
563 2303 816 2376 quodam
848 2305 1016 2376 cujus
1048 2301 1282 2376 vincula
1305 2301 1365 2357 in
1397 2301 1750 2374 captivitate,
1777 2299 1969 2357 oblato

430 2392 493 2430 ro
525 2373 600 2430 eo
621 2373 1326 2431 sacrillciosolvebantur.

318 2442 562 2518 LII.ADe
613 2447 867 2518 quodam
898 2445 1204 2518 nautaequi
1239 2447 1372 2518 post
1398 2443 1574 2517 longa
1621 2443 1802 2518 maris
1850 2442 1969 2497 dis-

387 2514 649 2573 crimina
695 2517 982 2574 Dominici
1041 2514 1258 2572 virtute
1314 2514 1667 2572 sacramenti
1721 2519 1973 2570 mortem

387 2586 590 2644 evasit.

320 2658 465 2738 LIII.
507 2659 732 2785 Qpibus
761 2659 1086 2716 immolatio
1118 2657 1404 2715 Dominici
1435 2657 1694 2731 corporis
1727 2656 1976 2713 mortuis

391 2745 548 2785 DI‘OSI
585 2771 598 2785 .

431 2745 598 2786 I'OSIB.

319 2798 460 2858 LIV.
503 2803 629 2868 Qua
669 2800 1152 2874 disciplina,qua
1197 2799 1487 2856 modestia
1534 2801 1822 2874 orandum
1872 2798 1970 2866 sit,

391 2888 526 2928 cum
559 2871 838 2929 sacerdos
872 2871 1186 2937 sacrificat,
1217 2875 1276 2926 et
1307 2871 1720 2943 unusquisque
1759 2871 1817 2925 in
1867 2888 1974 2926 suo

388 2943 785 3014 ordineoram
819 2961 995 3014 Sacra}
1021 2941 1456 3014 communionis
1486 2941 1800 3014 exspectat.

319 3013 433 3072 LV.
475 3013 624 3080 Quid
655 3013 979 3069 cavendum
1010 3014 1070 3066 in
1101 3013 1362 3067 oratione
1393 3012 1490 3066 sit.

320 3081 468 3162 LVI:
504 3083 828 3162 Cyprianus
857 3085 928 3138 ad
952 3083 1178 3162 clerum
1201 3083 1576 3162 deprecando
1608 3082 1812 3138 Deum.

321 3103 463 3141 va.
504 3103 544 3140 ι,
584 3103 828 3156 prianus
857 3103 928 3138 aa
959 3103 1178 3138 σιω-ιω]
1201 3103 1576 3162 neprecanuo
1608 3103 1812 3138 ueum.

320 3154 490 3222 LVII.
533 3103 694 3220 Suod
739 3153 916 3208 etiam
949 3153 1008 3206 in
1038 3157 1302 3222 exteriori
1337 3151 1499 3207 cultu
1533 3155 1972 3208 sacrosanctum

389 3221 620 3280 Domini
644 3222 825 3278 altare
854 3223 1182 3278 ornandum
1217 3221 1314 3276 sit.

390 3258 620 3280 uuuulu
644 3258 825 3278 αιιαιυ
854 3258 1182 3278 υιιιςιηυυιυ
1217 3258 1314 3276 s...

319 3293 514 3352 LVIII.
555 3293 718 3360 Quod
747 3293 896 3349 nihil
927 3310 1104 3365 super
1133 3292 1316 3348 altare
1345 3291 1681 3364 ponendum
1712 3292 1807 3360 sit,
1831 3310 1968 3364 [πως
2008 3258 2052 3324 C

390 3370 480 3421 ter
500 3367 874 3421 sacrosancta
903 3362 1140 3419 oblatio.

321 3433 467 3508 LIX.
493 3435 660 3508 Quod
689 3453 792 3508 pro
822 3435 1136 3492 homicidis
1165 3439 1224 3491 et
1252 3432 1580 3492 latronibus
1611 3451 1725 3490 non
1761 3434 1840 3490 sit
1879 3451 1970 3490 sa-

391 3507 796 3564 criﬁcandum.

321 3579 433 3636 LX.
475 3577 680 3652 De__his
708 3578 808 3652 qui
840 3577 1272 3651 eleemosynam
1315 3577 1585 3632 tribuunt
1629 3581 1688 3632 et
1735 3581 1974 3648 peccata

392 3667 507 3706 non
541 3648 867 3704 dimittunt.

321 3719 460 3792 LXI,
499 3720 875 3792 Stupendum
904 3717 1082 3774 nimis
1114 3719 1185 3774 de
1217 3718 1471 3792 quodam
1504 3719 1862 3790 presbytero.

318 3790 484 3862 LXII.
527 3789 694 3862 Quod
721 3790 1145 3862 qualiscunque
1166 3789 1486 3846 sacerdotis
1506 3789 1974 3862 excommunica-

387 3857 471 3919 tio
490 3857 656 3932 valde
673 3857 1167 3927 formidanda—sit,
1193 3877 1298 3932 nec
1339 3861 1760 3932 attendendum
1802 3863 1973 3932 cujus

392 3932 584 3988 meriti
607 3931 704 4003 sit,
730 3933 830 3987 sed
855 3933 1025 4003 cujus
1043 3931 1390 4003 auctoritate
1409 3931 1516 3987 hoc
1556 3932 1712 3998 facit,
1737 3931 1972 3988 etiamsi

390 4003 612 4126 injusta
640 4001 890 4082 videtur,
923 4001 1076 4082 quod
1099 4003 1274 4069 absit,
1307 4003 1853 4061 excommunicatio.

322 4073 439 4130 LXI
471 4071 512 4128 Ι.
557 4071 874 4128 Laudabilc
897 4089 1076 4127 nimis
1100 4073 1432 4130 exemplum
1454 4073 1691 4130 gloriosi
1715 4075 1975 4130 Theodo-

395 4090 512 4154 u'u.
557 4090 874 4128 Lauaaouc
897 4090 1076 4127 nimis
1100 4090 1432 4146 exemplum
1453 4091 1491 4147 g

395 4142 886 4214 siiiimperateris.
1135 4213 1142 4214 ί

324 4213 513 4288 LXIV.
535 4213 701 4288 Altcm
733 4213 891 4269 aliud
911 4213 1266 4288 exemplum
1289 4215 1469 4288 nimis
1483 4217 1850 4288 pavendum.

324 4279 486 4359 LXV.
527 4285 756 4359 Quanta
809 4279 1516 4359 reverentia"episcopali-
1557 4287 1867 4359 cathedris
1897 4287 1974 4343 sit

391 4355 682 4482 habenda,
704 4359 763 4412 et
791 4357 866 4412 de
893 4357 1108 4440 domno
1133 4355 1296 4414 Petro
1317 4355 1706 4415 Alexandrino
1724 4358 1970 4430 patriar-

397 4443 428 4482 c
473 4443 526 4482 a.

397 4443 526 4482 cna.

320 4497 508 4572 LXVI.
549 4499 938 4572 Quamgrave
969 4503 1274 4572 peccatum
1306 4498 1404 4566 sit,
1437 4516 1604 4556 sacra
1642 4499 1770 4556 loca
1798 4504 1975 4556 teme-

391 4567 539 4642 rare,
569 4567 659 4642 vel
689 4567 887 4642 aliqua
915 4567 1085 4642 scirde
1111 4569 1390 4642 polluere.

3554 620 3740 691 μω),

2069 704 2215 758 Tam
2249 703 2504 759 sublime
2533 708 2726 760 tamen
2759 707 2913 778 quod
2948 711 3132 761 totam
3167 705 3378 762 habeat
3399 707 3728 766 Deitatem.

2071 793 2303 847 Sufﬁcit
2332 793 2441 849 hoc
2472 792 2663 848 solum
2698 795 2900 850 mundi
2936 811 3187 866 purgare
3217 793 3492 866 piaclum.

2072 881 2217 936 Hinc
2247 881 2436 953 placet
2458 882 2567 938 hoc
2590 899 2808 938 munus
2841 885 2994 955 quod
3031 886 3096 938 lit
3127 884 3198 938 de
3219 883 3489 955 pluribus
3522 903 3741 954 unum,

2071 971 2293 1042 Corpus
2325 969 2460 1026 huic
2492 971 2691 1044 capiti,
2726 976 2902 1043 caput
2936 973 3071 1026 inde
3093 972 3342 1028 cohaeret
3369 978 3428 1029 et
3455 973 3569 1043 illi;

2073 1060 2190 1114 Hoc
2214 1077 2420 1132 genus,
2452 1060 2559 1115 hoc
2575 1078 2758 1115 unum
2782 1061 2989 1132 placet,
3011 1061 3120 1116 hoc
3145 1062 3380 1118 durabit
3402 1063 3460 1118 in
3486 1081 3702 1120 (svum.

2074 1149 2191 1204 IIoc
2221 1148 2386 1204 facile
2408 1149 2803 1218 est,nil.idum,
2819 1149 3089 1222 simplex,
3105 1150 3444 1224 Deitateque
3466 1151 3741 1224 plenum.

2073 1360 2370 1400 INGIPIUNT
2399 1361 2616 1400 VERSUS
2657 1361 2950 1400 PASCIIASII
2991 1361 3273 1400 BADBRETI
3309 1361 3382 1400 AD
3423 1362 3746 1403 PLACIDIUM

2715 1449 3090 1490 DISCIPULUM.

2318 1576 2468 1645 (Vide
2503 1578 2644 1633 inter
2675 1575 2847 1649 Opera
2877 1575 3164 1632 Paschasii
3191 1576 3492 1646 Radberti.)

2075 1693 2212 1748 CAP.
2250 1693 2290 1748 Ι.
2320 1724 2389 1733 -
2421 1691 2580 1764 Quod
2605 1692 2849 1748 humana
2877 1693 3170 1764 inﬁrmitas
3200 1709 3313 1748 non
3339 1693 3504 1764 facile
3551 1694 3750 1752 debeat

2149 1764 2340 1842 divina
2367 1763 2654 1842 discedere,
2685 1780 2763 1842 er
2785 1764 2924 1820 libro
2976 1763 3118 1820 beati
3161 1763 3368 1820 Hilarii
3413 1767 3656 1842 episcopi
3695 1776 3752 1824 et

2148 1837 2470 1907 confessoris
2498 1837 2573 1891 De
2608 1836 2887 1892 Trinitate.

2148 1979 2317 2034 Vetat
2336 1979 2543 2033 beatus
2561 1977 2874 2049 Apostolus
2897 1976 3206 2034 Timotheo
3227 1977 3520 2052 discipulo
3535 1995 3754 2054 genea-

2079 2067 2244 2139 logia:
2271 2066 2504 2138 eloquia
2523 2065 2851 2133 tractari,et
2873 2064 3135 2121 fabulam
3162 2065 3558 2125 interminata;
3579 2086 3751 2142 quaa-

2079 2153 2290 2210 stionis
2319 2154 2546 2227 attingi.
2572 2153 3036 2209 Ediﬁcationem
3052 2171 3187 2210 vero
3208 2155 3309 2212 Dei
3352 2157 3411 2212 in
3444 2159 3559 2214 ﬁde
3591 2173 3752 2226 esse,

2080 2250 2146 2302 ut
2165 2247 2436 2300 humana:
2456 2244 2816 2300 verecundiae
2839 2245 3080 2300 modum
3116 2245 3275 2300 ﬁdeli
3299 2249 3758 2318 omnipotentiae

2081 2334 2182 2390 Dei
2209 2333 2488 2407 religione
2509 2333 2837 2389 concludat.
2871 2333 3070 2404 Neque
3095 2350 3158 2389 se
3187 2333 3508 2390 inﬁrmitas
3541 2340 3761 2394 nostra

2081 2425 2152 2481 ad
2186 2423 2588 2496 perspicienda
2618 2438 2686 2477 ea
2716 2439 2842 2494 quae
2873 2421 3260 2494 perspiciendi
3309 2425 3585 2478 naturam
3629 2442 3756 2481 non

2081 2513 2300 2569 habent
2321 2511 2612 2566 extendat.
2637 2511 2802 2576 Quod
2833 2509 2883 2565 si
2915 2509 3334 2566 contuentibus
3352 2510 3492 2566 solis
3515 2510 3760 2568 clarita-

2082 2606 2202 2656 tem
2222 2600 2408 2656 virtus
2435 2599 2644 2655 intenti
2671 2598 2917 2655 luminis
2938 2597 3411 2670 obstupescit,ut
3433 2599 3480 2654 si
3509 2603 3760 2672 quando

2082 2707 2322 2746 causam
2345 2687 2630 2744 radiantis
2661 2687 2812 2742 lucis
2844 2686 3123 2742 solertius
3155 2686 3310 2742 acies
3341 2688 3582 2744 curiosae
3613 2706 3762 2745 eon-

2087 2777 2489 2850 templationis
2516 2777 2798 2849 inquirat,
2833 2793 3024 2848 usque
3054 2777 3124 2830 ad
3155 2780 3489 2832 emortuum
3509 2778 3757 2834 videndi

2084 2885 2324 2924 sensum
2357 2865 2660 2921 oculorum
2694 2868 2908 2920 natura
2938 2869 3262 2930 revocetur,
3281 2865 3627 2936 accidatque
3662 2867 3759 2922 ni-

2083 2956 2257 3012 tendo
2288 2955 2478 3026 magis
2507 2954 2726 3018 videre,
2759 2967 2833 3006 ne
2860 2951 3082 3006 videas.
3117 2951 3266 3018 Quid
3317 2953 3488 3009 nobis
3537 2953 3598 3008 in
3647 2955 3756 3011 Dei

2083 3043 2260 3097 rebus
2289 3047 2348 3096 et
2378 3037 2499 3096 sole
2521 3039 2768 3112 justitize
2791 3039 3248 3111 exspectandum
3273 3041 3402 3096 est?
3430 3043 3640 3099 Nonne
3661 3045 3756 3100 in-

2081 3129 2320 3186 cumbet
2344 3128 2678 3183 volentibus
2718 3142 3103 3198 supersapere
3153 3127 3512 3185 stultitiam?
3541 3131 3756 3190 Nonne

2081 3219 2276 3292 ipsum
2297 3217 2443 3273 illud
2467 3233 2610 3272 acrm
2636 3215 3036 3288 intelligentiae
3057 3217 3408 3290 occupabit?
3438 3219 3566 3276 Non
3589 3222 3754 3279 enim

2081 3311 2295 3363 natura
2325 3306 2565 3361 inferior
2595 3322 2838 3360 causam
2870 3309 3091 3361 natura:
3141 3305 3385 3378 potioris
3434 3307 3757 3384 intelliget,

2081 3412 2187 3450 nec
2204 3396 2335 3466 subj
2344 3399 2471 3450 acet
2483 3395 2754 3450 humana:
2767 3394 3133 3466 conceptioni
3147 3393 3294 3451 ratio
3312 3396 3753 3457 cmlestis.Nam

2080 3485 2237 3540 intra
2256 3483 2652 3540 conditionem
2675 3482 3043 3540 inﬁrmitatis
3068 3484 3198 3552 erit,
3213 3483 3501 3557 quidquid
3523 3486 3752 3545 inﬁmi

2082 3573 2451 3630 conscientiae
2465 3573 2770 3628 subdetur.
2787 3571 3027 3628 Excedit
3039 3573 3237 3645 itaque
3249 3573 3574 3632 humanam
3589 3594 3757 3636 men-

2083 3668 2200 3719 tem
2235 3662 2332 3718 Dei
2366 3666 2646 3734 potestas,
2677 3662 2748 3716 ad
2781 3678 2960 3733 quam
2989 3661 3037 3716 si
3064 3661 3380 3720 inﬁrmitas
3409 3667 3746 3736 protendat,

2082 3751 2271 3824 magis
2303 3751 2538 3806 inﬁrma
2565 3751 2862 3818 reddetur,
2887 3751 3029 3805 dum
3061 3749 3170 3806 hoc
3191 3751 3388 3824 ipsum
3422 3754 3578 3825 quod
3600 3755 3756 3811 obti-

2082 3846 2201 3910 net,
2215 3839 2436 3896 amittit
2453 3839 2676 3912 potiore
2698 3841 2768 3894 ad
2793 3839 3239 3896 obtundendum
3261 3856 3389 3896 eam
3414 3859 3610 3897 rerum
3629 3860 3748 3899 ea:-

2081 3929 2318 3986 lestium
2352 3933 2583 3995 natura,
2619 3945 2746 4000 quae
2785 3943 3023 3983 omnem
3063 3929 3194 3999 ejus
3238 3929 3634 3986 consectanlis
3684 3949 3751 3989 se

2080 4017 2464 4091 pervicaciam
2498 4017 2627 4088 ipsa
2656 4016 2962 4088 complexu
2984 4017 3113 4088 ejus
3135 4019 3324 4090 major
3361 4019 3646 4075 inﬁrmat.
3671 4019 3754 4076 Ub

2081 4107 2262 4180 igitur
2281 4105 2366 4162 sol
2399 4106 2483 4160 ita
2512 4104 2798 4160 videndus
2816 4109 2906 4160 est
2923 4109 2988 4160 ut
3003 4109 3197 4176 potest
3211 4107 3388 4162 videri
3401 4112 3749 4181 ,tantusque

2081 4194 2458 4266 excipiendus
2489 4198 2578 4249 est
2605 4193 2854 4265 lumine,
2885 4199 3148 4266 quantus
3176 4195 3536 4263 admittitur,
3568 4215 3643 4254 ne
3693 4199 3744 4256 si

2081 4283 2215 4356 plus
2231 4283 2480 4340 velimus
2503 4283 2850 4354 inspectare,
2868 4283 3066 4338 minus
3089 4301 3323 4356 quoque
3341 4302 3516 4357 quam
3539 4303 3744 4359 possu-

2082 4386 2217 4426 mus
2247 4387 2701 4442 consequamur,
2721 4369 2805 4425 ita
2834 4374 2892 4425 et
2921 4370 3068 4426 ratio
3093 4370 3346 4428 cmlestis
3370 4373 3428 4426 in
3451 4379 3744 4446 quantum

2082 4475 2144 4514 se
2174 4459 2462 4530 permittit
2492 4457 2740 4530 intelligi
2775 4458 2834 4513 in
2866 4463 3100 4514 tantum
3131 4461 3520 4532 exspectanda
3545 4469 3660 4532 est,
3683 4465 3742 4520 in

2081 4551 2372 4620 quantum
2404 4547 2956 4620 apprehendendam
2989 4565 3054 4603 se
3087 4548 3267 4604 dedit.
3288 4550 3370 4606 Ne
3399 4550 3447 4605 si
3479 4553 3738 4610 contenti

321 4629 660 4712 LXVIIILDe
685 4629 946 4712 quddam
978 4629 1202 4696 latr-(ine
1223 4641 1282 4696 in
1305 4643 1632 4698 coemeterio
1655 4641 1976 4699 B.Joa,nuis
2006 4629 2052 4694 D
2083 4635 2462 4708 indulgentiae
2495 4635 2894 4692 moderatione
2924 4654 3039 4692 non
3061 4636 3270 4706 simus,
3285 4638 3630 4696 amittamus
3653 4642 3744 4698 in-

323 4708 821 4862 ngggillfclhcipit
849 4779 1095 4862 epistola
1216 4781 1526 4862 Augustini
1559 4783 1632 4839 ad
1674 4783 1972 4862 Auxilium

389 4850 1058 4932 episcppum‘pre‘causa
1067 4850 1971 4932 _injustaz'excommunicationis.

321 4919 693 5007 LXIX.Jtem
725 4919 982 5007 capitula
1015 4922 1085 5007 ad
1119 4919 1384 5007 eamdem
1427 4941 1561 5007 eam
1597 4927 1970 5007 pertinentia.

271 5006 282 5014 ·
321 4989 480 5047 LXX.
513 4988 603 5048 De
632 4988 1000 5048 sacramento
1032 4994 1406 5066 baptismatis
1438 4997 1500 5052 B.
1531 4988 1898 5054 Ambrosius.

841 5079 1162 5153 Expliciunt
1189 5085 1448 5156 capitula.

1063 5191 1224 5202 —_—.._

405 5253 626 5306 VERSUS
657 5265 842 5306 DOMNI
871 5268 1078 5308 ODONIB
1108 5270 1178 5309 DE
1207 5271 1580 5312 SACRAMENTO
1609 5272 1886 5312 CORPORIS

807 5339 874 5378 ΕΤ
912 5341 1219 5380 SANGUINIS
1258 5343 1484 5382 DOMINI.

316 5426 596 5483 Convivas
620 5426 777 5498 epuli
811 5431 1066 5488 mundos
1095 5431 1250 5487 Deus
1281 5449 1409 5487 esse
1439 5433 1674 5503 superni

315 5515 392 5570 Ut
409 5515 633 5585 doceat,
667 5517 848 5573 servis
881 5518 1164 5576 Dominus
1193 5521 1438 5594 vestigia
1470 5521 1628 5586 lavit,

317 5603 663 5660 Muneribus
693 5607 888 5674 variis,
922 5613 980 5664 et
1007 5609 1277 5680 pluribus
1309 5609 1444 5664 inde
1477 5610 1725 5680 rejectis,

314 5690 699 5748 Frumentum
735 5698 793 5748 et
818 5695 1022 5751 vinum
1055 5697 1284 5752 cunctis
1316 5697 1422 5753 hoc
1453 5697 1709 5770 praetulit
1761 5717 1962 5755 unum.

312 5777 433 5836 Hoc
463 5783 673 5864 sacrat,
687 5781 795 5843 hoc
823 5785 1102 5858 nimium,
1123 5787 1272 5858 quod
1311 5788 1371 5842 fit
1403 5787 1570 5843 breve
1603 5789 1757 5860 quod
1791 5790 1968 5846 nimis

1732 5878 1962 5946 [altum,

2084 4724 2268 4781 dulta.
2289 4725 2392 4780 Est
2412 4741 2549 4797 ergo
2568 4724 2626 4778 in
2649 4724 2766 4780 Deo
2787 4726 2943 4796 quod
2961 4724 3178 4798 percipi
3201 4731 3412 4798 potest,
3427 4732 3516 4783 est
3546 4729 3740 4801 plane,

2084 4815 2134 4870 si
2167 4815 2340 4870 modo
2369 4813 2525 4886 quod
2558 4817 2751 4884 potest
2780 4813 2942 4870 velis.
2978 4815 3144 4870 Sicut
3190 4815 3346 4870 enim
3397 4821 3488 4872 est
3509 4817 3586 4872 .in
3619 4819 3747 4875 sole

2084 4903 2239 4974 quod
2255 4901 2540 4970 videas,si
2571 4901 2680 4957 hoc
2695 4901 2839 4958 velis
2859 4901 3054 4960 videre
3077 4903 3232 4975 quod
3269 4905 3482 4975 possis,
3499 4906 3744 4963 amittas

2083 4996 2278 5048 autem
2313 4992 2468 5062 quod
2498 4996 2692 5062 potest
2721 4991 3081 5060 videri,dum
3104 4993 3260 5065 quod
3282 5011 3396 5049 non
3429 4997 3625 5066 potest
3653 4997 3740 5052 ni-

2081 5079 2251 5148 teris;
2284 5079 2366 5135 ita
2395 5085 2454 5137 et
2481 5080 2543 5135 in
2566 5081 2744 5137 rebus
2775 5081 2876 5137 Dei
2910 5081 3094 5138 habes
3141 5083 3296 5154 quod
3345 5081 3664 5156 intelliges,
3689 5086 3741 5142 si

2080 5169 2404 5242 intelligere
2431 5169 2587 5240 quod
2619 5175 2782 5240 potes
2801 5169 2964 5226 velis.
2981 5172 3264 5228 Cazterum
3296 5173 3344 5227 si
3376 5172 3529 5228 ultra
3559 5189 3739 5246 quam

2081 5263 2249 5329 potes
2278 5275 2495 5329 speres,
2527 5257 2586 5312 id
2635 5275 2869 5330 quoque
2919 5260 3075 5331 quod
3127 5261 3391 5332 potuisti,
3416 5279 3590 5334 posse
3621 5282 3741 5321 non

2084 5347 2318 5418 poteris.
2345 5346 2478 5402 Illos
2511 5363 2669 5402 nunc
2703 5365 3052 5403 arcanorum
3085 5348 3409 5405 cwlcstium
3443 5357 3742 5410 scrutares

2081 5435 2344 5502 consulo,
2360 5439 2424 5492 ut
2440 5435 2765 5490 secundum
2788 5440 3059 5492 naturam
3084 5455 3254 5492 suam
3278 5439 3398 5493 nati
3422 5439 3743 5514 exVirgine

2079 5523 2291 5578 Christi
2315 5529 2748 5580 sacramentum
2773 5524 3106 5596 loquantur.
3124 5527 3284 5582 Unde
3303 5529 3742 5603 dicentVirgini

2079 5613 2463 5684 conceptum?
2495 5614 2650 5668 unde
2681 5613 2905 5685 Virgini
2939 5617 3216 5686 partum?
3248 5620 3372 5682 Qua
3418 5616 3571 5672 hanc
3611 5635 3744 5676 esse

2079 5703 2372 5774 originum
2405 5719 2648 5758 causam
2678 5702 3106 5774 disputabunt?
3135 5705 3352 5778 etquid
3375 5705 3534 5762 intra
3555 5723 3744 5764 seces-

2079 5809 2179 5846 sus
2213 5795 2612 5846 maternorum
2637 5792 2877 5847 sinuum
2901 5793 3188 5850 coaluisse
3212 5795 3464 5866 corpus?
3495 5794 3659 5852 Unde
3680 5803 3739 5854 ct

2077 5879 2254 5934 homo
2271 5884 2360 5936 est
2374 5879 2400 5932 ‘?
2423 5879 2576 5936 unde
2605 5885 2726 5936 tam
2746 5898 2937 5940 verus.
2954 5883 3089 5939 Post
3111 5883 3228 5942 haec
3253 5885 3394 5955 quid
3411 5883 3488 5942 sit
3500 5884 3740 5944 descen-
