3912 6374
140 441 260 504 37⁸1

990 442 1222 506 LIBER
1266 443 1369 506 DE
1413 442 1776 508 CORPORE
1819 442 1921 506 ET
1967 441 2362 506 SANGUINE
2405 439 2719 508 CHRISTI

3447 433 3570 502 378

141 577 296 634 disse
316 576 390 633 de
420 574 581 638 cadis
604 573 816 633 Filium
838 575 1146 632 hominum
1170 574 1228 631 in
1253 577 1395 633 cmlo
1419 578 1795 634 manentem?
1823 579 1878 646 Α
1907 580 2110 633 secuta
2139 579 2248 632 est.
2269 575 2340 632 Et
2369 594 2505 632 cum
2537 576 2619 632 ait
2649 577 2975 634 secundum
2997 575 3298 632 hominem
3319 575 3389 630 de
3405 574 3571 643 caelo,

139 667 263 722 Non
291 665 449 722 enim
471 667 736 736 ejusdem
759 669 849 720 est
879 667 1204 721 secundum
1239 666 1567 738 corporales
1589 685 1798 722 causas

139 755 492 810 descendere
515 758 827 809 etmanere
851 770 1101 826 quorum
1125 752 1376 808 alterum
1400 756 1799 811 descensionis

139 843 556 900 transmutatio
587 848 694 910 est,
729 842 981 898 alterum
1025 843 1300 898 manendi
1349 845 1799 915 imperturbatio

139 937 248 988 est.
283 931 454 1004 Vagit
487 932 818 1000 infans,sed
853 931 912 985 in
945 930 1088 985 cazlo
1130 932 1405 986 est.Purr
1444 934 1674 1001 crescit,
1699 935 1799 988 sed

141 1021 526 1094 plenitudinis
557 1023 712 1076 Deus
736 1025 1057 1092 permanet.
1075 1020 1206 1075 Jam
1230 1038 1362 1076 vero
1381 1039 1514 1076 cum
1538 1023 1806 1077 ascendit

143 1112 242 1166 ubi
279 1117 450 1166 antea
481 1109 610 1176 fuit,
645 1114 701 1165 et
732 1110 1034 1164 descendit
1066 1107 1167 1180 qui
1199 1115 1548 1182 manet,quo
1582 1110 1803 1166 intelli-

143 1199 357 1272 gentia:
382 1201 652 1254 humana:
673 1217 850 1253 sensu
873 1198 1309 1252 continebitur?
1342 1198 1625 1254 Dominus
1645 1199 1802 1254 enim

145 1289 229 1345 ait
261 1307 274 1345 :
309 1288 458 1355 Quid
486 1287 537 1344 si
559 1287 823 1342 videritis
864 1287 1077 1342 Filium
1108 1287 1367 1342 hominis
1390 1288 1804 1342 ascendentem

82 1398 92 1412 ’
143 1379 244 1434 ubi
264 1381 436 1433 antea
461 1376 609 1431 fuit?
627 1375 904 1431 Ascendit
925 1375 1107 1430 Filius
1128 1377 1227 1430 ubi
1251 1382 1424 1432 antea
1445 1375 1574 1438 fuit,
1595 1381 1651 1431 et
1673 1377 1808 1448 quis

143 1467 258 1522 hoc
283 1484 492 1522 sensus
515 1465 842 1536 concipiet?
874 1465 1186 1520 Descendit
1215 1465 1284 1519 de
1311 1465 1454 1520 coelo
1487 1465 1668 1521 Filius
1698 1465 1806 1520 ho—

145 1557 352 1625 minis,
387 1555 488 1628 qui
522 1553 581 1609 in
611 1553 774 1610 emlis
797 1556 904 1620 est,
920 1557 978 1608 et
1018 1569 1144 1624 qua:
1166 1552 1274 1608 hoc
1295 1554 1443 1609 ratio
1469 1553 1808 1626 praestabit?

141 1645 407 1701 Verbum
433 1661 566 1700 caro
589 1643 808 1698 factum
840 1646 948 1709 est,
969 1659 1095 1712 quae
1126 1641 1236 1697 hoc
1259 1643 1436 1698 verba
1455 1641 1809 1714 loquentur?

147 1735 242 1789 Fit
272 1751 406 1789 caro
434 1733 714 1799 Verbum,
748 1731 807 1786 id
839 1735 930 1786 est
957 1729 1132 1786 homo
1165 1731 1340 1797 Deus,
1375 1735 1434 1786 et
1483 1732 1582 1804 qui
1634 1731 1809 1787 homo

144 1823 338 1891 cst,in
362 1821 523 1878 caelis
541 1824 652 1889 est,
669 1824 727 1876 et
765 1820 866 1893 qui
906 1819 1083 1889 Deus,
1099 1819 1170 1875 de
1208 1818 1368 1875 ccelis
1399 1820 1814 1876 est.Ascendit

1912 664 2198 737 originem
2229 665 2356 736 ejus
2379 683 2448 720 ex
2479 666 2945 736 supervenientis
2979 667 3036 720 in
3067 665 3366 738 Virginem
3398 664 3578 736 Spiri-

1908 756 2004 808 tus
2023 754 2209 808 sancti
2229 753 2432 808 additu
2455 758 2700 809 testatus
2723 759 2834 809 est.
2851 756 3038 826 Atque
3061 755 3143 810 ita
3165 771 3298 808 cum
3321 756 3378 808 et
3398 752 3574 807 homo

1910 846 2018 908 est,
2039 847 2095 896 et
2127 841 2184 896 in
2217 841 2359 897 cmlo
2383 846 2489 909 est,
2510 843 2768 897 hominis
2793 843 3041 913 huiuset
3065 847 3268 915 partus
3291 860 3324 896 a
3341 841 3577 913 Virgine

1910 934 2020 996 est,
2037 935 2093 984 et
2123 934 2405 1001 conceptu
2429 948 2496 985 ex
2518 931 2772 1002 Spiritus
2791 937 2898 986 est.
2921 931 3091 986 Novit
3113 931 3370 986 Ecclesia
3389 947 3573 985 unum

1912 1018 2204 1085 Deum,ex
2233 1036 2347 1090 quo
2379 1019 2597 1087 omnia,
2616 1019 2774 1074 novit
2803 1025 2860 1075 et
2891 1038 3074 1074 unum
3099 1020 3415 1075 Dominum
3449 1035 3578 1074 nos-

1915 1111 2069 1161 trum
2085 1107 2286 1162 .lesum
2301 1107 2600 1162 Christum
2621 1125 2723 1178 per
2739 1125 2912 1179 quem
2927 1108 3228 1176 0mnia,un
3241 1125 3337 1162 um
3353 1124 3419 1162 ex
3434 1125 3571 1180 quo,

1913 1199 1971 1250 et
1987 1212 2164 1250 unum
2183 1213 2284 1267 per
2295 1196 2582 1267 quem.Ab
2602 1214 2716 1251 uno
2730 1197 3134 1252 universorum
3150 1196 3456 1269 originem,
3475 1213 3577 1267 per

1915 1302 2099 1340 unum
2119 1289 2460 1340 cunctorum
2484 1285 2862 1339 creationem.
2883 1286 2942 1340 In
2968 1303 3082 1340 uno
3115 1302 3182 1340 ex
3204 1303 3340 1356 quo,
3375 1287 3576 1340 aucto-

1915 1373 2147 1428 ritatem
2163 1373 2638 1429 innascibilitatis
2652 1373 3015 1446 intelligit.In
3033 1391 3148 1428 uno
3165 1390 3579 1444 perquem,po—

1915 1464 2189 1516 testatem
2209 1461 2354 1516 nihil
2368 1461 2730 1517 diil'ei'entem
2747 1462 2818 1516 ab
2837 1467 3072 1517 auctore
3094 1464 3576 1518 veneratur.Cum

1917 1566 1986 1605 ex
2007 1567 2144 1622 quo,
2168 1554 2225 1606 et
2259 1567 2360 1622 per
2394 1565 2568 1622 quem
2590 1551 2662 1606 ad
2685 1552 2742 1606 id
2776 1556 3006 1607 creatur
3025 1551 3084 1606 in
3107 1551 3200 1608 his
3225 1569 3351 1624 qua:
3383 1556 3579 1607 creata

1917 1643 2058 1694 sunt
2087 1639 2522 1696 communionis
2553 1639 2870 1695 auctoritas
2902 1641 2998 1696 sit.
3033 1640 3203 1696 Novit
3251 1641 3310 1695 in
3357 1640 3580 1712 Spiritu

1919 1727 2103 1783 Deum
2127 1727 2410 1800 Spiritum
2433 1727 2863 1800 impassibilem
2893 1734 2950 1784 et
2982 1728 3456 1784 indcsecabilem.
3479 1728 3581 1784 Di-

1920 1816 2062 1874 dicit
2091 1817 2247 1874 enim
2277 1835 2311 1874 a
2342 1817 2589 1874 Domino
2637 1816 2868 1890 spiritui
2919 1834 3154 1874 carnem
3209 1822 3268 1874 et
3297 1835 3433 1874 ossa
3462 1834 3579 1874 non

145 1911 536 1977 descendens,
560 1909 662 1965 sed
693 1907 997 1964 descendit
1027 1924 1142 1964 non
1175 1909 1559 1966 descendens.
1586 1909 1688 1964 Est
1709 1909 1810 1981 qui
1842 1951 1892 2016 B
1919 1923 2147 1973 csse,ne
2172 1907 2316 1964 forte
2339 1907 2575 1964 cardere
2598 1906 2656 1961 in
2669 1923 2804 1962 eum
2823 1907 3213 1979 corporalium
3235 1907 3579 1980 passionum

259 2004 269 2016 .
372 2003 381 2016 .
520 1999 573 2016 ν.
1925 1995 2260 2016 4-._-_-_,,._
2325 1997 2629 2016 ,μλωιημ
2695 1995 2860 2016 “ne.
3178 1995 3571 2016 ,ηαηςιςιὼ

145 2004 302 2068 erat,
331 2003 392 2054 et
421 1999 577 2071 quod
609 2003 700 2054 est
730 2013 846 2052 non
879 2001 1022 2053 erat.

349 2092 483 2143 CAP.
519 2087 588 2142 II.
619 2117 686 2126 —
717 2087 790 2142 De
817 2087 1094 2142 Dominici
1121 2089 1362 2158 corporis
1391 2088 1621 2158 origine.

227 2179 449 2248 Corpus
479 2173 593 2231 sibi
623 2174 910 2230 Dominus
941 2173 1024 2232 ita
1056 2175 1400 2248 assumpsit,
1427 2180 1493 2231 ut
1515 2175 1572 2232 id
1605 2192 1674 2233 ex
1690 2175 1812 2233 Vir-

149 2266 290 2338 gine
322 2268 668 2336 conceptum
703 2263 951 2319 formam
1005 2279 1139 2318 cum
1171 2264 1320 2318 servi
1363 2279 1491 2321 esse
1536 2266 1810 2322 effecerit.

149 2354 333 2424 Virgo
363 2351 521 2409 enim
553 2351 786 2406 nonnisi
819 2367 887 2406 ex
915 2351 1136 2423 Spiritu
1163 2357 1366 2408 sancto
1411 2353 1616 2425 genuit
1658 2355 1813 2426 quod

151 2443 384 2517 genuit.
404 2442 476 2496 Et
496 2439 765 2514 quamvis
789 2445 1024 2496 tantum
1058 2442 1129 2497 ad
1174 2441 1488 2498 navitatem
1520 2443 1714 2498 carnis
1745 2459 1814 2498 ex

153 2549 220 2589 se
252 2532 740 2603 daret,quantum
765 2547 833 2585 ex
853 2548 915 2586 se
955 2529 1185 2586 femina:
1219 2531 1579 2588 edendorum
1609 2549 1811 2604 corpo-

148 2639 286 2678 rum
302 2619 593 2692 susceptis
605 2618 931 2692 originibus
948 2619 1500 2692 impenderent,non
1514 2627 1712 2678 tamen
1725 2622 1816 2678 Je-

147 2727 256 2766 sus
279 2709 547 2764 Christus
568 2725 670 2780 per
689 2708 959 2764 humanae
983 2708 1382 2780 conceptionis
1399 2707 1616 2764 coaluit
1641 2713 1812 2764 natu-

147 2816 302 2854 ram.
319 2798 429 2854 Sed
452 2797 652 2852 omnia
671 2813 851 2852 causa
868 2796 1145 2852 nascendi
1170 2797 1394 2852 invecta
1413 2813 1515 2870 per
1526 2796 1810 2870 Spiritum

142 2885 344 2940 tenuit
376 2883 434 2938 in
468 2883 726 2938 hominis
755 2881 1060 2938 nativitate
1109 2885 1264 2956 quod
1303 2885 1510 2941 matris
1542 2889 1652 2954 est,
1675 2903 1811 2942 cum

143 2981 352 3030 tamen
383 2973 622 3028 haberet
653 2973 712 3028 in
743 2971 986 3044 originis
1018 2973 1323 3030 nativitate
1353 2975 1508 3047 quod
1541 2975 1642 3031 Dei
1699 2981 1810 3032 est.

144 3063 301 3119 llinc
315 3061 494 3134 igitur
505 3061 828 3116 maximum
845 3060 988 3116 illud
1001 3076 1066 3115 ac
1079 3061 1541 3134 pulcherrimum
1554 3064 1812 3136 suscepti

144 3151 412 3207 hominis
423 3154 860 3205 sacramentum
873 3150 1158 3207 Dominus
1171 3151 1294 3222 ipse
1311 3152 1810 3209 ostenditdicens:

139 3242 320 3297 Nemo
349 3238 594 3294 ascendit
621 3239 681 3294 in
711 3239 926 3304 cwlum,
955 3241 1072 3296 nisi
1101 3241 1197 3312 qui
1237 3239 1512 3298 descendit
1555 3241 1621 3298 de
1661 3243 1810 3313 coelo,

1919 1995 2271 2052 detrimenta
2317 1997 2649 2052 credantur.
2695 1995 2865 2051 Novit
2926 2013 3112 2052 unum
3174 1995 3582 2053 innascibilem

1920 2084 2126 2153 Deum,
2165 2084 2324 2142 novit
2353 2089 2409 2141 et
2437 2083 2810 2158 unigenitum
2857 2085 2957 2140 Dei
2993 2085 3227 2142 Filium.
3261 2086 3584 2142 Conﬁtetur

1921 2173 2150 2230 Patrem
2173 2177 2474 2242 mter-num,
2505 2178 2563 2229 et
2589 2174 2660 2228 ab
2712 2173 2935 2246 origine
2973 2174 3244 2244 liberum,
3269 2175 3583 2231 conﬁtetur

1921 2267 1978 2318 et
2006 2261 2290 2334 originem
2323 2261 2450 2318 Filii
2482 2263 2553 2317 ab
2595 2265 2961 2330 mterno,non
2995 2281 3098 2336 per
3128 2280 3191 2320 se
3235 2263 3454 2337 ipsum,
3477 2263 3581 2320 sed

1921 2352 1994 2406 ab
2025 2351 2228 2424 eo,qui
2261 2367 2295 2406 a
2321 2349 2555 2406 nemine
2605 2367 2840 2423 semper
2868 2356 3203 2419 est,natum
3245 2353 3317 2410 ab
3343 2356 3579 2420 aeterno,

1921 2440 2286 2496 nativitatem
2315 2439 2586 2496 videlicet
2615 2457 2680 2496 ex
2703 2445 2949 2512 paterna
2979 2443 3300 2498 mternitate
3342 2459 3582 2498 sumen-

1922 2533 2062 2584 tem.
2096 2530 2266 2585 Novit
2295 2529 2367 2584 de
2398 2529 2514 2586 Deo
2537 2545 2652 2585 non
2683 2547 2812 2586 esse
2857 2529 3134 2587 humanis
3172 2532 3418 2604 judiciis
3449 2549 3582 2589 sen-

1922 2617 2217 2686 tiendum;
2251 2635 2439 2690 neque
2466 2617 2622 2674 enim
2656 2618 2824 2674 nobis
2854 2635 2922 2676 ea
2951 2623 3166 2676 natura
3197 2625 3306 2688 est,
3333 2626 3400 2676 ut
3428 2638 3492 2678 se
3519 2621 3581 2676 in

1920 2705 2212 2762 cmlestem
2237 2706 2628 2779 cognitionem
2652 2707 2776 2762 suis
2794 2706 3015 2763 viribus
3033 2708 3254 2764 eiI'erat.
3273 2709 3316 2763 A
3338 2709 3454 2763 Deo
3470 2707 3585 2764 dis-

1921 2794 2172 2850 cendum
2191 2799 2280 2850 est
2299 2795 2455 2866 quod
2477 2795 2548 2849 de
2581 2794 2696 2850 Deo
2724 2793 3172 2868 intelligendum
3196 2796 3292 2864 sit,
3310 2796 3447 2868 quia
3464 2813 3580 2852 non

1923 2883 2034 2938 nisi
2069 2901 2129 2939 se
2151 2888 2388 2939 auctore
2409 2883 2804 2955 cognoscitur.
2819 2883 2985 2940 Adsit
3005 2883 3143 2940 licet
3165 2884 3464 2940 saacularis
3485 2887 3586 2942 do-

1921 2971 2119 3028 ctrina:
2134 2971 2432 3028 elaborata.
2447 2973 2762 3042 institutio,
2779 2973 2934 3029 adsit
2950 2973 3080 3029 vita:
3099 2973 3584 3043 innocentia,hazc

1921 3060 2157 3133 quidem
2175 3061 2480 3132 proficient
2496 3061 2570 3116 ad
2592 3061 2966 3117 conscientiae
2983 3062 3583 3136 gratulationem,non

1922 3153 2117 3204 tamen
2151 3149 2542 3222 cognitionem
2575 3151 2678 3206 Dei
2709 3157 3164 3224 consequentur.
3198 3153 3428 3226 Moyses
3447 3169 3584 3210 cum

1922 3237 1981 3292 in
2013 3242 2168 3295 terra
2199 3239 2432 3294 Madian
2462 3239 2657 3294 ovium
2691 3244 2890 3313 pastor
2921 3241 3309 3315 esset,ignem
3343 3243 3401 3298 in
3436 3245 3582 3300 rubo

144 3331 330 3387 Filius
359 3329 621 3394 hominis,
653 3331 751 3400 qui
777 3337 858 3384 est
885 3330 945 3384 in
968 3329 1116 3386 caalo.
1151 3330 1314 3396 Quod
1363 3331 1435 3386 de
1481 3329 1624 3386 c0310
1669 3331 1804 3386 des-
1837 3320 1880 3388 C
1914 3325 2040 3382 sine
2069 3329 2537 3384 conerematione
2567 3329 2698 3384 rubi
2731 3331 3247 3397 contuens,Deum
3271 3331 3510 3400 audivit,
3530 3336 3590 3388 et

143 3417 681 3488 cendit,conceptaa
713 3417 783 3472 de
817 3416 1038 3489 Spiritu
1069 3417 1313 3490 originis
1341 3435 1521 3474 causa
1551 3424 1671 3486 est;
1695 3435 1812 3474 non

141 3509 314 3566 enim
343 3505 570 3578 corpori
606 3505 792 3562 Maria
820 3505 1106 3579 originem
1139 3507 1322 3574 dedit,
1343 3506 1480 3563 licet
1527 3509 1599 3564 ad
1635 3507 1817 3563 incre-

143 3599 361 3652 menta
380 3598 735 3666 partumque
761 3594 1023 3666 corporis
1047 3611 1220 3650 omne
1237 3595 1392 3667 quod
1411 3595 1502 3650 sui
1525 3613 1697 3651 sexus
1719 3612 1816 3651 na-

138 3683 342 3742 turale
375 3688 482 3749 est,
499 3681 832 3738 contulerit.
853 3683 1016 3748 Quod
1039 3699 1173 3739 vero
1205 3683 1465 3740 hominis
1495 3683 1676 3741 Filius
1703 3687 1814 3755 est,

138 3775 438 3845 susceptae
463 3770 700 3844 Virgine
731 3771 927 3827 carnis
957 3776 1048 3828 est
1087 3775 1314 3844 partus.
1337 3773 1500 3838 Quod
1532 3777 1730 3828 autem
1754 3771 1814 3826 in

136 3861 314 3921 calis
359 3865 471 3930 est,
503 3863 725 3914 natura:
775 3877 1008 3931 semper
1057 3861 1354 3916 manentis
1397 3865 1659 3932 potestas
1703 3864 1814 3918 est:

143 3971 280 4028 quae
315 3949 548 4006 initiata
569 3949 921 4021 conditaque
946 3966 1048 4020 per
1077 3967 1140 4005 se
1173 3966 1347 4005 carne
1384 3967 1499 4006 non
1540 3967 1608 4006 ex
1628 3949 1817 4006 ﬁnita-

137 4043 222 4101 tis
252 4057 376 4097 suae
405 4038 622 4094 virtute
651 4037 807 4092 intra
829 4037 1127 4110 regionem
1177 4055 1238 4092 se
1288 4039 1514 4094 definiti
1556 4039 1815 4110 corporis

138 4127 490 4190 coarctavit.
507 4126 762 4198 Spiritus
775 4125 987 4182 virtute
1009 4126 1117 4182 hac
1129 4127 1299 4182 Verbi
1323 4127 1423 4182 Dei
1445 4131 1732 4199 potestate
1753 4127 1813 4182 in

138 4221 344 4276 forma
374 4216 526 4272 servi
558 4231 805 4270 manens
833 4215 906 4271 ab
947 4213 1108 4270 omni
1139 4214 1296 4270 intra
1340 4220 1616 4288 extraque
1663 4215 1814 4286 cceli,

141 4306 483 4377 mundique
513 4303 732 4359 circulo
764 4303 996 4372 cwli,ac
1026 4304 1234 4359 mundi
1264 4304 1549 4360 Dominus
1582 4323 1696 4360 non
1719 4307 1815 4363 ab-

139 4397 284 4452 fuit.
301 4395 410 4452 Pcr
430 4393 542 4449 hoc
563 4410 699 4466 ergo
717 4397 775 4448 et
794 4393 866 4448 de
899 4391 1042 4448 ccelo
1063 4391 1385 4460 descendit,
1405 4397 1464 4449 et
1491 4393 1673 4450 Filius
1703 4394 1814 4451 ho—

140 4487 334 4542 minis
362 4487 474 4552 est,
493 4485 552 4538 et
581 4481 641 4538 in
674 4480 836 4536 caalis
857 4485 966 4537 est.
990 4481 1137 4548 Quia
1155 4481 1412 4536 Verbum
1435 4499 1570 4538 caro
1590 4483 1812 4541 factum

137 4578 257 4643 est,
295 4588 414 4627 non
445 4569 728 4626 amiserat
752 4585 996 4626 manere
1025 4570 1181 4642 quod
1225 4569 1483 4627 Verbum
1530 4577 1638 4641 est,
1674 4590 1812 4628 nam

137 4663 293 4724 dum
323 4659 582 4716 Verbum
615 4663 725 4725 cst,
741 4663 799 4714 et
829 4659 887 4714 in
929 4657 1090 4714 cmlis
1133 4659 1398 4726 est,dum
1431 4676 1564 4716 caro
1614 4664 1723 4729 est,
1753 4667 1812 4718 et

134 4747 408 4808 hominis
429 4747 634 4804 Filius.
655 4748 809 4804 Dum
831 4745 1090 4804 Verbum
1121 4752 1210 4804 est
1237 4764 1370 4803 caro
1403 4748 1643 4820 factum,
1659 4756 1716 4806 et
1735 4751 1808 4808 de

133 4837 432 4905 caeloest,
455 4841 513 4894 et
543 4836 802 4894 hominis
832 4839 922 4892 est
951 4835 1154 4903 Filius,
1170 4841 1228 4892 et
1253 4836 1312 4892 in
1345 4837 1488 4894 caelo
1519 4841 1806 4906 est.Quod

133 4932 196 4985 et
207 4925 400 4993 ,Verbi
417 4925 606 4983 virtus
628 4943 744 4980 non
765 4923 1168 4996 corporalibus
1188 4923 1379 4982 modis
1409 4943 1654 4984 manens
1689 4945 1805 4984 non

134 5018 366 5086 deerat,
381 5015 538 5074 unde
557 5014 1038 5080 descenderat,et
1061 5030 1194 5069 caro
1227 5031 1342 5070 non
1375 5013 1611 5072 aliunde
1636 5017 1808 5091 origi-

135 5122 284 5162 nem
317 5106 653 5176 sumpserat
682 5119 860 5176 quam
905 5119 974 5159 ex
1011 5101 1219 5171 Verbo,
1254 5107 1313 5158 et
1363 5103 1619 5160 Verbum
1670 5123 1808 5162 caro

133 5195 372 5250 factum
399 5197 512 5260 est,
532 5209 668 5250 cum
699 5209 834 5248 caro
863 5197 1040 5261 esset,
1068 5209 1186 5248 non
1219 5195 1414 5248 tamen
1448 5209 1560 5248 non
1594 5200 1720 5251 erat
1747 5199 1806 5251 et

131 5283 428 5342 Verbum.
457 5279 740 5337 Absolute
768 5285 965 5337 autem
997 5281 1060 5336 B.
1082 5280 1397 5352 Apostolus
1427 5281 1602 5336 etiam
1627 5282 1806 5355 hujus

133 5371 551 5428 inenarrandm
585 5387 868 5443 corporea:
901 5369 1224 5425 nativitatis
1255 5375 1687 5426 sacramentum
1720 5371 1804 5427 lo-

131 5464 323 5517 cutus
353 5463 444 5515 est
469 5459 674 5516 dicens
701 5478 716 5528 ;
742 5459 973 5515 Primus
1006 5459 1180 5514 homo
1205 5459 1274 5514 de
1307 5463 1469 5514 terra:
1515 5459 1679 5529 limo,
1712 5479 1802 5518 se-

129 5548 378 5608 cundus
405 5549 582 5604 homo
613 5549 682 5604 de
713 5547 1387 5604 coelo.Hominemcnin1
1419 5547 1641 5614 dicens,
1660 5550 1806 5604 nati-

127 5640 385 5694 vitatem
416 5654 487 5693 ex
506 5637 745 5711 Virgine
770 5637 1131 5708 docuit,qum
1161 5636 1354 5692 ofﬁcio
1389 5654 1495 5691 usa
1538 5642 1802 5694 materno

129 5743 323 5785 sexus
355 5724 449 5782 sui
479 5730 749 5782 naturam
771 5724 830 5780 in
855 5729 1139 5796 conceptu
1163 5728 1218 5780 et
1249 5729 1418 5796 partu
1438 5724 1694 5782 hominis
1714 5744 1802 5782 ex-

1925 3432 2137 3472 nomen
2155 3417 2553 3489 interrogavit,
2567 3421 2627 3473 et
2647 3422 2918 3474 naturam
2938 3419 3224 3491 cognovit.
3243 3421 3442 3492 Neque
3463 3421 3585 3477 haec

1923 3505 1994 3559 de
2023 3505 2290 3573 Deo,nisi
2323 3521 2425 3577 per
2445 3505 2628 3560 Deum
2661 3505 2896 3578 cognita
2932 3522 3062 3562 esse
3098 3507 3448 3578 potuissent.
3475 3509 3584 3565 Lo-

1923 3591 2224 3662 quendum
2251 3609 2389 3664 ergo
2421 3609 2536 3647 non
2567 3591 2735 3648 aliter
2761 3593 2832 3648 de
2862 3593 2978 3648 Deo
3010 3599 3100 3648 est
3130 3608 3309 3665 quam
3342 3599 3408 3650 ut
3456 3594 3584 3668 ipse

1923 3679 1996 3734 ad
2027 3679 2472 3753 intelligentiam
2507 3683 2768 3736 nostram
2791 3681 2860 3736 de
2879 3698 2940 3737 se
2971 3681 3204 3738 locutus
3226 3687 3334 3740 est.
3353 3684 3468 3740 Deo
3489 3685 3583 3742 cui

1921 3768 2122 3824 omnia
2168 3769 2228 3824 in
2279 3769 2528 3824 mortuis
2575 3768 2796 3836 vivunt,
2831 3769 2942 3824 hoc
2981 3768 3171 3825 solum
3220 3771 3391 3842 perit,
3425 3775 3581 3845 quod

1921 3855 2033 3911 sibi
2067 3856 2308 3928 deperit.
2340 3857 2488 3912 Nam
2514 3858 2890 3930 judicaturus
2936 3859 3061 3930 ipse
3091 3859 3164 3914 de
3193 3861 3492 3930 omnibus,
3527 3867 3584 3918 et

1922 3961 2026 4016 pro
2045 3945 2372 4016 majestatis
2395 3963 2514 4000 sua":
2538 3945 2942 4001 misericordia
2963 3963 3109 4018 pene
3127 3949 3401 4004 meritum
3425 3951 3584 4024 igno-

1922 4035 2074 4089 ranti
2099 4035 2509 4090 moderaturus
2541 4035 2742 4103 errori,
2764 4041 3044 4105 negantes
3063 4053 3124 4090 se
3137 4037 3264 4108 jam
3289 4041 3580 4112 nonjudi-

1922 4123 2078 4179 cabit
2107 4125 2328 4196 utique,
2364 4124 2466 4180 sed
2499 4124 2756 4194 negabit.
2793 4124 2953 4179 Fidei
2984 4141 3130 4180 vera:
3177 4129 3460 4198 professio
3500 4131 3584 4187 ita

1921 4213 2107 4269 Deum
2133 4230 2200 4268 ex
2222 4214 2338 4268 Deo
2362 4217 2673 4280 natum,ut
2692 4211 2890 4268 lumen
2913 4229 2981 4268 ex
2999 4212 3240 4283 lumine,
3269 4219 3424 4288 quod
3455 4217 3582 4276 sine

1921 4302 2274 4357 detrimento
2302 4318 2408 4356 suo
2442 4305 2713 4356 naturam
2747 4315 2916 4356 suam
2948 4306 3185 4372 praestat
3215 4320 3283 4358 ex
3332 4321 3480 4373 sese,
3515 4312 3582 4362 ut

1920 4389 2019 4445 det
2048 4391 2202 4462 quod
2237 4391 2496 4457 habet,et
2539 4389 2696 4462 quod
2747 4388 2974 4444 dederit
3022 4390 3255 4445 habeat.
3295 4393 3582 4450 Nascatur

1921 4495 2154 4551 quoque
2177 4479 2332 4550 quod
2375 4479 2471 4548 sit,
2497 4495 2632 4533 cum
2684 4495 2800 4533 non
2851 4477 3011 4533 aliud
3058 4495 3237 4550 quam
3289 4483 3444 4554 quod
3491 4488 3581 4540 est

1921 4573 2126 4624 natum
2172 4571 2274 4625 vit.
2311 4569 2382 4624 Et
2415 4568 2692 4624 nativitas
2734 4569 3022 4640 acceperit
3073 4569 3228 4640 quod
3272 4576 3418 4640 erat,
3472 4590 3578 4630 nec

1841 4657 2208 4754 Dedemerit
2263 4659 2420 4730 quod
2467 4657 2708 4754 accepit,
2762 4657 2957 4754 sitque
3015 4661 3332 4754 utrumque
3389 4677 3576 4718 unum

1919 4747 2061 4802 dum
2113 4764 2182 4802 ex
2235 4763 2301 4802 eo
2346 4747 2502 4818 quod
2552 4750 2644 4802 est
2693 4745 2973 4813 nascitur,
3009 4752 3067 4802 et
3111 4749 3266 4819 quod
3317 4750 3581 4808 nascitur

1917 4853 2104 4908 neque
2133 4836 2370 4892 aliunde
2399 4851 2590 4907 neque
2617 4833 2778 4892 aliud
2808 4839 2925 4903 est;
2961 4841 3051 4892 est
3079 4836 3236 4892 enim
3269 4836 3472 4896 lumen
3502 4841 3576 4897 de

1914 4923 2156 4980 lumine.

2046 5011 2182 5068 CAP.
2218 5012 2314 5068 III.
2347 5042 2418 5053 -——
2441 5011 2515 5069 De
2545 5013 2836 5070 Nativitate
2867 5015 3000 5068 Filii
3029 5015 3128 5070 Dei
3155 5031 3227 5070 ea:
3251 5017 3438 5074 Patre.

1986 5103 2113 5158 Non
2143 5119 2248 5174 per
2275 5101 2762 5158 consuetudinem
2795 5102 3040 5158 humani
3067 5107 3274 5175 partus
3323 5105 3479 5164 Deus
3507 5125 3588 5164 ex

1913 5192 2028 5248 Deo
2062 5190 2550 5264 nascitur,nequo
2581 5207 2685 5262 per
2709 5191 3000 5247 elementa
3047 5190 3294 5265 originis
3337 5199 3572 5265 nostris,

1913 5285 1982 5336 ut
2010 5281 2185 5336 homo
2207 5298 2275 5335 ex
2306 5279 2542 5335 homine
2570 5280 2934 5352 propellitur.
2969 5281 3202 5355 Integra
3234 5282 3338 5348 illi,
3358 5289 3414 5339 et
3442 5302 3571 5356 per-

1915 5370 2084 5436 fecta,
2118 5374 2175 5424 ct
2199 5369 2661 5424 incontaminata
2692 5370 2968 5424 nativitas
3007 5375 3116 5438 est,
3152 5372 3323 5443 cujus
3373 5390 3406 5426 a
3455 5373 3571 5430 Deo

1913 5460 2086 5516 exitio
2109 5459 2306 5532 potius
2329 5475 2505 5530 quam
2529 5464 2737 5530 partus
2758 5460 2972 5514 est.Est
2995 5459 3150 5513 enim
3171 5477 3325 5515 unus
3343 5479 3409 5514 ex
3430 5479 3566 5530 uno,

1915 5567 2026 5604 non
2049 5554 2140 5604 est
2170 5547 2378 5621 portio,
2397 5565 2511 5602 non
2545 5553 2635 5603 est
2657 5548 2924 5616 defectio,
2946 5566 3058 5602 non
3094 5553 3184 5602 est
3231 5548 3565 5616 diminutio,

1911 5656 2028 5694 non
2077 5637 2377 5703 derivatio,
2411 5653 2526 5691 non
2571 5639 2882 5708 protentio,
2935 5654 3049 5692 non
3091 5636 3306 5708 passio,
3342 5637 3442 5690 sed
3489 5638 3570 5692 vi-

1909 5727 2097 5784 ventis
2130 5729 2352 5782 natura:
2383 5741 2452 5780 ex
2489 5725 2715 5781 vivente
2737 5725 3010 5784 nativitas
3057 5727 3164 5788 est,
3217 5727 3274 5776 et
3313 5723 3466 5778 Deus
3497 5740 3567 5779 ex.
