3912 6362
296 423 414 487 379

1327 423 1664 489 GEZONIS
1707 420 2042 485 ABBATIS
2087 421 2659 487 DERTONENSIS.

3600 415 3732 482 380

287 558 403 615 Deo
433 555 782 624 exiens,non
815 558 1085 613 creatura
1114 555 1170 613 in
1198 557 1296 614 Dei
1321 557 1556 614 nomine
1577 556 1948 614 electa.Non.
1981 553 2036 621 Α
2067 573 2242 612 cense
2264 555 2487 613 lumine
2509 553 2820 613 exlumine
2841 572 2944 629 per
2963 553 3280 629 quemdam
3309 551 3478 626 quasi
3518 550 3734 610 nativi-

286 649 354 700 ut.
383 649 559 710 esset,
595 643 766 716 cepit,
802 661 869 699 ex
915 644 1120 711 nihilo,
1155 647 1257 699 sed
1303 646 1442 701 exiit
1473 663 1507 700 a
1550 649 1844 700 manente.
1885 643 1953 726 Et

286 733 476 789 exisse
507 731 998 804 significationem
1032 733 1210 789 habet
1241 732 1584 800 nativitatis,
1623 751 1736 787 non
1773 731 1954 800 habet

282 819 691 874 inchoationis.
715 819 838 874 Non
873 821 1030 875 enim
1064 820 1216 876 idem
1252 826 1342 876 est
1387 820 1611 893 cepisse
1664 820 1950 874 substan-

279 909 444 976 tiam,
477 913 534 964 et
564 908 749 964 Deum
781 909 968 963 exisse
999 910 1069 962 de
1106 909 1241 964 Deo.
1278 910 1346 964 Et
1395 907 1722 963 nativitatis
1769 907 1948 978 huius

280 997 525 1052 scicntia
549 996 686 1051 licet
717 1014 829 1050 non
861 997 1124 1066 subjecta
1151 997 1345 1052 verbis
1391 998 1488 1063 sit,
1543 1014 1675 1051 cum
1723 998 1950 1050 inenar-

282 1084 484 1139 rabilis
519 1084 614 1152 sit,
633 1083 806 1138 habet
837 1088 1033 1139 tamen
1069 1084 1127 1138 in
1151 1085 1420 1139 doctrina
1442 1084 1569 1140 Filii
1612 1085 1743 1140 fidei
1777 1102 1943 1140 secu-

281 1173 515 1228 ritatem
549 1189 583 1226 a
626 1172 742 1227 Deo
775 1189 838 1228 se
882 1171 1322 1228 manifestantis
1358 1173 1566 1229 exisse.
1619 1173 1805 1228 Habet
1835 1173 1942 1229 hoc

279 1261 630 1316 sacramenti
663 1260 790 1317 sola
819 1261 1114 1328 nativitas,
1147 1265 1211 1316 ut
1232 1261 1654 1333 complectatur
1675 1261 1734 1316 in
1783 1280 1843 1317 se
1884 1266 1942 1317 et

279 1354 588 1414 nomen,et
618 1353 914 1418 naturam,
933 1354 990 1406 ct
1013 1354 1456 1422 potestatem,ct
1488 1351 1932 1423 professionem,

279 1439 434 1510 quod
459 1437 730 1493 universa
750 1437 1024 1493 nativitas
1056 1455 1169 1493 non
1203 1443 1394 1510 potest
1440 1456 1555 1492 non
1609 1439 1665 1493 in
1710 1455 1776 1494 ea
1808 1456 1938 1494 esse

278 1530 491 1582 natura
513 1528 668 1582 unde
699 1528 1133 1582 nascatur.Non
1174 1528 1342 1582 affert
1371 1545 1438 1582 ex
1469 1527 1681 1583 terreni
1707 1528 1938 1600 generis

279 1615 694 1682 substantiam,
711 1617 866 1688 quod
891 1632 958 1671 ex
979 1632 1094 1671 uno
1112 1633 1227 1671 non
1251 1616 1523 1673 subsistit
1545 1617 1754 1672 alieno.
1771 1617 1935 1684 Quod

277 1708 473 1760 autem
503 1704 760 1760 alienum
793 1721 826 1758 a
866 1721 928 1759 se
978 1721 1094 1759 non
1138 1709 1248 1772 est,
1283 1705 1342 1760 id
1375 1722 1560 1760 unum
1595 1711 1683 1762 est
1725 1721 1937 1778 genere

276 1795 593 1860 naturae,et
621 1790 906 1864 quidquid
936 1808 1120 1847 unum
1151 1795 1241 1847 est
1265 1809 1368 1864 per
1397 1791 1784 1861 nativitatem,
1818 1809 1934 1848 non

275 1880 453 1936 habet
483 1878 883 1936 solitudinem.

275 1969 410 2026 CAP.
447 1969 540 2026 ιν.
565 2000 633 2010 --
665 1969 815 2040 Quod
843 1970 1039 2042 formis
1067 1985 1210 2042 ,ηερε
1229 1971 1691 2044 comparabilibus
1721 1971 1937 2028 erudia-

681 2075 811 2115 mur
838 2059 908 2114 ad
940 2059 1294 2132 intelligenda
1320 2059 1530 2116 divina.

349 2149 630 2205 Humanis
663 2147 861 2220 itaque
886 2146 1206 2204 nativitatis
1231 2149 1650 2204 conscientiam
1672 2148 1934 2217 consulo,

275 2242 475 2294 utrum
506 2254 621 2292 non
655 2235 812 2293 intra
834 2235 1020 2293 Patris
1049 2236 1335 2310 originem
1370 2243 1607 2295 maneat
1641 2239 1803 2312 origo
1835 2256 1937 2294 na-

277 2327 604 2395 scentium;
639 2344 778 2383 nam
807 2331 928 2383 tam
959 2327 1067 2384 etsi
1094 2327 1385 2384 elementa
1417 2328 1517 2384 illa
1564 2327 1827 2384 inanima
1871 2345 1939 2383 ac

276 2417 478 2492 turpia
509 2418 727 2491 quibus
758 2417 1037 2473 nascendi
1068 2434 1258 2473 causa:
1288 2417 1736 2488 inchoantur,in
1758 2416 1942 2473 homi—

277 2521 417 2564 nem
450 2507 704 2564 alterum
736 2508 1000 2576 effluant,
1026 2524 1128 2580 per
1157 2512 1380 2564 natura:
1425 2513 1620 2565 tamen
1661 2508 1936 2564 virtutem

284 2597 442 2653 intra
475 2613 538 2653 se
567 2596 817 2652 invicem
850 2599 1147 2664 maneant,
1178 2597 1322 2652 dum
1360 2600 1418 2653 et
1448 2614 1550 2670 per
1598 2597 1794 2654 datam
1827 2615 1860 2653 a
1881 2614 1943 2653 se

276 2689 504 2740 naturae
535 2685 801 2756 ejusdem
835 2683 1120 2756 originem
1155 2689 1494 2740 nascentem
1548 2684 1816 2757 sequitur
1845 2684 1942 2740 ille

276 2774 378 2847 qui
407 2773 617 2847 gignit,
651 2778 710 2828 et
741 2790 844 2845 per
863 2777 1164 2844 acceptam
1198 2773 1590 2840 nativitatem,
1624 2776 1796 2847 cujus
1829 2773 1942 2830 vir-

277 2866 374 2917 tus
415 2861 732 2929 derivetur,
767 2877 882 2915 non
915 2865 1114 2916 tamen
1145 2863 1448 2918 auferatur
1478 2860 1538 2917 in
1561 2860 1858 2935 gignente,
1893 2863 1942 2919 si

279 2954 478 3006 manet
506 2948 603 3006 ille
636 2947 736 3022 qui
769 2947 1050 3022 gignitur.
1085 2949 1156 3004 Et
1190 2949 1298 3005 hoc
1331 2951 1567 3022 quidem
1603 2955 1834 3006 tantum
1869 2951 1942 3006 ad

276 3039 549 3094 humana
582 3037 904 3094 nativitatis
932 3036 1384 3110 intelligentiam
1417 3044 1942 3095 commemoratum

279 3146 314 3185 a
339 3129 509 3184 nobis
539 3127 636 3196 sit,
673 3143 787 3184 non
809 3127 988 3183 etiam
1025 3127 1096 3182 ad
1149 3127 1474 3200 perfectum
1524 3127 1584 3183 in
1634 3127 1944 3202 Unigenito

277 3217 398 3273 Deo
443 3215 770 3272 nativitatis
807 3215 1160 3288 exemplum,
1195 3216 1334 3288 quia
1383 3220 1606 3272 natura:
1667 3218 1940 3273 humanae

279 3305 593 3362 infirmitas
625 3322 693 3361 ex
723 3303 1060 3378 disparibus
1089 3308 1484 3377 comparatur,
1517 3309 1574 3360 et
1601 3323 1706 3362 nec
1729 3323 1797 3361 ex
1821 3305 1939 3361 ina-
1967 3295 2012 3364 C

281 3393 460 3449 nimis
491 3393 826 3450 continetur
875 3393 947 3448 ad
985 3391 1321 3462 vitam,nec
1367 3393 1570 3449 statim
1616 3394 1677 3448 in
1721 3410 1790 3450 ea
1839 3393 1937 3466 qui

281 3483 545 3556 gignitur
571 3483 730 3552 vivit,
765 3499 954 3555 neque
993 3486 1184 3538 totum
1233 3483 1377 3538 vivit
1423 3500 1492 3539 ex
1542 3483 1679 3550 vita,
1714 3500 1847 3538 cum
1878 3483 1940 3539 in

281 3589 350 3629 ea
373 3573 560 3630 multa
587 3573 710 3630 sint
739 3589 870 3646 qua:
898 3571 1023 3628 sine
1057 3576 1280 3627 natura:
1313 3589 1430 3628 sua:
1463 3588 1640 3627 sensu
1679 3588 1813 3627 cum
1841 3589 1941 3628 ex-

282 3663 567 3719 creverint
597 3663 962 3719 desecentur.
999 3660 1063 3716 In
1094 3660 1210 3716 Deo
1243 3677 1375 3716 vero
1419 3661 1574 3732 quod
1605 3664 1714 3728 est,
1751 3665 1942 3718 totum

281 3751 450 3820 vivit;
483 3753 638 3808 Deus
669 3750 828 3806 enim
880 3749 998 3804 vita
1031 3751 1140 3815 est,
1177 3753 1234 3804 et
1279 3748 1400 3803 haec
1449 3749 1568 3804 vita
1605 3766 1720 3804 non
1756 3755 1946 3822 potest

284 3839 607 3913 quidquam
656 3856 786 3895 esse
816 3837 928 3893 nisi
982 3837 1199 3900 vivum,
1224 3852 1410 3907 neque
1453 3853 1522 3891 ex
1565 3837 1942 3908 derivatione,

284 3929 386 3983 sed
417 3945 487 3984 ex
509 3929 724 3982 virtute
754 3924 1030 3980 nativitas
1059 3928 1168 3979 est.
1202 3925 1281 3978 Ac
1311 3923 1358 3978 si
1393 3923 1535 3978 dum
1569 3929 1758 3980 totum
1791 3929 1946 4000 quod

285 4019 375 4071 est
402 4015 632 4082 vivit,et
667 4015 807 4068 dum
839 4016 1028 4067 totum
1063 4012 1218 4084 quod
1251 4029 1321 4066 ex
1349 4029 1416 4068 eo
1460 4014 1726 4070 nascitur
1762 4015 1948 4072 virtus

289 4106 400 4168 est,
433 4102 610 4157 habet
632 4100 1020 4166 nativitatem,
1051 4117 1166 4154 non
1187 4099 1376 4155 habet
1391 4101 1950 4173 demutationem,et

289 4190 552 4262 impertit
583 4189 930 4262 profectum,
963 4205 1079 4242 non
1112 4187 1334 4244 amittit
1371 4193 1668 4247 naturam.
1690 4193 1760 4247 Et
1807 4194 1948 4249 dum

291 4278 656 4334 nativitatem
691 4293 868 4350 quam
892 4276 1054 4333 dedit
1084 4294 1187 4349 per
1235 4277 1565 4335 indiscreta:
1618 4286 1840 4338 naturae
1873 4283 1950 4338 si-

292 4368 687 4424 militudinem
720 4366 1006 4438 sequitur,
1038 4370 1095 4422 et
1125 4365 1402 4424 nativitas
1427 4385 1722 4442 cam,quaz
1754 4371 1954 4428 vivens

293 4472 361 4512 ex
383 4457 611 4514 vivente
638 4460 748 4526 est,
785 4461 1056 4512 naturam
1089 4457 1383 4512 nascendo
1416 4474 1532 4513 non
1578 4459 1814 4516 deserit.
1865 4461 1959 4520 Af.

292 4545 405 4601 fert
423 4550 620 4602 autem
639 4562 742 4618 pro
761 4548 924 4616 parte
938 4545 1072 4599 fidei
1091 4544 1272 4616 hujus
1288 4545 1482 4618 signiﬁ
1494 4547 1782 4604 eationem
1801 4549 1957 4622 ignis

2062 644 2200 700 tatis
2233 645 2559 718 profectum
2586 650 2808 700 natura:
2840 643 3001 698 nulla
3031 641 3276 699 defectio
3308 641 3406 709 sit,
3429 644 3488 695 et
3517 644 3725 696 tamen

2062 733 2138 790 sit
2169 733 2368 790 lumen
2399 752 2468 789 ex
2497 733 2868 789 lumine.Aut
2900 732 3168 804 nunquid
3201 731 3309 786 hoc
3355 747 3470 785 non
3517 733 3728 784 manet

2060 823 2119 878 in
2152 837 2240 891 eo,
2274 825 2428 896 quod
2462 841 2530 878 ex
2560 841 2688 879 sese
2721 823 2846 878 sine
2880 821 3204 877 defectione
3244 819 3572 875 subsistat?
3602 820 3726 874 Aut

2057 912 2166 967 hoc
2199 931 2314 968 non
2364 914 2516 968 inest
2565 912 2624 966 in
2655 929 2744 978 eo,
2776 913 2931 967 unde
2963 929 3077 966 non
3128 925 3423 965 recessum
3469 913 3576 974 est,
3613 908 3722 963 sed

2056 1019 2190 1056 cum
2227 1001 2448 1057 unitate
2480 1000 2825 1057 substantiae
2859 999 3146 1055 naturalis
3172 998 3387 1054 exivit?
3419 998 3487 1052 Et
3517 1014 3722 1068 quam)

2054 1109 2204 1147 anne
2227 1109 2341 1146 non
2365 1108 2550 1146 unum
2581 1091 2872 1156 sint,cum
2895 1087 3096 1143 lumen
3120 1105 3188 1144 ex
3225 1085 3448 1142 lumine
3488 1102 3594 1140 nec
3627 1085 3720 1138 di-

2051 1179 2272 1235 visione
2304 1179 2650 1252 separabilis
2683 1179 2780 1245 sit,
2809 1195 2914 1233 nec
2935 1193 3145 1251 genere
3175 1175 3438 1232 naturas?
3467 1175 3544 1252 Et.
3567 1173 3717 1243 hac,

2051 1273 2117 1324 ut
2147 1268 2286 1337 dixi,
2321 1269 2393 1324 ad
2425 1267 2873 1342 intelligentiam
2914 1270 3149 1322 tantum
3197 1263 3333 1320 ﬁdei
3373 1267 3722 1336 comparata

2050 1357 2190 1413 sint.
2225 1375 2338 1412 non
2369 1357 2546 1412 etiam
2595 1357 2664 1412 ad
2715 1356 2814 1412 Dei
2849 1355 3219 1428 dignitatem,
3254 1356 3320 1408 ut
3351 1368 3462 1407 non
3515 1351 3717 1424 potius

2049 1445 2498 1518 intelligentiam
2517 1443 2902 1501 invisibilium
2924 1460 2991 1498 ex
3007 1439 3504 1514 comparabilibus
3522 1456 3718 1495 sume-

2049 1549 2396 1601 remus,non
2420 1534 2640 1606 utique,
2659 1537 2724 1588 ut
2755 1530 2996 1604 aliquod
3014 1535 3236 1586 natura;
3268 1529 3370 1586 Dei
3412 1527 3717 1585 satisface-

2047 1627 2135 1679 ret
2165 1622 2620 1695 comparationis
2651 1621 3158 1694 exemplum,cum
3197 1619 3444 1692 dignum
3492 1622 3550 1673 et
3573 1617 3708 1690 jus-

2046 1717 2174 1768 tum
2205 1716 2361 1768 esset
2393 1710 2632 1767 testanti
2667 1711 2739 1766 de
2771 1725 2830 1766 se
2864 1709 2980 1766 Deo
3011 1708 3266 1764 credere.

2313 1827 2448 1884 CAP.
2481 1826 2550 1883 V.
2583 1857 2651 1867 —
2674 1827 2750 1882 De
2777 1827 2875 1882 Dei
2904 1825 3086 1880 Patris
3117 1797 3454 1879 substantia:

1963 1928 2012 1994 Β
2115 1944 2282 2000 Pater
2311 1949 2400 2000 est
2430 1959 2498 1998 ex
2527 1959 2642 2016 quo
2673 1957 2846 1998 omne
2869 1941 3024 2013 quod
3050 1944 3140 1996 est
3167 1937 3458 1996 consistit.
3485 1939 3616 2010 Ipse
3648 1937 3706 1993 in

2044 2033 2276 2089 Christo
2307 2036 2363 2087 et
2401 2049 2504 2104 per
2548 2030 2846 2086 Christum
2885 2028 3046 2101 origo
3094 2028 3382 2084 omnium.
3416 2026 3705 2082 Caeterum

2045 2123 2176 2195 ejus
2207 2123 2265 2178 in
2298 2137 2426 2178 sese
2456 2125 2566 2188 est,
2601 2137 2715 2176 non
2748 2119 2987 2175 aliunde
3015 2118 3174 2190 quod
3203 2121 3292 2174 est
3312 2134 3580 2185 sumens,
3608 2117 3716 2172 sed

2046 2212 2107 2267 id
2139 2213 2295 2286 quod
2327 2216 2416 2268 est
2446 2228 2515 2268 ex
2562 2225 2623 2266 se
2664 2215 2838 2284 atque
2885 2209 2947 2265 in
2979 2223 3041 2264 se
3071 2208 3397 2264 continens.
3435 2207 3720 2264 Inﬁnitus

2048 2301 2189 2374 quia
2209 2319 2326 2357 non
2347 2301 2473 2374 ipse
2504 2299 2564 2356 in
2596 2298 2933 2372 aliquo,sed
2967 2298 3122 2354 intra
3150 2313 3285 2352 eum
3307 2295 3528 2351 omnia.
3556 2297 3732 2352 Sem-

2055 2408 2159 2464 per
2188 2395 2352 2447 extra
2379 2389 2596 2459 locum,
2632 2388 2770 2462 quia
2800 2405 2915 2443 non
2940 2387 3274 2443 continetur
3301 2386 3358 2440 in
3389 2384 3732 2440 loco.Sem-

2052 2498 2156 2554 per
2186 2485 2323 2536 ante
2355 2496 2562 2547 aevum,
2598 2478 2737 2551 quia
2766 2483 3002 2550 tempus
3033 2477 3105 2533 ab
3136 2493 3204 2532 eo
3236 2480 3324 2530 est
3343 2479 3503 2530 extra
3538 2490 3728 2546 quem

2051 2568 2200 2625 nihil
2241 2572 2350 2636 est,
2384 2571 2444 2624 et
2491 2567 2584 2624 cui
2632 2571 2722 2622 est
2771 2582 3024 2638 semper,
3049 2570 3116 2620 ut
3159 2580 3391 2636 semper
3437 2562 3536 2618 sit.
3588 2563 3730 2620 Haec

2049 2658 2263 2714 veritas
2321 2661 2412 2713 est
2478 2655 2832 2712 sacramenti
2889 2653 3017 2723 Dei,
3076 2654 3186 2709 hoc
3247 2650 3731 2724 imperspicabile

2053 2752 2278 2804 natura:
2311 2761 2524 2802 nomen
2558 2746 2614 2800 in
2648 2745 2838 2800 Patre.
2871 2742 2990 2799 Soli
3037 2743 3182 2799 Filio
3213 2746 3413 2807 notus,
3447 2739 3586 2812 quia
3612 2739 3729 2795 Pa-

2052 2841 2204 2892 trem
2237 2851 2408 2892 nemo
2441 2834 2601 2889 novit
2629 2831 2741 2888 nisi
2772 2831 2972 2899 Filius,
3005 2835 3065 2887 et
3111 2831 3202 2886 cui
3253 2829 3504 2884 voluerit
3535 2827 3731 2884 Filius

2054 2923 2326 2979 revelare.
2362 2923 2511 2994 Ergo
2560 2921 2632 2976 de
2681 2919 2850 2974 Patre
2895 2935 3014 2974 una
3053 2935 3189 2973 cum
3242 2917 3388 2974 Filio
3429 2915 3734 2972 revelante

2055 3011 2222 3080 Filio,
2257 3011 2354 3083 qui
2389 3009 2512 3066 solo
2541 3008 2712 3064 testis
2745 3006 2935 3062 ﬁdelis
2966 3010 3078 3071 est,
3103 3007 3456 3061 sentiamus.

2196 3123 2330 3179 CAP.
2363 3121 2457 3178 VI.
2491 3153 2558 3164 —
2589 3121 2662 3176 De
2689 3120 2976 3177 natiuitate
3004 3119 3138 3174 Filii
3165 3119 3265 3175 Dei
3291 3134 3362 3174 ea:
3390 3121 3578 3176 Patre.

2121 3239 2198 3310 (1)
2231 3237 2442 3293 Filium
2467 3252 2635 3291 mens
2665 3238 3076 3290 consternatur
3096 3233 3406 3306 attingere,
3433 3238 3493 3290 et
3533 3235 3730 3308 trepi-

2050 3328 2150 3383 dat
2178 3325 2372 3382 omnis
2404 3341 2596 3380 sermo
2623 3341 2684 3380 se
2707 3323 3089 3397 prodere.Est
3111 3323 3420 3396 progenies
3443 3323 3729 3396 ingeniti,

2049 3433 2204 3472 unus
2235 3431 2304 3470 ex
2335 3429 2473 3481 uno,
2493 3430 2666 3469 verus
2698 3431 2733 3468 a
2760 3412 3104 3482 vero,vivus
3134 3429 3168 3467 a
3196 3411 3348 3482 vivo,
3363 3412 3672 3485 perfectus
3701 3430 3737 3468 ο,

2050 3504 2326 3578 perfecto,
2358 3502 2592 3558 virtutis
2621 3502 2827 3569 virtus,
2853 3501 3144 3574 sapientia
3175 3499 3502 3573 sapientiae,
3535 3499 3736 3574 gloria

2050 3593 2479 3667 glorize,imago
2512 3591 2827 3647 invisibilis
2860 3591 3190 3658 Dei,forma
3223 3589 3412 3644 Patris
3443 3589 3733 3662 ingeniti.

2053 3683 2111 3739 Si
2145 3681 2279 3755 quis
2313 3682 2458 3738 forte
2480 3679 2883 3754 intelligentiae
2907 3698 3026 3735 sua:
3055 3679 3375 3752 imputabit
3395 3679 3733 3752 generatio-

2055 3771 2146 3826 nis
2175 3769 2380 3826 divinze
2413 3773 2872 3836 sacramentum,
2906 3769 2963 3823 id
3015 3771 3106 3823 est
3154 3766 3408 3839 qualiter
3451 3767 3736 3840 genuerit

2056 3862 2226 3918 Pater
2257 3859 2470 3916 Filium
2501 3877 2616 3914 non
2650 3874 2821 3932 posse
2844 3874 2906 3915 se
2937 3855 3237 3930 consequi,
3263 3873 3400 3911 cum
3430 3859 3634 3910 tamen
3673 3863 3734 3911 et

2058 3951 2227 4006 Pater
2269 3949 2348 4006 sit
2395 3948 2662 4005 absolute
2696 3946 3137 4021 intelligendus,
3171 3951 3230 4002 et
3262 3945 3464 4016 Filius,
3500 3945 3734 4017 majore

2058 4039 2219 4094 istud
2252 4037 2446 4093 dolore
2479 4055 2514 4092 a
2539 4054 2633 4092 me
2655 4037 2855 4092 audiet
2885 4035 3162 4109 ignorari.
3191 4035 3310 4108 Ego
3357 4034 3576 4099 nescio,
3604 4051 3730 4089 non

2059 4127 2310 4199 requiro,
2333 4131 2391 4181 et
2420 4125 2765 4180 consolabor
2805 4141 2897 4180 me
2936 4128 3156 4180 tamen.
3189 4121 3537 4194 Archangeli
3591 4139 3736 4178 nes-

2059 4217 2244 4284 ciunt,
2279 4213 2470 4288 angeli
2521 4231 2637 4269 non
2687 4213 3023 4278 audierunt,
3061 4211 3278 4268 saecula
3328 4225 3443 4265 non
3505 4214 3733 4276 tenent,

2064 4304 2348 4380 propheta
2397 4319 2512 4358 non
2559 4301 2764 4370 sensit,
2797 4301 3112 4374 Apostolus
3159 4317 3274 4356 non
3320 4299 3730 4371 interrogavit,

2064 4393 2246 4450 Filius
2299 4393 2422 4464 ipse
2472 4409 2588 4447 non
2615 4391 2818 4446 edidit.
2870 4389 3070 4446 Cesset
3119 4387 3290 4444 dolor
3329 4386 3732 4460 querelarum.

2063 4483 2210 4538 Nam
2238 4485 2316 4548 te,
2353 4481 2622 4552 quisquis
2653 4497 2738 4547 es,
2756 4478 2855 4552 qui
2879 4479 3000 4534 haec
3017 4477 3420 4551 requiris,non
3443 4492 3648 4533 revoco
3674 4478 3732 4532 in

2063 4569 2421 4642 exemplum,
2441 4586 2556 4624 non
2577 4569 2636 4623 in
2661 4566 3116 4640 amplitudinem
3138 4567 3469 4633 tendo,non
3504 4565 3736 4621 deduco

295 4651 354 4688 ¹¹¹
383 4651 445 4688 se
713 4633 959 4732 balaena]
987 4634 1134 4732 0U"
1167 4635 1301 4732 ίβῐξθ
1334 4633 1486 4732 ίεῐξίδ
1520 4652 1786 4732 ωθληιθηδ·
1811 4639 1956 4732 Nam
1985 4665 2036 4731 Ι)
2066 4661 2124 4716 in
2157 4633 2780 4732 profundum.Nonne-
2797 4656 3208 4728 aequanimiter
3250 4653 3548 4728 ignorabis
3567 4655 3738 4709 Crea-

295 4738 431 4777 cum
463 4721 540 4776 sit
561 4717 619 4776 in
643 4737 710 4776 eo
743 4720 1021 4792 splendor
1050 4721 1313 4790 luminis,
1334 4729 1553 4780 natura:
1580 4725 1756 4795 calor,
1773 4727 1960 4784 virtus

292 4808 837 4904 urendi,mobilitas
868 4810 1177 4878 aestuandi,
1209 4815 1397 4868 totum
1432 4817 1628 4870 tamen
1662 4813 1818 4888 ignis
1847 4823 1960 4904 est,

294 4904 355 4955 et
405 4897 527 4954 haec
555 4897 831 4953 universa
860 4916 978 4954 una
1010 4903 1221 4956 natura
1251 4906 1360 4956 est.
1390 4901 1576 4958 Habet
1609 4904 1848 4976 quidem
1894 4897 1964 4962 ei

293 4986 640 5043 infirmitate
671 4987 826 5059 quod
852 5005 955 5060 per
986 4989 1297 5046 materiam
1329 4991 1604 5049 subsistit
1628 5011 1696 5050 ac
1718 4993 1878 5063 vivit,
1905 5001 1964 5052 et

294 5091 432 5130 cum
465 5092 534 5131 ea
562 5092 666 5148 per
687 5092 864 5148 quam
895 5077 1136 5148 vixerat,
1165 5079 1516 5138 deﬁcit.Sed
1549 5081 1658 5138 hoc
1691 5085 1845 5156 quod
1880 5085 1968 5161 in_

295 5163 594 5236 corporale
616 5163 716 5219 Dei
745 5169 835 5220 est
855 5183 923 5220 ex
946 5169 1452 5239 comparationum
1478 5175 1641 5242 parte
1664 5173 1962 5246 cognosci-

297 5258 535 5318 mus,ut
565 5271 678 5308 non
712 5253 1052 5310 incredibile
1080 5258 1139 5312 in
1165 5258 1348 5313 Deum
1372 5259 1469 5324 sit,
1487 5261 1642 5330 quod
1666 5279 1770 5332 pro
1794 5268 1959 5334 parte

294 5340 497 5413 aliqua
523 5341 579 5396 iu
631 5344 878 5398 terrenis
911 5345 1237 5416 reperiatur
1268 5347 1816 5414 elementis.Qu;ero
1858 5351 1963 5405 ita-

297 5446 412 5501 que
435 5449 590 5486 nunc
623 5435 822 5486 utrum
863 5432 1070 5488 divisio
1103 5452 1168 5489 ac
1195 5437 1485 5506 separatio
1519 5438 1614 5504 sit,
1641 5455 1774 5493 cum
1807 5439 1961 5511 ignis

294 5533 366 5572 ex
399 5519 533 5591 igne
565 5521 693 5576 est?
723 5522 837 5574 Aut
857 5522 1123 5594 nunquid
1151 5524 1478 5580 absciditur
1499 5530 1728 5594 natura,
1746 5544 1816 5581 ne
1839 5545 1960 5582 ma-

297 5609 476 5663 neat?
507 5610 620 5664 Aut
651 5626 767 5664 non
800 5610 1066 5682 sequitur
1109 5617 1340 5679 natura,
1372 5630 1442 5668 ne
1472 5612 1656 5670 insit?
1687 5631 1823 5672 cum
1869 5633 1962 5672 ac-

372 5697 448 5769 (1)
478 5697 623 5754 Vide
644 5699 700 5756 S.
733 5697 937 5766 Hilar.,
971 5697 1074 5756 lib.
1109 5717 1150 5757 ιι
1184 5700 1253 5758 de
1284 5701 1446 5761 Trin.

2070 4751 2213 4806 toris
2237 4747 2601 4804 nativitatem
2634 4747 2911 4818 ignorans
2933 4744 3218 4818 originem
3260 4742 3580 4798 creaturae?
3614 4741 3737 4798 Hoc

2071 4837 2280 4894 saltem
2314 4837 2566 4908 requiro,
2600 4835 2861 4890 sentisne
2912 4838 2968 4889 te
3007 4833 3298 4907 genitum,
3330 4835 3386 4886 et
3419 4849 3544 4903 quis
3575 4846 3650 4885 ex
3681 4835 3739 4886 te

2071 4931 2422 5001 generentur
2442 4923 2722 4997 intelligis
2739 4923 2768 4979 ‘I
2788 4924 2915 4980 Non
2937 4939 3131 4996 quaero
3152 4937 3393 4978 sensum
3415 4919 3572 4976 unde
3595 4919 3742 4976 hau-

2073 5015 2220 5072 seris
2252 5015 2452 5082 vitam,
2487 5013 2640 5068 unde
2672 5012 2916 5068 sortitus
2949 5012 3033 5068 sis
3072 5009 3543 5083 intelligentiam,
3577 5009 3738 5064 unde

2073 5105 2322 5177 adeptus
2354 5103 2436 5158 sis
2462 5119 2474 5156 :
2510 5100 2682 5174 quale
2713 5106 2802 5157 est
2825 5101 2980 5173 quod
3013 5100 3072 5155 in
3105 5103 3162 5156 te
3193 5098 3272 5155 sit
3303 5098 3464 5165 odor,
3499 5113 3736 5163 sensus,

2073 5195 2256 5260 visus,
2273 5191 2550 5248 auditus?
2573 5191 2742 5246 Certe
2764 5206 2935 5245 nemo
2953 5189 3126 5261 quod-
3143 5187 3283 5243 facit
3305 5187 3512 5242 nescit.
3533 5188 3741 5252 Quaaro

2069 5284 2224 5338 unde
2249 5283 2363 5338 ista
2391 5281 2484 5336 his
2511 5298 2658 5352 quos
2680 5296 2921 5352 generos
2945 5277 3286 5350 indulgeas;
3317 5275 3572 5348 qualiter
3603 5292 3744 5330 seu-

2071 5391 2175 5428 sus
2207 5372 2455 5441 inseras,
2487 5369 2688 5426 oculos
2741 5368 3048 5436 ascendas,
3073 5384 3172 5422 cor
3223 5365 3472 5437 effliges.
3505 5364 3665 5432 Hzec,
3692 5364 3741 5418 si

2072 5466 2259 5534 potes,
2292 5477 2521 5516 enarra.
2554 5459 2745 5514 Habes
2794 5473 2930 5530 ergo
2978 5457 3134 5530 quod
3189 5455 3482 5520 nescis,et
3523 5453 3744 5508 tribuis

2074 5568 2199 5622 quas
2232 5568 2346 5605 non
2381 5547 2683 5620 intelligis,
2717 5546 3125 5618 tequanimiter
3157 5543 3466 5616 imperitus
3501 5542 3561 5596 in
3597 5543 3739 5611 tuis,

2075 5638 2397 5696 insolenter
2425 5637 2486 5693 in
2515 5636 2617 5694 Dei
2650 5635 2824 5692 rebus
2858 5635 3099 5707 ignarus
3129 5650 3214 5692 es.
