3912 6366
215 434 335 500 381

879 574 1034 631 Recta
1061 572 1219 646 ﬁdes.

296 661 425 715 Stat
454 659 514 715 in
545 659 653 716 hoc
685 661 1073 737 intelligentia
1096 665 1208 719 ﬁne
1228 665 1669 720 verborumEst
1692 664 1873 721 Filius

222 750 297 805 ab
328 766 395 805 eo
427 750 592 805 Patre
623 752 721 822 qui
752 756 861 806 est.
900 753 1244 825 Unigenitus
1276 754 1347 808 ab
1379 753 1872 825 ingenito,proge-

223 839 352 894 nies
381 856 415 893 a
446 844 704 911 parente,
738 841 902 896 vivus
934 859 968 896 a
995 843 1142 897 vivo.
1178 842 1250 897 Ut
1299 842 1487 897 Patris
1534 840 1653 896 vita
1692 842 1749 896 in
1783 858 1873 896 se-

225 928 496 999 metipso,
528 928 609 982 ita
638 932 695 983 et
727 928 870 984 Filio
900 930 1036 984 data
1066 935 1155 984 est
1176 930 1296 985 vita
1321 930 1379 984 in
1403 930 1876 1001 semetipso.Per-

168 1068 171 1071 .
224 1017 411 1071 fectus
442 1034 475 1071 a
507 1018 779 1088 perfecto,
815 1019 954 1090 quia
988 1023 1145 1073 totus
1168 1036 1202 1073 a
1228 1020 1515 1074 toto.Non
1539 1019 1876 1085 divisio,aut

223 1104 516 1170 discissio,
550 1105 689 1175 quia
713 1104 860 1159 alter
890 1105 947 1158 in
983 1106 1249 1172 altero,et
1280 1104 1579 1176 plenitudo
1610 1106 1877 1160 divinita-

222 1191 301 1244 tis
319 1192 375 1245 in
397 1189 539 1245 Filio
561 1195 671 1245 est.
709 1192 1322 1263 lncomprehensibilis
1340 1193 1411 1246 ab
1430 1192 1873 1264 incomprehen-

224 1279 403 1335 sibili.
437 1281 606 1334 Novit
634 1281 791 1335 enim
826 1298 993 1335 nemo
1026 1282 1138 1335 nisi
1178 1281 1770 1336 invicem.lnvisibilis
1803 1280 1874 1334 ab

224 1367 527 1436 invisibili,
558 1370 698 1441 quia
730 1370 922 1441 imago
954 1370 1052 1424 Dei
1078 1369 1391 1424 invisibilis
1412 1374 1519 1437 est,
1539 1375 1596 1424 et
1617 1369 1756 1440 quia
1774 1368 1875 1439 qui

221 1458 370 1514 vidit
411 1458 644 1525 Filium,
678 1458 823 1513 vidit
864 1461 920 1512 et
950 1458 1199 1512 Patrem.
1233 1458 1396 1513 Alius
1445 1458 1516 1513 ab
1567 1458 1703 1527 alio,
1737 1457 1877 1529 quia

224 1547 394 1603 Pater
421 1552 479 1602 et
512 1546 714 1603 Filius.
748 1547 873 1602 Non
908 1551 1121 1601 natura
1151 1546 1478 1602 divinitatis
1509 1545 1624 1601 alia
1653 1550 1709 1602 et
1738 1544 1874 1612 alia,

224 1636 367 1708 quia
397 1637 568 1692 ambo
601 1652 806 1691 unum.
842 1636 996 1690 Deus
1018 1652 1053 1690 a
1072 1635 1206 1691 Deo.
1224 1636 1310 1690 Ab
1332 1652 1447 1690 uno
1476 1634 1735 1706 ingenito
1758 1634 1876 1688 Deo

226 1723 565 1797 unigenitus
596 1724 769 1779 Deus.
793 1723 919 1779 Non
953 1724 1032 1779 dii
1055 1724 1307 1789 duo,sed
1332 1740 1487 1778 unus
1514 1723 1584 1777 ab
1605 1722 1875 1778 uno.Non

222 1812 470 1885 ingeniti
520 1813 657 1880 duo,
690 1811 831 1884 quia
879 1816 1052 1868 natus
1101 1816 1189 1868 est
1236 1813 1309 1867 ab
1359 1812 1580 1866 innato.
1613 1810 1773 1867 Alter
1803 1811 1875 1867 ab

219 1902 403 1958 altero
434 1901 580 1957 nihil
611 1900 907 1969 differens,
941 1900 1080 1973 quia
1107 1900 1225 1956 vita
1251 1901 1499 1956 viventis
1522 1899 1581 1955 in
1609 1899 1736 1956 vivo
1762 1904 1873 1956 est.

214 1991 348 2047 Haec
378 1991 451 2047 de
481 1994 693 2047 natura
723 1989 1047 2046 divinitatis
1077 1988 1401 2063 attigimus,
1426 2006 1543 2045 non
1576 2005 1872 2044 summam

211 2079 615 2152 intelligentiae
675 2079 1259 2151 comprehendentes,
1321 2080 1421 2134 sed
1483 2077 1874 2150 intelligentes

210 2185 345 2225 esse
376 2166 1000 2240 incomprehensibilia
1029 2183 1158 2239 quae
1179 2166 1513 2239 loquamur.

282 2257 416 2312 CAP.
448 2255 570 2312 VII.
603 2285 674 2296 ——
703 2256 778 2311 De
802 2256 912 2326 ﬁlii
942 2257 1040 2311 Dei
1068 2258 1415 2327 generatione
1442 2272 1513 2311 ex
1540 2264 1734 2311 matre.

286 2345 540 2401 Humani
565 2348 763 2400 autem
792 2344 1024 2416 generis
1056 2360 1237 2401 causa
1266 2345 1367 2400 Dei
1400 2345 1582 2400 Filius
1605 2348 1781 2402 natus
1804 2361 1873 2400 ex

208 2434 454 2507 Virgine
484 2438 594 2501 est,
617 2438 675 2490 et
699 2433 920 2505 Spiritu
951 2437 1152 2489 sancto
1175 2433 1305 2507 ipso
1327 2434 1441 2490 sibi
1460 2434 1522 2489 in
1546 2434 1656 2490 hac
1675 2450 1873 2506 opera-

211 2525 372 2580 tione
405 2523 727 2579 famulante
746 2526 805 2578 et
826 2540 935 2577 sua
955 2522 1224 2579 videlicet
1246 2523 1345 2579 Dei
1369 2523 1743 2579 inumbrante
1762 2524 1872 2578 vir-

214 2617 342 2669 tute
370 2612 632 2685 corporis
662 2611 775 2667 sibi
810 2610 979 2667 initia
1007 2610 1306 2681 conscivit,
1327 2617 1383 2668 et
1412 2612 1647 2668 exordia
1676 2612 1871 2668 carnis

218 2702 502 2769 instituit,
537 2706 604 2757 ut
631 2701 806 2756 homo
838 2701 1028 2755 factus
1061 2716 1130 2756 ex
1157 2700 1396 2773 Virgine
1424 2704 1696 2756 naturam
1727 2701 1786 2755 in
1808 2718 1869 2756 se

214 2790 412 2847 carnis
441 2791 747 2862 acciperet,
773 2806 990 2861 perque
1019 2789 1199 2861 hujus
1231 2790 1601 2845 admistionis
1623 2789 1867 2847 societa-

215 2885 336 2935 tem
369 2881 800 2935 sanctiﬁcatum
850 2878 909 2932 in
940 2895 1006 2932 eo
1039 2878 1295 2934 universi
1343 2880 1574 2951 generis
1621 2880 1868 2935 humani

215 2988 430 3042 corpus
477 2970 766 3025 existeret.
804 2969 875 3024 Ut
909 2968 1408 3041 quemadmodum
1461 2985 1666 3024 omnes
1714 2968 1772 3022 in
1805 2985 1867 3023 se

209 3077 319 3132 per
342 3059 399 3114 id
430 3060 586 3131 quod
619 3074 963 3129 corporeum
986 3072 1048 3111 se
1069 3056 1254 3111 voluit
1276 3074 1425 3126 esse,
1451 3057 1866 3126 conderentur,

207 3148 293 3204 ita
322 3164 559 3204 rursum
593 3148 652 3202 in
685 3163 889 3202 omnes
920 3147 1046 3218 ipse
1077 3163 1180 3219 per
1203 3146 1260 3201 id
1283 3147 1439 3219 quod
1463 3148 1592 3218 ejus
1615 3145 1865 3201 estinvi-

209 3236 382 3293 sibile
409 3236 743 3292 referretur.
778 3235 879 3291 Dei
914 3235 1095 3309 igitur
1124 3236 1317 3308 imago
1344 3234 1658 3292 invisibilis
1689 3236 1869 3308 pudo-

1278 439 1511 504 LlBER
1551 442 1655 504 DE
1698 440 2062 505 CORPORE
2106 440 2207 503 ET
2250 439 2590 507 CHRISTI.

1903 575 1959 644 Α
1987 576 2248 630 affertur.
2282 575 2363 631 De
2393 575 2615 633 incensi
2643 576 2768 635 loco
2800 580 3071 636 sacerdos
3093 585 3296 640 mutus
3317 585 3633 659 egreditur.

1904 1946 1955 2013 B

3517 450 3637 516 382

1982 664 2235 718 Joannes
2251 662 2309 719 in
2328 682 2523 719 vocem
2544 667 2738 723 adhuc
2757 672 2921 724 utero
2939 670 3144 725 matris
3161 672 3431 729 detentus
3447 692 3639 732 erum-

1982 752 2087 823 pit.
2122 752 2365 807 Mariam
2389 754 2635 826 angelus
2659 757 2971 823 benedicit,
2987 763 3233 815 matrem
3254 761 3381 815 Filii
3404 763 3503 819 Dei
3520 765 3633 819 vir-

1982 841 2179 913 ginem
2206 841 2531 913 pollicetur.
2566 844 2669 900 llla
2696 846 3046 919 virginitatis
3073 865 3193 903 sum
3217 851 3600 917 conscia,dif'ﬁ
3618 885 3637 895 -

1984 930 2199 985 cultate
2222 932 2354 985 facti
2375 939 2793 989 commovetur.
2808 936 3065 1009 Angelus
3086 939 3137 992 ei
3159 939 3531 996 efﬁcientiam
3546 942 3635 997 di-

1982 1018 2128 1072 vina:
2159 1020 2514 1090 operationis
2544 1024 2810 1094 exponit;
2837 1026 2917 1079 ait
2947 1026 3132 1083 enim:
3158 1028 3398 1099 Spiritus
3417 1040 3636 1089 sanctus

1983 1110 2324 1178 superveniet
2356 1111 2413 1163 in
2444 1118 2510 1179 te,
2542 1120 2593 1166 et
2619 1114 2789 1168 virtus
2829 1115 3098 1170 Altissimi
3142 1118 3486 1176 obumbrabit
3512 1122 3632 1178 tibi.

1984 1195 2238 1267 Spiritus
2270 1204 2511 1254 sanctus
2542 1200 2794 1272 desuper
2821 1202 3056 1258 veniens
3086 1205 3342 1277 Virginis
3362 1206 3639 1265 interiora

1986 1284 2390 1353 sanctiﬁcavit,
2423 1293 2479 1342 et
2502 1288 2559 1342 in
2592 1289 2685 1344 his
2717 1290 2968 1361 spirans,
2995 1293 3095 1363 qui
3119 1295 3218 1349 ubi
3239 1296 3360 1350 vult
3383 1298 3636 1369 Spiritus

1986 1373 2189 1444 spirat,
2225 1380 2447 1431 natura:
2481 1393 2543 1432 se
2575 1378 2848 1434 humanae
2878 1381 3074 1436 carnis
3104 1382 3445 1440 immiscuit.
3480 1388 3547 1441 Et
3578 1387 3634 1442 id

1986 1463 2143 1533 quod
2196 1462 2451 1519 alienum
2484 1483 2517 1520 a
2548 1483 2609 1521 se
2640 1473 2782 1533 erat,
2816 1468 2869 1522 vi
2901 1486 3010 1524 sua
3057 1488 3123 1526 ac
3175 1477 3462 1544 potestate
3494 1492 3637 1547 prae-

1985 1551 2261 1622 sumpsit.
2294 1554 2484 1624 Atque
2516 1559 2579 1609 ut
2610 1572 2681 1610 ne
2711 1556 2851 1624 quid
2884 1575 2988 1629 per
3016 1558 3474 1617 imbecillitatem
3528 1563 3637 1619 hu-

1987 1638 2145 1694 mani
2177 1641 2438 1712 corporis
2467 1642 2795 1712 dissideret,
2818 1644 3005 1701 virtus
3034 1647 3308 1703 altissimi
3340 1650 3637 1723 Virginem

1986 1727 2320 1795 obumbrat,
2345 1728 2746 1786 inﬁrmitatem
2776 1733 2906 1803 ejus
2926 1733 3087 1789 velut
3107 1752 3210 1806 per
3232 1738 3505 1794 umbram
3525 1739 3637 1795 cir-

1986 1816 2318 1872 cumfusam
2351 1818 2801 1887 conﬁrmans,ut
2824 1822 2894 1876 ad
2926 1823 3315 1880 sementinam
3345 1826 3638 1884 inceuntis

1987 1903 2241 1976 Spiritus
2270 1906 2592 1964 efﬁcaciam
2632 1908 3027 1965 substantiam
3049 1913 3406 1984 corporalem
3428 1915 3636 1972 divina;

1984 1992 2218 2049 virtutis
2246 1993 2611 2052 inumbratio
2659 2000 3029 2070 temperaret.
3063 2000 3193 2056 Haec
3240 2004 3638 2075 conceptionis

1982 2084 2074 2137 est
2100 2082 2378 2155 dignitas.
2412 2083 2733 2142 Videamus
2763 2091 3018 2158 partum,
3051 2089 3313 2161 vagitum
3344 2096 3402 2146 et
3427 2108 3633 2161 cunas,

1982 2169 2240 2242 dignitas
2270 2188 2398 2243 quis
2422 2178 2725 2244 sequatur.
2746 2175 3032 2247 Loquitur
3052 2178 3124 2232 ad
3150 2179 3370 2252 Joseph
3393 2182 3637 2254 angelus

1982 2258 2307 2331 parituram
2338 2260 2660 2333 Virginem,
2693 2266 2751 2319 et
2770 2278 2929 2332 eum,
2963 2266 3065 2337 qui
3097 2270 3273 2323 natus
3313 2270 3504 2339 fuerit,
3537 2288 3635 2328 vo-

1982 2349 2237 2405 candum
2268 2349 2736 2423 Emmanuelem,
2765 2353 2820 2408 id
2856 2358 2946 2410 est
2970 2370 2984 2408 :
3006 2356 3299 2412 Nobiscum
3326 2360 3487 2415 Deus.
3506 2361 3637 2418 Pro-

1981 2436 2197 2492 clamat
2226 2438 2479 2510 Spiritus
2510 2456 2615 2512 per
2641 2441 3007 2514 prophetam.
3031 2445 3290 2517 Angelus
3322 2449 3489 2505 testis
3520 2455 3633 2520 est,

1981 2525 2136 2582 Deus
2166 2526 2473 2597 nobiscum
2499 2534 2589 2585 est
2616 2529 2714 2586 ille
2739 2531 2841 2603 qui
2872 2532 3153 2589 nascitur.
3187 2535 3413 2593 Novum
3443 2540 3636 2612 magis

1979 2612 2052 2667 de
2081 2612 2224 2669 coelo
2256 2613 2434 2670 stellae
2464 2615 2664 2673 lumen
2696 2618 2954 2687 effertur,
2978 2625 3035 2676 et
3063 2621 3190 2677 coeli
3224 2624 3541 2681 Dominum
3560 2627 3634 2683 si-

1978 2717 2162 2773 gnum
2193 2703 2423 2759 cmleste
2445 2707 3112 2781 prosequitur.Angelus
3134 2714 3470 2784 pastoribus
3490 2733 3635 2772 nun-
3716 2770 3723 2774 .

1976 2790 2086 2845 tiat
2105 2795 2308 2847 natum
2331 2793 2630 2850 Christum
2653 2796 3175 2864 Domini,salutem
3199 2801 3629 2861 universorum.

1979 2880 2294 2937 Multitudo
2324 2883 2613 2940 exercitus
2645 2885 2898 2942 cmlestis
2947 2886 3008 2942 in
3057 2888 3291 2946 laudem
3340 2895 3631 2967 puerperii

1978 2971 2292 3038 concurrit,
2325 2976 2383 3026 et
2429 2974 2575 3028 tanti
2606 2974 2822 3045 veperis
2871 2977 3161 3047 praeconia
3207 2979 3387 3036 divini
3447 2988 3632 3041 enatus

1977 3060 2193 3129 gaudia
2223 3060 2600 3131 eloquuntur.
2634 3062 2831 3119 Gloria
2873 3064 3083 3120 deinde
3112 3065 3171 3120 in
3205 3067 3364 3124 coalis
3406 3070 3544 3139 Deo,
3573 3076 3632 3128 et

1976 3163 2088 3219 pax
2117 3146 2177 3202 in
2209 3152 2364 3204 terra
2388 3148 2729 3207 hominibus
2756 3152 2920 3207 bona:
2952 3153 3269 3211 voluntatis
3296 3158 3625 3217 nuntiatur.

1974 3237 2204 3292 Adsunt
2233 3237 2443 3293 deinde
2471 3238 2648 3311 magi,
2681 3240 3009 3298 involutum
3032 3244 3247 3316 pannis
3274 3247 3540 3316 adorant,
3571 3251 3630 3304 et

207 3340 332 3380 rem
362 3323 609 3379 humani
641 3323 859 3379 exordii
904 3341 1018 3377 non
1063 3323 1373 3379 recusavit.
1406 3324 1476 3379 Et
1504 3340 1607 3395 per
1652 3341 1862 3381 conce-
1893 3316 1937 3383 C
1974 3330 2107 3396 post
2124 3326 2283 3382 illam
2301 3327 2494 3384 inanis
2511 3328 2768 3385 scientiae
2791 3347 2910 3386 sua:
2933 3348 3209 3389 arcanam
3230 3334 3628 3407 operationem

208 3413 492 3487 ptionem,
525 3416 785 3485 partum,
814 3411 1078 3484 vagitum
1112 3416 1169 3466 et
1191 3429 1394 3480 cunas,
1416 3429 1618 3469 omnes
1640 3416 1865 3469 natura;

208 3505 423 3557 nostra:
455 3500 843 3556 contumelias
873 3500 1326 3557 transcucurrit.
1350 3499 1498 3565 Quid
1516 3503 1755 3557 tandem
1776 3502 1864 3556 di-

207 3608 393 3664 gnum
407 3590 621 3645 anobis
639 3594 813 3644 tantm
831 3590 1188 3663 dignationis
1211 3590 1442 3645 affectui
1471 3591 1823 3662 rependetur
1837 3591 1865 3646 ‘I

208 3679 625 3738 Inenarrabilis
643 3697 677 3734 a
693 3680 808 3735 Deo
827 3679 1072 3751 originis
1101 3696 1259 3733 unus
1276 3677 1615 3750 unigenitus
1631 3680 1786 3734 Deus
1801 3680 1861 3735 in

204 3767 545 3842 corpusculi
575 3768 817 3823 humani
853 3769 1103 3822 formam
1143 3771 1358 3823 sanctae
1406 3766 1664 3839 Virginis
1696 3772 1862 3823 utero

202 3860 468 3914 insertus
486 3856 783 3913 accrescit.
799 3856 907 3922 Qui
926 3857 1124 3911 omnia
1140 3854 1419 3923 continet,
1436 3860 1493 3911 et
1512 3857 1667 3912 intra
1686 3873 1860 3928 quem

202 3952 269 4005 et
296 3963 400 4019 per
426 3963 600 4018 quem
630 3948 840 4001 cuncta
872 3949 1033 4013 sunt,
1068 3945 1312 4001 humani
1346 3948 1550 4017 partus
1582 3945 1706 4017 lege
1729 3962 1860 4017 pro-

201 4037 412 4092 fertur.
443 4036 514 4089 Et
544 4035 617 4090 ad
647 4036 818 4106 cujus
847 4051 1048 4089 vocem
1080 4034 1269 4105 angeli
1304 4037 1480 4105 atque
1525 4034 1859 4105 archangeli

198 4128 488 4192 tremunt,
514 4122 748 4190 cmlum,
778 4127 837 4178 et
864 4127 1038 4189 terra,
1083 4127 1141 4177 et
1172 4122 1371 4177 omnia
1420 4123 1627 4177 mundi
1680 4123 1860 4194 hujus

197 4213 495 4270 elementa
526 4210 910 4278 resolventur,
942 4211 1143 4283 vagitu
1176 4210 1435 4264 infantia:
1466 4211 1723 4265 auditur.
1751 4212 1859 4276 Qui

195 4300 514 4359 invisibilis
531 4304 589 4355 et
608 4299 1221 4372 incomprehensibilis
1244 4304 1353 4368 est,
1370 4317 1486 4354 non
1507 4299 1656 4368 visu,
1682 4317 1857 4355 sensu

197 4396 483 4462 tactuque
514 4389 932 4456 moderandus,
968 4390 1138 4444 cunis
1169 4393 1258 4443 est
1289 4388 1621 4445 obvolutus.
1656 4390 1786 4445 Haec
1808 4391 1855 4444 si

195 4480 336 4553 quis
368 4479 612 4552 indigna
638 4478 754 4534 Deo
786 4477 1019 4545 recolet,
1054 4481 1218 4532 tanto
1251 4493 1311 4533 se
1342 4478 1550 4548 majori
1592 4478 1857 4534 beneﬁcii

197 4567 518 4625 obnoxium
548 4566 948 4634 conﬁtebitur,
982 4569 1203 4639 quanto
1234 4565 1432 4621 minus
1453 4566 1573 4620 haec
1596 4565 1697 4622 Dei
1720 4583 1856 4622 con-

194 4656 465 4750 venerint
492 4656 810 4750 majestati.
844 4656 970 4710 Non
984 4654 1097 4750 ille
1128 4655 1289 4727 eguit
1317 4655 1492 4750 homo
1544 4656 1716 4723 ef'ﬁci,
1750 4672 1853 4727 per
1878 4682 1928 4750 D

196 4761 376 4818 quem
406 4744 585 4800 homo
618 4743 809 4800 factus
833 4748 943 4799 est.
981 4744 1092 4798 Sed
1142 4761 1248 4799 nos
1297 4744 1569 4816 eguimus
1600 4749 1667 4799 ut
1697 4745 1852 4801 Deus

197 4852 335 4892 caro
366 4835 530 4890 ﬁeret
557 4838 618 4888 et
646 4833 940 4889 habitaret
970 4832 1030 4885 in
1062 4831 1315 4897 nobis,id
1340 4836 1428 4887 est
1448 4834 1852 4905 assumptione

196 4922 395 4981 carnis
425 4922 603 4978 unius
632 4923 916 4977 universae
944 4920 1138 4977 carnis
1168 4920 1400 4976 interna
1419 4921 1714 4978 incoleret.
1740 4922 1851 4979 Hu-

196 5012 418 5068 militas
465 5012 595 5084 ejus
644 5014 845 5067 nostra
874 5008 1148 5065 nobilitas
1184 5014 1293 5077 est,
1329 5010 1683 5066 contumelia
1720 5012 1848 5083 ejus

191 5102 383 5157 honor
400 5103 601 5156 noster
620 5104 726 5156 est.
746 5099 909 5167 Quod
931 5096 1031 5153 ille
1053 5097 1208 5153 Deus
1222 5097 1281 5152 in
1300 5113 1475 5153 carne
1496 5098 1843 5169 consistens,

192 5190 303 5246 hoc
335 5206 443 5245 nos
472 5188 731 5244 vicissim
764 5187 824 5242 in
852 5188 1038 5243 Deum
1061 5203 1128 5241 ex
1148 5203 1321 5241 carne
1352 5187 1748 5243 renovati.Sed
1774 5206 1846 5244 ne

189 5279 335 5335 forte
361 5278 666 5334 detineant
693 5276 1071 5349 scrupulosus
1102 5275 1390 5330 mentium
1437 5276 1840 5348 cogitationes,

189 5367 640 5439 cume,vagitus,
666 5370 871 5438 partus
893 5370 1066 5436 atque
1087 5364 1412 5436 conceptio;
1428 5363 1733 5419 recolenda
1754 5369 1846 5420 est

188 5456 246 5510 in
277 5454 531 5527 singulis
561 5455 661 5510 Dei
695 5453 971 5527 dignitas,
1007 5458 1073 5508 ut
1096 5452 1414 5508 voluntatis
1444 5452 1841 5508 humilitatem

187 5542 496 5616 potestatis
515 5543 759 5599 ambitio
782 5543 1088 5615 praecedat,
1105 5558 1210 5596 nec
1231 5542 1627 5613 dignationem
1651 5543 1841 5614 digni-

190 5637 280 5688 tas
308 5631 698 5704 derelinquat.
730 5631 1050 5687 Videamus
1074 5631 1255 5704 igitur
1275 5648 1400 5702 quae
1423 5630 1543 5685 sint
1565 5632 1842 5703 mysteria

190 5724 529 5794 conceptus.
551 5720 809 5794 Angelus
827 5719 1116 5777 Zacharias
1142 5719 1614 5791 loquitur,sterili
1634 5725 1840 5793 partus

1974 3411 2164 3484 posito
2194 3413 2253 3469 in
2284 3415 2452 3471 cunis
2482 3433 2635 3490 genu
2666 3418 2929 3475 ﬂectunt.
2955 3419 3049 3476 Sic
3078 3438 3181 3493 per
3210 3439 3414 3496 magos
3445 3442 3624 3481 cuna-

1974 3518 2108 3556 rum
2140 3504 2343 3559 sordes
2373 3505 2711 3573 arlorantur,
2745 3506 2829 3562 sic
2857 3508 3086 3581 vagitus
3130 3528 3234 3582 per
3280 3513 3623 3584 angelorum

1972 3587 2170 3643 divina
2198 3591 2414 3661 gaudia
2455 3590 2836 3648 honorantur.
2869 3595 2963 3650 Sic
3011 3598 3204 3668 partui
3253 3600 3624 3670 proclamans

1972 3692 2076 3748 per
2090 3677 2435 3749 prophetam
2457 3679 2795 3752 Spiritus,et
2808 3681 2867 3737 id
2885 3683 3080 3755 ipsum
3099 3686 3322 3759 angelis
3340 3690 3624 3748 nuntians

1970 3768 2029 3820 et
2058 3782 2217 3820 novae
2244 3766 2393 3822 lucis
2425 3768 2593 3824 stella
2623 3770 2961 3826 famulatur.
2996 3772 3090 3828 Sic
3118 3773 3290 3830 initia
3341 3780 3622 3835 nascendi

1972 3852 2227 3925 Spiritus
2258 3859 2501 3911 sanctus
2532 3858 3040 3930 superveniens,et
3061 3862 3411 3921 inumbrans
3434 3867 3621 3924 virtus

1969 3941 2255 3998 Altissimi
2281 3943 2539 3999 molitur.
2568 3946 2738 4001 Aliud
2770 3946 3137 4022 intelligitur,
3163 3952 3321 4008 aliud
3353 3953 3615 4025 videtur;

1971 4030 2128 4087 aliud
2162 4033 2369 4101 oculis,
2402 4032 2561 4089 aliud
2595 4035 2791 4092 animo
2820 4038 3200 4110 conspicitur.
3236 4041 3391 4096 Parit
3420 4043 3617 4117 Virgo,

1970 4124 2174 4191 partus
2206 4139 2240 4176 a
2267 4122 2385 4177 Deo
2415 4127 2522 4178 est.
2557 4123 2757 4181 Infans
2786 4126 2961 4199 vagit,
2986 4126 3293 4186 laudantes
3315 4132 3503 4204 angeli
3522 4151 3622 4188 au-

1970 4207 2160 4264 diunt.
2195 4209 2408 4266 Pannis
2437 4213 2651 4279 sordet,
2688 4214 2841 4269 Deus
2871 4216 3171 4271 adoretur.
3198 4217 3284 4272 Ita
3314 4222 3621 4290 potestatis

1971 4296 2230 4369 dignitas
2251 4317 2365 4354 non
2388 4299 2858 4369 amittitur,dum
2881 4304 3076 4360 carnis
3097 4304 3401 4363 humilitas
3421 4310 3621 4366 adora-

1968 4389 2084 4441 tur.
2112 4386 2220 4441 Par
2237 4387 2416 4442 etiam
2438 4393 2527 4443 est
2547 4388 2782 4460 reliqua:
2803 4407 3014 4448 cursus
3035 4393 3255 4459 atatis;
3281 4411 3418 4449 nam
3438 4412 3615 4452 omne

1966 4479 2201 4548 tempus
2233 4478 2386 4549 quod
2422 4477 2480 4532 in
2506 4477 2742 4535 homine
2762 4480 2898 4553 egit,
2924 4481 3023 4536 Dei
3047 4482 3324 4554 operibus
3344 4484 3611 4556 explevit.

1968 4558 2049 4619 De
2080 4564 2333 4637 singulis
2364 4572 2558 4623 autem
2590 4585 2703 4623 non
2726 4574 2815 4624 est
2835 4573 3070 4641 tempus
3090 4570 3337 4627 edicere.
3361 4574 3616 4630 Tantum

1966 4652 2109 4709 illud
2144 4654 2204 4709 in
2226 4654 2511 4711 universis
2532 4655 2813 4713 virtutum
2837 4663 2894 4713 et
2913 4658 3284 4715 curationum
3302 4662 3616 4733 generibus

1965 4744 2362 4798 contuendum
2392 4748 2483 4799 est
2507 4744 2565 4799 in
2599 4744 2793 4801 carnis
2836 4746 3241 4819 assumptione
3290 4748 3612 4822 hominem,

1961 4831 2145 4887 Deum
2175 4849 2309 4888 vero
2340 4834 2398 4887 in
2429 4833 2609 4905 gestis
2642 4833 2817 4890 rebus
2850 4835 3115 4891 existere.

1959 4956 2276 5038 CAP.,VIII.
2312 4989 2377 4998 -—
2408 4959 2701 5026 Dominum
2728 4967 2977 5038 nostrum
3003 4961 3187 5016 Iesum
3218 4961 3495 5038 Christum
3512 4983 3613 5038 per

2028 5036 2365 5099 assumptum
2391 5045 2613 5103 carnem
2640 5032 2972 5087 naturaliter
2998 5049 3222 5089 manere
3260 5036 3317 5089 in
3348 5032 3527 5103 nobis;
3560 5047 3613 5094 et

2026 5116 2125 5154 nos
2151 5116 2250 5182 per
2270 5102 2664 5173 perceptionem
2696 5105 2936 5174 corporis
2956 5111 3009 5160 et
3032 5107 3322 5176 sanguinis
3347 5108 3465 5179 ejus
3491 5102 3610 5165 ma-

2024 5186 2155 5225 nere
2184 5188 2244 5226 tn
2272 5188 2354 5227 80.

2025 5276 2085 5331 Si
2116 5293 2247 5330 vere
2277 5276 2533 5331 Verbum
2564 5294 2698 5333 caro
2730 5278 2946 5333 factum
2979 5284 3085 5348 est,
3109 5286 3166 5336 et
3186 5300 3314 5339 vere
3338 5302 3444 5339 nos
3467 5284 3608 5341 Ver-

1953 5365 2094 5419 bum
2119 5382 2354 5419 carnem
2378 5364 2505 5419 cibo
2522 5365 2823 5422 Dominico
2848 5368 3164 5435 sumimus,
3181 5373 3473 5442 quomodo
3490 5391 3606 5429 non

1953 5451 2299 5508 naturaliter
2327 5470 2562 5507 manere
2590 5453 2648 5507 in
2673 5455 2843 5510 nobis
2864 5456 3291 5513 existimandus
3312 5460 3529 5532 ost,qi1i
3551 5466 3608 5516 et

1954 5547 2225 5598 naturam
2244 5541 2439 5596 carnis
2457 5547 2668 5598 nostra:
2675 5544 2804 5613 jam
2829 5544 3277 5617 inseparabilem
3294 5547 3404 5602 sibi
3429 5548 3604 5604 homo

1952 5636 2127 5687 natus
2143 5630 2583 5702 asssumpsit,et
2599 5636 2867 5687 naturam
2888 5634 3082 5689 carnis
3106 5650 3225 5688 sua:
3243 5635 3315 5689 ad
3331 5640 3599 5691 naturam

1949 5716 2288 5779 :sternitatis
2321 5719 2431 5777 sub
2462 5725 2831 5779 sacramento
2877 5722 3045 5781 nobis
3093 5723 3597 5779 communicanda
