3912 6404
284 440 409 508 383

1347 438 1679 503 GEZONIS
1729 434 2061 502 ABBATIS
2103 434 2655 501 DERTONENSIS

3594 432 3753 496 384

279 574 950 637 oarnisadrniscuit?lta
965 574 1119 632 enim
1144 591 1547 632 omnesunum
1563 571 1937 645 sumus,qu‘ia
1964 574 2021 640 Α
2052 588 2244 630 meam
2275 588 2531 639 carnem,
2566 574 2623 627 et
2654 570 2776 643 ipse
2802 565 2940 626 vivit
2968 585 3070 643 per
3100 586 3214 625 me.
3248 567 3400 625 Vivit
3431 585 3574 643 ergo
3619 586 3750 641 per

276 668 420 725 etin
446 667 673 723 Christo
706 667 873 721 Pater
919 670 1029 731 est,
1064 670 1122 721 et
1168 666 1433 720 Christus
1484 664 1545 718 in
1595 663 1764 718 nobis
1824 666 1936 717 est.

275 757 552 830 Quisquis
574 773 710 828 ergo
731 756 1077 811 naturaliter
1102 756 1325 809 Patrem
1342 754 1400 807 in
1418 752 1648 807 Christo
1674 750 1933 822 negabit,

275 852 446 918 neget
478 846 639 917 prius
691 863 805 899 non
857 843 1204 899 naturaliter
1233 842 1319 897 vel
1352 860 1412 897 se
1447 843 1502 895 in
1561 840 1793 895 Christo
1843 839 1935 894 vel

276 936 576 991 Christum
611 935 723 990 sibi
758 935 968 999 inesse,
1004 933 1141 1004 quia
1172 933 1227 986 in
1256 932 1483 987 Christo
1511 931 1679 984 Pater
1700 933 1757 983 et
1778 928 1939 983 Chri-

282 1031 408 1081 stus
442 1025 496 1078 in
531 1023 697 1078 nobis
730 1040 911 1077 unum
948 1023 1003 1076 in
1037 1022 1129 1075 his
1162 1038 1288 1074 esse
1323 1037 1425 1073 nos
1452 1019 1693 1073 faciunt.
1719 1017 1775 1071 Si
1803 1034 1932 1071 vere

276 1114 454 1185 igitur
469 1130 701 1173 carnem
729 1111 986 1182 corporis
1005 1110 1182 1163 nostri
1208 1107 1473 1163 Christus
1498 1106 1840 1178 assumpsit,
1876 1110 1934 1160 et

272 1219 401 1257 vere
435 1201 609 1255 homo
642 1199 738 1253 ille
769 1199 867 1270 qui
892 1217 961 1253 ex
994 1198 1177 1252 Maria
1209 1202 1381 1250 natus
1404 1197 1512 1250 fuit
1534 1196 1801 1250 Christus
1822 1197 1930 1259 est,

274 1307 499 1361 nosque
518 1306 652 1344 vero
676 1289 786 1343 sub
808 1288 1087 1360 mysterio
1105 1302 1337 1340 carnem
1360 1284 1619 1356 corporis
1643 1283 1733 1338 sui
1757 1283 1935 1338 sumi-

273 1396 427 1446 mus,
462 1383 519 1433 et
548 1395 650 1451 per
674 1377 783 1432 hoc
801 1393 985 1432 unum
1007 1376 1246 1442 erimus,
1263 1375 1401 1447 quia
1426 1375 1594 1429 Pater
1616 1374 1674 1427 in
1699 1373 1798 1427 illo
1819 1376 1927 1440 est,

272 1473 329 1523 et
358 1467 452 1522 ille
480 1467 540 1521 in
574 1466 777 1532 nobis;
813 1466 1105 1537 quomodo
1136 1463 1457 1518 voluntatis
1487 1462 1683 1517 unitas
1719 1459 1925 1515 asseri-

269 1560 385 1623 tur,
422 1571 558 1611 cum
590 1553 934 1609 naturaliter
962 1569 1063 1624 per
1107 1555 1542 1607 sacramentum
1596 1549 1928 1622 proprietas

270 1645 533 1717 perfecta:
550 1646 987 1697 sacramentum
1006 1641 1083 1696 sit
1104 1639 1381 1695 unitatis?
1399 1639 1523 1694 Non
1545 1643 1635 1693 est
1657 1638 1917 1692 humano

269 1738 373 1789 aut
391 1730 585 1787 seaculi
608 1747 785 1786 sensu
806 1730 863 1784 in
882 1729 982 1784 Dei
1010 1729 1186 1785 rebus
1209 1727 1589 1799 loquendum.
1604 1725 1805 1798 Neque
1820 1738 1924 1797 per

269 1820 607 1876 violentiam
641 1824 743 1874 aut
772 1817 1175 1889 impudentem
1207 1814 1681 1888 prmdicationem
1723 1812 1939 1869 caelesw

268 1910 416 1965 tium
447 1907 742 1964 dictorum
774 1906 1012 1962 sanitati
1048 1900 1270 1971 alienae,
1307 1908 1480 1976 atque
1504 1903 1696 1975 impia:
1717 1900 1928 1957 intelli-

269 1998 477 2071 gentiae
526 1995 924 2067 extorquenda
983 1993 1334 2066 perversitas
1382 1996 1492 2048 est.
1527 1994 1661 2058 Quae
1707 1990 1927 2063 scripta

268 2090 412 2143 sunt
426 2085 712 2157 legamus,
728 2088 786 2140 et
801 2099 930 2155 quae
946 2082 1261 2154 legerimus
1278 2080 1764 2153 intelligamus,et
1785 2082 1927 2134 tunc

269 2173 522 2248 peifecto
557 2173 691 2228 ﬁdei
715 2170 905 2226 officio
934 2171 1267 2241 i'ungemur.
1298 2169 1378 2224 De
1404 2167 1657 2223 naturali
1681 2169 1836 2223 enim
1864 2166 1922 2221 in

268 2262 439 2318 nobis
469 2259 685 2315 Christi
714 2259 959 2313 veritate
991 2274 1119 2328 qua:
1149 2256 1402 2313 dicimus
1436 2257 1546 2311 nisi
1574 2257 1645 2311 ab
1670 2274 1734 2311 eo
1756 2255 1926 2311 disci-

268 2366 423 2418 mus,
457 2347 637 2405 stulte
667 2352 842 2419 atque
872 2345 1050 2416 impie
1084 2344 1361 2399 dicimus.
1388 2345 1516 2415 Ipse
1546 2343 1703 2399 enim
1737 2344 1919 2397 dixit:

266 2439 411 2495 Caro
443 2454 575 2493 mea
602 2452 735 2492 vere
763 2438 854 2491 est
878 2449 1046 2501 esca;
1081 2437 1138 2488 et
1167 2432 1410 2504 sanguis
1461 2448 1628 2487 meus
1677 2448 1808 2486 vere
1837 2435 1927 2487 est

268 2532 463 2601 potus.
497 2525 605 2593 Qui
636 2524 756 2582 edit
785 2538 1020 2580 carnem
1067 2539 1258 2577 meam
1290 2526 1347 2577 et
1376 2521 1526 2577 bibit
1572 2521 1921 2593 sanguinem

267 2632 486 2683 meum,
519 2615 578 2669 in
611 2630 705 2669 me
736 2615 954 2678 manet,
988 2615 1044 2666 et
1076 2627 1180 2682 ego
1212 2610 1270 2664 in
1303 2626 1389 2665 eo.
1424 2610 1505 2665 De
1532 2608 1785 2664 Veritate
1806 2624 1926 2663 caro

267 2706 360 2761 nis
385 2709 443 2761 et
471 2703 781 2776 sanguinis
810 2719 927 2757 non
954 2699 1192 2756 relictus
1221 2703 1310 2754 est
1348 2697 1685 2771 ambigendi
1736 2697 1921 2754 locus.

266 2796 433 2851 Nunc
464 2794 621 2850 enim
654 2796 712 2848 et
739 2791 929 2864 ipsius
957 2789 1189 2845 Domini
1219 2789 1598 2860 professione,
1616 2792 1672 2842 et
1696 2786 1807 2841 ﬁde
1831 2803 1928 2840 no-

266 2886 389 2940 stra
418 2900 555 2939 vera
583 2898 718 2938 caro
750 2886 862 2947 est,
896 2884 953 2935 et
981 2896 1113 2934 vere
1135 2878 1379 2951 sanguis
1400 2882 1508 2933 est.
1534 2878 1604 2932 Et
1625 2876 1746 2930 haec
1768 2891 1926 2930 acce-

264 2976 365 3044 pta
396 2976 571 3044 atque
601 2971 816 3026 hausta
842 2968 901 3023 id
932 2967 1223 3034 efﬁciunt,
1240 2971 1306 3022 ut
1323 2970 1377 3021 et
1397 2983 1503 3022 nos
1524 2965 1582 3019 in
1603 2963 1925 3030 Christo,et

263 3060 531 3119 Christus
564 3060 623 3115 in
654 3058 824 3115 nobis
865 3058 962 3112 sit.
994 3059 1158 3112 Anne
1206 3056 1314 3111 hoc
1363 3054 1579 3109 veritas
1634 3070 1747 3108 non
1793 3053 1924 3108 est?

263 3147 577 3220 Contingat
607 3146 778 3218 plane
807 3145 901 3201 his
932 3160 1132 3201 verum
1166 3160 1284 3199 non
1316 3159 1464 3209 esse,
1490 3143 1589 3214 qui
1622 3141 1923 3197 Christum

264 3238 468 3294 Jesum
503 3236 687 3291 Deum
720 3250 920 3290 verum
948 3250 1077 3289 esse
1110 3234 1421 3305 denegant.
1446 3232 1548 3286 Est
1568 3248 1704 3303 ergo
1729 3230 1786 3285 in
1821 3249 1924 3286 ιιι)-

2051 661 2313 728 Patrem;
2348 664 2403 715 et
2430 660 2723 731 quomodo
2755 677 2857 731 per
2877 658 3105 714 Patrem
3128 659 3507 725 vivit,eodem
3534 659 3745 713 modo

2050 768 2156 805 nos
2187 767 2288 822 per
2316 765 2549 804 carnem
2585 749 2715 818 ejus
2745 747 3030 803 vivemus.
3054 748 3259 803 Omnis
3288 747 3445 803 enim
3467 764 3745 819 compa-

2049 840 2196 894 ratio
2229 839 2300 894 ad
2332 837 2727 909 intelligentim
2761 837 3010 892 formam
3044 836 3439 909 prmsumitur,
3466 840 3534 891 ut
3555 836 3621 890 id
3656 837 3745 891 de

2046 944 2162 998 quo
2195 928 2388 998 agitur
2419 927 2743 981 secundum
2777 925 3144 997 propositum
3176 925 3507 996 exemplum
3548 942 3741 980 asse-

2045 1033 2318 1086 quamur.
2354 1016 2481 1069 Ilzrc
2515 1032 2651 1086 ergo
2681 1014 2809 1068 vitae
2845 1018 3056 1068 nostra:
3094 1032 3272 1069 causa
3314 1019 3421 1081 est,
3458 1015 3628 1085 quod
3666 1014 3733 1068 in

2046 1106 2214 1160 nobis
2243 1104 2581 1159 carnalibus
2615 1109 2951 1158 manentem
2985 1120 3089 1175 per
3116 1120 3352 1158 carnem
3401 1104 3733 1157 Christum

2043 1195 2348 1261 habemus,
2381 1192 2622 1248 victuris
2654 1192 2823 1248 nobis
2856 1210 2958 1265 per
2988 1210 3123 1248 eum
3145 1209 3211 1248 ea
3229 1192 3563 1247 conditione
3589 1210 3733 1264 qua

2040 1283 2180 1337 vivit
2206 1282 2305 1337 illa
2336 1300 2437 1355 per
2470 1283 2718 1337 Patrem.
2754 1283 2810 1337 Si
2837 1298 2974 1354 ergo
2998 1299 3102 1337 nos
3132 1280 3480 1337 naturaliter
3499 1298 3733 1337 secun-

2041 1371 2183 1426 dum
2216 1388 2451 1426 carnem
2484 1387 2587 1443 per
2617 1388 2752 1427 eum
2784 1370 3057 1437 vivimus,
3082 1371 3139 1424 id
3164 1377 3252 1425 est
3282 1374 3557 1426 naturam
3583 1387 3729 1426 car-

2040 1460 2131 1516 nis
2163 1478 2280 1515 sua:
2313 1462 2528 1533 adepti,
2555 1461 2849 1531 quomodo
2873 1477 2988 1514 non
3008 1458 3352 1515 naturaliter
3372 1460 3724 1516 secundum

2040 1550 2321 1621 Spiritum
2352 1549 2411 1603 in
2443 1566 2503 1604 se
2539 1550 2765 1604 Patrem
2800 1550 3030 1615 habeat,
3067 1565 3202 1604 cum
3242 1548 3397 1604 vivat
3438 1550 3566 1621 ipse
3602 1567 3726 1622 per

2038 1637 2306 1693 Patrem?
2323 1636 2475 1690 Vivit
2496 1641 2691 1691 autem
2717 1653 2820 1708 per
2843 1635 3097 1703 Patrem,
3116 1637 3258 1691 dum
3287 1637 3565 1693 nativitas
3583 1655 3718 1694 non

2037 1723 2287 1779 alienam
2314 1723 2365 1778 ei
2397 1722 2615 1790 intulit,
2640 1724 3052 1796 diversamque
3073 1725 3520 1792 naturam,dum
3542 1727 3719 1797 quod

2035 1817 2123 1869 est
2153 1814 2224 1868 ab
2256 1828 2321 1867 eo
2352 1817 2460 1880 est,
2496 1830 2600 1868 nec
2634 1817 2828 1868 tamen
2854 1814 2925 1868 ab
2943 1830 3009 1868 eo
3033 1830 3135 1885 per
3156 1813 3414 1885 aliquam
3441 1813 3723 1871 inciden-

2012 1907 2161 1958 -tem
2194 1908 2413 1958 naturae
2445 1902 2994 1959 dissimilitudinem
3027 1905 3511 1976 separatur,dum
3544 1905 3608 1960 in
3645 1921 3717 1962 se

2041 2008 2143 2063 per
2173 1990 2532 2045 nativitatem
2585 1989 2762 2045 habet
2792 1989 3023 2045 Patrem
3073 1989 3132 2045 in
3178 1990 3394 2045 virtute
3443 1996 3709 2047 natura.

2036 2080 2165 2135 H1130
2196 2084 2393 2136 autem
2419 2096 2452 2134 a
2475 2079 2642 2135 nobis
2668 2077 2885 2134 idcirco
2907 2084 3365 2135 commemorata
3386 2081 3714 2153 sunt.quia

2033 2167 2347 2224 voldutatis
2380 2172 2609 2222 tantum
2644 2168 2796 2222 inter
2823 2168 3050 2223 Patrem
3072 2172 3129 2224 et
3161 2166 3373 2224 Filium
3407 2168 3708 2225 unitatem

2032 2256 2286 2313 hmretici
2316 2257 2685 2325 mentientes,
2718 2258 2964 2313 unitatis
2996 2262 3207 2313 nostra
3241 2259 3313 2313 ad
3345 2259 3527 2313 Deum
3563 2264 3712 2315 ute—

2035 2348 2251 2402 bantur
2280 2346 2565 2418 exemplo,
2600 2351 2884 2418 tanquam
2928 2346 3099 2401 nobis
3144 2348 3216 2403 ad
3264 2346 3469 2402 Filium
3501 2352 3560 2402 et
3588 2365 3715 2420 per

2037 2437 2244 2492 Filium
2280 2438 2351 2490 ad
2385 2436 2611 2491 Patrem
2639 2434 2918 2507 obsequio
2942 2440 3175 2492 tantum
3198 2453 3264 2491 ac
3282 2434 3580 2491 voluntate
3605 2454 3710 2493 re-

2035 2524 2269 2597 ligionis
2301 2524 2482 2579 unitis
2504 2524 2667 2579 nulla
2688 2540 2792 2597 per
2812 2530 3247 2581 sacramentum
3270 2525 3464 2580 carnis
3484 2530 3543 2580 et
3564 2543 3712 2582 san-

2034 2612 2231 2686 guinis
2255 2613 2539 2669 naturalis
2562 2613 2997 2669 communionis
3019 2613 3344 2686 prOprietas
3366 2613 3709 2686 indulgere-

2034 2707 2150 2757 tur.
2185 2702 2331 2757 Cum
2363 2707 2419 2757 et
2449 2719 2553 2775 per
2583 2702 2865 2758 honorem
2898 2702 3070 2758 nobis
3101 2704 3307 2758 datum
3338 2702 3440 2758 Dei
3463 2703 3617 2771 Filii,
3643 2709 3705 2760 et

2034 2797 2475 2864 permanentem
2520 2792 2580 2847 in
2631 2792 2799 2848 nobis
2831 2792 3144 2848 carnaliter
3174 2791 3408 2861 Filium,
3445 2796 3502 2847 et
3532 2793 3594 2847 in
3628 2810 3702 2849 eo

2035 2879 2205 2936 nobis
2234 2881 2613 2953 corporaliter
2641 2885 2699 2936 et
2729 2881 3198 2953 inseparabiliter
3241 2880 3422 2936 unitis
3470 2886 3704 2954 myste-

2035 2970 2190 3025 rium
2222 2986 2369 3025 verae
2400 2986 2466 3025 ac
2499 2969 2788 3025 naturalis
2836 2970 3080 3027 unitatis
3120 2970 3197 3025 sit
3226 2971 3697 3041 praadicandum.

2319 3059 2456 3114 CAP.
2491 3058 2581 3114 IX.
2615 3090 2683 3099 —
2712 3059 2964 3114 Ecclesia:
2991 3058 3123 3129 ﬁdes
3152 3059 3437 3115 catholica.

2106 3147 2375 3204 Ecclesiae
2407 3148 2551 3204 ﬁdes
2576 3146 2910 3219 apsstolicis
2943 3147 3170 3202 imbuta
3201 3148 3488 3205 doctrinis
3535 3151 3701 3206 novit

2034 3237 2093 3309 in
2119 3236 2348 3292 Christo
2382 3235 2766 3302 nativitatem,
2802 3234 2905 3290 sed
2937 3234 3167 3306 ignorat
3188 3234 3496 3291 exordium
3534 3254 3547 3292 :
3584 3237 3699 3293 scit

265 3328 358 3383 bis
390 3326 514 3399 ipse
546 3341 649 3398 per
678 3340 935 3392 carnem,
967 3327 1026 3379 et
1053 3338 1262 3378 sumus
1293 3321 1352 3376 in
1402 3338 1488 3387 eo,
1523 3322 1666 3376 dum
1717 3336 1919 3376 secum
1949 3314 1996 3378 C
2020 3324 2673 3398 -dispensatiouem,sed
2693 3322 2881 3378 nescit
2903 3322 3413 3379 divisionem.Non
3440 3326 3699 3396 partitur

267 3415 377 3472 hoc
407 3415 563 3488 quod
594 3430 703 3469 nos
734 3429 963 3478 sumus,
993 3412 1050 3465 in
1084 3411 1266 3465 Deum
1299 3414 1406 3464 est.
1434 3409 1618 3464 Unam
1643 3413 1839 3464 autem
1860 3408 1920 3463 in

266 3521 333 3561 eo
350 3522 455 3577 per
479 3505 912 3559 sacramentum
937 3499 1380 3555 communicata:
1402 3498 1592 3554 carnis
1614 3504 1670 3553 et
1691 3499 1922 3571 sangui-

266 3594 362 3649 nis
388 3592 604 3658 simns,
639 3591 765 3663 ipse
793 3593 1045 3644 testatur
1076 3587 1311 3642 dicens:
1340 3588 1409 3642 Et
1430 3587 1524 3642 hic
1549 3588 1805 3641 mundus
1828 3604 1921 3641 me

254 3682 383 3754 jam
417 3697 531 3736 non
565 3679 755 3747 videt;
789 3695 891 3733 vos
931 3682 1128 3733 autem
1179 3693 1271 3732 me
1318 3676 1607 3744 videbitis,
1641 3676 1919 3748 quoniam

262 3787 368 3843 ego
400 3769 545 3837 vivo,
575 3772 633 3823 et
661 3784 762 3822 vos
789 3766 1011 3822 vivatis.
1048 3767 1109 3821 In
1144 3765 1243 3821 illa
1273 3765 1365 3821 die
1407 3782 1508 3821 vos
1557 3764 1919 3837 cognoscetis

263 3859 544 3931 quoniam
576 3874 682 3928 ego
711 3856 769 3910 in
806 3856 971 3911 Patre
1004 3872 1153 3922 meo,
1190 3860 1245 3910 et
1272 3872 1372 3910 vos
1402 3855 1459 3909 in
1496 3872 1607 3920 me,
1633 3860 1690 3910 et
1720 3872 1825 3925 ego
1858 3854 1917 3909 in

262 3946 446 4003 vobis.
472 3943 532 4001 Si
554 3943 871 3999 voluntatis
894 3946 1124 3997 tantum
1151 3942 1435 3997 unitatem
1462 3940 1705 4010 intelligi
1727 3939 1916 4007 vellet,

263 4034 518 4106 curgrad
528 4049 626 4088 um
640 4032 955 4104 quemdam
973 4035 1147 4102 atque
1161 4031 1423 4085 ordinem
1441 4029 1919 4084 consummandaa

265 4122 508 4179 unitatis
538 4120 846 4192 exposuit?
878 4119 998 4175 Nisi
1032 4124 1095 4173 ut
1124 4135 1259 4174 cum
1291 4118 1387 4173 ille
1412 4118 1469 4172 in
1504 4119 1667 4172 Patre
1691 4135 1793 4188 per
1816 4134 1919 4171 na-

264 4216 459 4267 turam
491 4209 819 4265 divinitatis
850 4213 1023 4275 esset,
1062 4226 1167 4262 nos
1201 4213 1404 4262 contra
1432 4207 1491 4261 in
1514 4224 1580 4261 eo
1605 4224 1706 4277 per
1725 4223 1923 4278 corpo-

264 4300 445 4356 ralem
478 4300 607 4371 ejus
640 4298 1027 4363 nativitatem,
1063 4300 1118 4351 et
1150 4296 1245 4350 ille
1272 4312 1505 4351 rursum
1539 4295 1595 4349 iu
1631 4294 1798 4349 nobis
1821 4312 1923 4366 per

265 4392 768 4446 sacramentorum
794 4387 985 4441 inesse
1009 4386 1354 4458 mysterium
1377 4385 1727 4450 crederetur,
1749 4400 1815 4438 ac
1838 4384 1921 4440 sic

265 4478 519 4552 perfecta
549 4494 650 4549 per
682 4476 1061 4531 mediatorem
1095 4474 1291 4530 unitas
1323 4475 1793 4555 doceretur,cum
1820 4490 1920 4528 no-

265 4566 356 4623 bis
386 4566 447 4621 in
480 4583 542 4622 se
573 4565 948 4620 manentibus
980 4564 1105 4635 ipse
1137 4567 1400 4617 maneret
1436 4562 1497 4616 in
1551 4562 1737 4629 Patre,
1772 4566 1829 4616 et
1860 4561 1919 4615 in

267 4655 434 4711 Patre
463 4670 710 4709 manens
743 4657 1005 4707 maneret
1028 4652 1088 4706 in
1120 4651 1310 4707 nobis.
1344 4651 1412 4704 Et
1440 4649 1521 4705 ita
1541 4651 1613 4705 ad
1637 4650 1919 4705 unitatem

266 4743 456 4800 Patris
484 4743 921 4815 proiiceremus,
956 4757 1091 4795 cum
1126 4739 1225 4812 qui
1259 4739 1316 4793 in
1338 4755 1404 4793 eo
1426 4739 1754 4794 secundum
1781 4737 1923 4792 nati-

264 4832 506 4888 vitatem
538 4831 713 4896 inest,
749 4848 855 4884 nos
886 4846 1120 4901 quoque
1152 4830 1210 4883 in
1234 4845 1299 4883 eo
1324 4827 1673 4883 naturaliter
1697 4826 1920 4881 inesse-

267 4938 422 4988 mus,
456 4920 583 4992 ipso
614 4919 671 4974 in
704 4918 874 4974 nobis
917 4918 1263 4973 naturaliter
1304 4920 1701 4989 permanente.
1736 4918 1921 4981 Quam

266 5014 463 5065 autem
496 5007 783 5064 naturalis
806 5008 861 5061 in
890 5006 1056 5062 nobis
1080 5006 1275 5062 unitas
1297 5006 1395 5073 sit,
1421 5006 1546 5077 ipse
1569 5004 1648 5060 ita
1669 4994 1921 5060 testatus

267 5102 403 5154 est:
440 5098 548 5163 Qui
580 5096 702 5152 edit
744 5112 980 5151 carnem
1033 5112 1225 5151 meam
1276 5100 1333 5150 et
1380 5094 1528 5150 bibit
1572 5094 1922 5165 sanguinem

268 5204 489 5253 meum,
525 5186 583 5240 in
613 5202 705 5239 me
740 5190 955 5249 manet,
979 5189 1035 5239 et
1057 5202 1161 5257 ego
1186 5185 1243 5238 in
1268 5201 1353 5239 eo.
1372 5183 1495 5238 Non
1518 5181 1671 5237 enim
1698 5182 1831 5254 quis
1862 5181 1923 5237 in

267 5293 337 5330 eo
364 5275 496 5343 erit,
527 5273 641 5329 nisi
672 5273 729 5327 in
765 5290 880 5344 quo
909 5272 1034 5343 ipse
1068 5271 1260 5337 fuerit,
1287 5273 1416 5342 ejus
1440 5275 1670 5324 tantum
1693 5270 1817 5341 ipse
1839 5287 1926 5326 as-

269 5369 568 5435 suiuptam
596 5362 821 5416 habens
842 5378 1101 5426 carnem,
1128 5359 1226 5431 qui
1252 5378 1419 5415 suam
1445 5359 1923 5429 sumpserit.Per-

269 5454 414 5508 fecte
446 5454 640 5505 autem
669 5451 846 5521 hujus
878 5450 1119 5503 unitatis
1169 5453 1605 5502 sacramentum
1653 5447 1925 5517 superius

262 5543 387 5612 jam
416 5541 696 5595 docuerat
725 5538 926 5592 dicens
964 5554 975 5589 :
1011 5537 1176 5591 Sicut
1210 5535 1372 5589 misit
1403 5552 1495 5588 me
1527 5534 1691 5589 vivus
1737 5535 1921 5601 Pater,

271 5634 329 5685 et
385 5647 490 5701 ego
549 5627 672 5681 vivo
733 5644 834 5699 per
896 5626 1151 5691 Patrem,
1212 5629 1269 5678 et
1326 5623 1423 5693 qui
1486 5623 1927 5678 manducaverit

342 5718 417 5787 (2)
450 5715 593 5771 Vide
625 5716 684 5771 S.
715 5715 892 5772 Hilar.
925 5713 1024 5769 lib.
1063 5730 1143 5778 m,
1179 5713 1249 5767 dc
1280 5712 1442 5767 Trin.

2030 3415 2234 3472 Jesum
2267 3413 2584 3478 Christum,
2615 3416 2679 3465 ut
2703 3411 2877 3466 Jesus
2902 3428 3014 3465 non
3039 3411 3164 3483 ipse
3186 3412 3265 3467 sit
3285 3412 3694 3482 Christus,nec

2034 3501 2245 3558 Filium
2277 3498 2531 3554 hominis
2563 3497 2844 3553 discernit
2875 3516 2909 3553 a
2940 3499 3039 3555 Dei
3074 3498 3238 3567 Filio,
3267 3517 3339 3556 ne
3371 3502 3555 3558 Filius
3588 3502 3691 3559 Dei

2032 3589 2177 3644 forte
2207 3604 2320 3641 non
2370 3591 2427 3640 et
2476 3584 2656 3640 Filius
2708 3585 2968 3643 hominis
3017 3587 3399 3661 intelligatur.
3434 3590 3558 3646 Non
3593 3608 3692 3649 as-

2030 3676 2215 3732 sumit
2246 3675 2457 3730 Filium
2507 3674 2609 3730 Dei
2661 3676 2719 3729 in
2771 3675 2984 3731 Filium
3034 3676 3313 3744 hominis,
3348 3695 3537 3750 neque
3584 3681 3693 3735 tri-

2030 3765 2242 3837 pertita
2273 3764 2571 3819 Christum
2605 3764 2716 3819 fide
2743 3765 2978 3833 scindit,
3014 3767 3187 3837 cujus
3231 3768 3483 3839 desuper
3531 3774 3693 3826 texta

2029 3854 2209 3909 vestis
2267 3852 2518 3909 inscissa
2575 3858 2684 3921 est,
2740 3859 2806 3909 ut
2864 3855 3067 3911 Jesum
3125 3855 3449 3925 Christum,
3509 3863 3568 3913 et
3627 3860 3688 3914 in

2028 3941 2307 4009 Verbum,
2341 3946 2397 3997 et
2428 3942 2485 3997 in
2515 3942 2796 4011 animam,
2822 3948 2881 3999 et
2912 3944 2971 3997 in
3003 3960 3217 4017 corpus
3249 3944 3565 4012 inscindat,
3593 3964 3694 4003 ne-

2029 4049 2143 4104 que
2171 4049 2407 4087 rursum
2440 4032 2624 4088 Deum
2670 4032 2931 4088 Verbum
2980 4033 3042 4088 in
3093 4033 3351 4089 animam
3391 4040 3448 4091 et
3476 4052 3692 4108 corpus

2030 4126 2318 4177 assumat.
2353 4122 2566 4177 Totum
2617 4122 2668 4175 ei
2718 4121 2874 4176 Deus
2936 4121 3190 4177 Verbum
3242 4128 3349 4190 est,
3394 4128 3582 4178 totum
3633 4130 3692 4180 et

2030 4209 2208 4265 homo
2238 4210 2527 4265 Christus.
2562 4210 2843 4265 Retinens
2875 4209 2985 4264 hoc
3026 4210 3083 4265 in
3137 4216 3504 4267 sacramento
3551 4228 3689 4267 con-

2032 4299 2303 4355 fessionis
2334 4317 2452 4353 sume
2499 4316 2704 4365 unum,
2741 4316 2845 4353 nec
2892 4299 3191 4354 Christum
3243 4299 3404 4355 aliud
3455 4302 3689 4357 credere

2032 4406 2209 4460 quam
2223 4389 2777 4455 Jesum,uec.lesum
2801 4387 2960 4442 aliud
2986 4390 3301 4459 praedicare
3334 4407 3509 4461 quam
3533 4391 3691 4446 Chri-

2032 4483 2209 4532 stum.
2247 4477 2370 4531 Non
2395 4475 2598 4548 ignoro
2631 4481 2827 4530 autem
2860 4475 2920 4530 in
2961 4481 3250 4548 quantum
3297 4478 3568 4533 humana:
3599 4479 3685 4535 in-

2031 4564 2365 4634 telligentia)
2396 4563 2800 4618 inﬁrmitatem
2832 4565 3271 4635 magnificentia
3292 4568 3555 4639 mysterii
3575 4584 3684 4623 ca:-

1951 4651 2748 4743 DiestisAimpcdiatiZhllt
2795 4652 2917 4708 haec
2967 4670 3082 4709 non
3136 4655 3304 4710 facile
3349 4660 3452 4709 aut
3500 4657 3684 4712 verbis

2031 4740 2356 4807 enuntiare,
2376 4746 2479 4795 aut
2502 4741 2828 4812 dijudicare
2853 4758 3051 4809 sensu,
3069 4748 3172 4798 aut
3187 4743 3364 4798 etiam
3383 4743 3687 4815 complecti

2031 4835 2225 4885 mente
2256 4830 2574 4900 possimus.
2604 4829 2917 4885 {Eternitas
2961 4831 3147 4885 Patris
3177 4830 3393 4893 locum,
3430 4835 3681 4903 tempus,

2032 4918 2371 4989 speciem,et
2386 4917 2663 4989 quicquid
2685 4917 2826 4973 illud
2847 4918 3107 4974 humano
3129 4934 3310 4975 sensu
3338 4919 3564 4992 concipi
3586 4937 3682 4993 po-

2032 5007 2185 5072 terit,
2222 5006 2465 5061 excedit.
2502 5006 2633 5077 Ipse
2663 5012 2825 5061 extra
2849 5006 3067 5075 omnia,
3102 5011 3160 5063 et
3192 5009 3251 5062 in
3285 5009 3684 5077 omnibus,ca-

2033 5096 2198 5169 piens
2232 5096 2522 5162 universa,
2556 5101 2614 5151 et
2643 5095 3283 5167 capiendusanemine.
3300 5098 3422 5152 Non
3447 5113 3682 5154 accessu

2032 5187 2348 5241 decessuro
2376 5184 2705 5251 mutabilis,
2738 5185 2838 5240 sed
2872 5184 3202 5253 invisibilis,
3237 5186 3683 5258 incomprehen-

2036 5273 2249 5339 sibilis,
2284 5272 2511 5345 plcnus,
2534 5274 2845 5345 perfectus,
2862 5278 3135 5342 mternus,
3153 5291 3268 5329 non
3292 5274 3530 5330 aliunde
3548 5274 3679 5347 quid

2036 5381 2300 5429 sumens,
2336 5363 2436 5417 sed
2465 5363 2535 5416 ad
2570 5362 2624 5417 id
2661 5362 2813 5433 quod
2849 5362 2930 5416 ita
2957 5366 3172 5430 manet,
3207 5363 3318 5417 sibi
3364 5364 3485 5435 ipse
3518 5366 3683 5419 sufﬂ-

2035 5453 2216 5507 ciens.
2252 5452 2353 5505 Hic
2381 5469 2517 5522 ergo
2550 5449 2846 5521 ingenitus
2875 5457 3010 5505 ante
3041 5468 3214 5507 omne
3262 5456 3496 5523 tempus
3526 5471 3592 5508 ex
3622 5469 3683 5509 se

2036 5541 2247 5597 Filium
2274 5541 2511 5611 genuit;
2545 5555 2660 5595 non
2688 5557 2757 5593 ex
2792 5538 2992 5610 aliqua
3033 5542 3372 5611 subjacente
3419 5543 3680 5612 materia,

2037 5629 2175 5700 quia
2208 5646 2308 5701 per
2342 5628 2552 5683 Filium
2603 5626 2835 5693 omnia;
2871 5645 2985 5683 non
3026 5645 3095 5684 ex
3126 5628 3327 5696 nihilo,
3359 5628 3497 5700 quia
3529 5647 3596 5686 ex
3624 5648 3685 5687 se
