3912 6378
340 400 455 463 387

1405 390 1732 457 GEZONIS
1777 387 2110 449 ABBATIS
2156 383 2700 448 DERTONENSIS

3657 386 3787 451 388

339 534 493 591 cludi
521 538 542 587 Ρ
573 533 633 587 In
667 535 866 586 nostra
913 529 1274 585 dedicandus
1320 534 1409 583 est
1452 530 1667 594 mente,
1697 524 1757 578 in
1792 527 1991 578 nostro
2020 531 2077 598 Α
2105 521 2211 575 hoc
2235 520 2483 575 facitein
2500 536 2690 575 meam
2715 521 3353 575 commemorationem.
3388 518 3580 576 Simili
3600 520 3783 575 modo

338 621 774 680 consecrandus
805 622 893 676 est
935 622 1186 692 pectore.
1222 618 1337 675 Nec
1369 632 1584 674 nomen
1612 613 1711 670 Dei
1750 628 1999 685 quieras,

340 718 450 770 etc.

561 802 699 856 CAP.
730 799 878 881 XlII.
912 830 978 839 —
1008 798 1344 870 Augustinus
1374 796 1437 851 de
1466 796 1565 850 Dei
1592 794 1774 850 Verbo.

403 892 538 947 Jain
558 908 658 945 vos
680 888 887 944 mundi
913 887 1053 943 estis
1077 891 1311 959 propter
1334 886 1572 940 verbum
1592 883 1747 954 quod
1767 881 1997 935 locutus

339 997 472 1036 sum
503 979 689 1035 vobis.
716 981 903 1043 Quare
927 994 1041 1031 non
1070 976 1151 1030 ait
1179 992 1191 1029 :
1228 974 1428 1029 Mundi
1462 972 1603 1027 estis
1636 974 1869 1044 propter
1897 969 1995 1024 ba-

334 1068 617 1142 ptismum
641 1084 756 1138 quo
787 1066 969 1121 abluti
993 1065 1134 1120 estis
1161 1082 1174 1128 ;
1200 1064 1299 1118 sed
1326 1063 1407 1116 ait
1431 1080 1443 1117 :
1480 1062 1717 1143 Propter
1733 1060 1993 1125 verbum,

333 1157 492 1229 quod
526 1156 758 1211 locutus
776 1171 907 1210 sum
935 1152 1240 1221 vobis,nisi
1265 1151 1403 1222 quia
1422 1155 1479 1205 ct
1498 1149 1559 1204 in
1582 1166 1734 1221 aqua
1754 1147 1994 1201 verbum

332 1244 861 1301 mundat.Detrahc
885 1240 1369 1312 verbum,etquid
1387 1244 1477 1295 est
1498 1255 1651 1311 aqua
1673 1236 1783 1292 nisi
1806 1236 1996 1308 aqua?

329 1335 568 1392 Accedit
596 1334 840 1390 verbum
864 1334 935 1388 ad
959 1331 1339 1397 elementum,
1356 1333 1412 1384 et
1438 1330 1504 1384 fit
1534 1330 1990 1395 sacramentum,

331 1425 507 1481 etiam
538 1423 734 1496 ipsum
760 1426 1041 1494 tanquam
1063 1421 1293 1477 visibile
1314 1419 1583 1478 verbum.
1609 1418 1755 1472 Nam
1782 1417 1853 1471 de
1884 1416 1995 1471 hoc

333 1512 536 1585 utique
568 1512 811 1578 dixerat,
849 1511 1083 1581 quando
1132 1512 1309 1581 pedes
1353 1506 1659 1579 discipulis
1692 1505 1850 1559 lavit.
1885 1503 1991 1569 Qui

329 1601 489 1657 lotus
510 1606 741 1671 est,uon
765 1599 989 1670 indiget
1012 1603 1078 1653 ut
1098 1598 1269 1667 lavet,
1285 1600 1385 1654 sed
1409 1602 1499 1653 est
1519 1596 1778 1652 mundus
1811 1598 1989 1648 totus.

329 1690 493 1745 Unde
524 1689 638 1746 ista
690 1692 852 1743 tanta
896 1686 1080 1742 virtus
1112 1705 1301 1759 aqum,
1342 1692 1408 1743 ut
1435 1702 1649 1758 corpus
1680 1686 1902 1756 tangat,
1935 1688 1993 1737 et

328 1796 428 1837 cor
458 1778 681 1849 abluat,
714 1776 827 1833 nisi
874 1776 1121 1832 faciente
1169 1777 1344 1833 verbo
1366 1777 1394 1832 ?
1424 1776 1550 1831 Non
1583 1774 1722 1846 quia
1750 1772 1986 1841 dicitur,

327 1872 428 1929 sed
489 1868 628 1942 quia
674 1866 949 1924 creditur.
985 1866 1133 1921 Nam
1165 1871 1222 1922 et
1260 1866 1320 1921 in
1352 1865 1481 1939 ipso
1510 1864 1686 1921 verbo
1718 1862 1871 1919 alius
1900 1865 1991 1917 est

326 1977 509 2019 sonus
542 1958 855 2025 transiens,
891 1954 1049 2012 aliud
1082 1956 1270 2012 virtus
1304 1972 1567 2023 manens,
1601 1952 1711 2009 hoc
1742 1956 1833 2007 est
1859 1967 1990 2008 ver-

326 2051 469 2106 bum
503 2046 662 2116 fidei,
695 2046 851 2118 quod
884 2045 1294 2118 praedicamus.
1331 2045 1427 2101 Ait
1454 2042 1767 2116 Apostolus
1801 2058 1814 2096 :
1848 2039 1995 2107 Quia

328 2138 378 2194 si
409 2136 715 2194 confessus
773 2132 955 2188 fueris
1004 2131 1063 2187 in
1108 2149 1207 2188 ore
1254 2137 1352 2187 tuo
1402 2130 1541 2203 quia
1587 2128 1873 2185 Dominus
1903 2132 1993 2183 est

326 2226 525 2294 Jesus,
559 2228 616 2279 et
647 2220 962 2279 credideris
993 2220 1051 2276 in
1084 2222 1255 2277 corde
1300 2226 1399 2276 tuo
1448 2219 1587 2299 quia
1636 2219 1789 2274 Deus
1820 2216 1990 2272 illum

328 2312 638 2371 suscitavit
664 2330 697 2367 a
727 2310 999 2378 mortuis,
1025 2309 1222 2365 salvus
1261 2309 1393 2367 eris.
1428 2309 1611 2364 Corde
1633 2307 1889 2363 creditur
1918 2306 1989 2361 ad

320 2402 649 2477 justitiam,
684 2418 755 2455 nc
795 2400 935 2471 (ore)
968 2404 1163 2454 autem
1197 2398 1263 2453 fit
1292 2398 1579 2453 confessio
1612 2397 1683 2452 ad
1715 2394 1988 2451 salutem.

330 2489 494 2545 Unde
516 2493 574 2544 et
595 2487 653 2543 in
675 2487 919 2543 Actibus
952 2485 1350 2558 apostolorum
1384 2484 1632 2558 legitur:
1668 2485 1804 2540 Fide
1827 2500 1993 2538 mun-

327 2579 478 2636 dans
504 2578 679 2633 corda
707 2592 931 2631 eorum.
957 2576 1028 2630 Et
1048 2574 1105 2629 in
1125 2573 1385 2646 Epistola
1409 2592 1516 2629 sua
1539 2575 1597 2629 Β.
1627 2573 1831 2629 Petrus
1855 2588 1867 2626 :
1895 2572 1990 2628 Sic

327 2673 384 2723 et
412 2684 536 2734 vos,
572 2666 785 2738 inquit,
820 2663 1117 2736 baptisma
1164 2662 1357 2718 salvos
1406 2662 1595 2730 faciet,
1631 2679 1746 2717 non
1797 2660 1989 2716 carnis

328 2756 614 2828 depositio
646 2753 929 2821 sordium,
967 2753 1071 2807 sed
1119 2752 1489 2807 conscientiae
1540 2752 1703 2807 bonae
1743 2750 1988 2805 interro-

327 2846 510 2918 gatio,
547 2844 656 2898 hoc
688 2847 777 2898 cst
806 2843 1048 2897 verbum
1082 2841 1215 2896 fidei
1248 2841 1402 2913 quod
1435 2839 1843 2913 prmdicarnus,
1874 2855 1991 2909 qua

326 2934 453 2989 sine
484 2932 685 2999 dubio,
719 2934 784 2985 ut
814 2930 1101 2985 mundare
1156 2929 1361 3000 possit,
1394 2933 1770 2983 consecratur
1798 2930 1857 2980 et
1886 2927 1987 2980 ba-

326 3019 888 3094 ptismus.Christus
908 3017 1126 3091 quippe
1154 3018 1463 3073 nobiscum
1495 3017 1630 3073 vitis
1657 3034 1791 3071 cum
1823 3016 1989 3070 Patre

326 3109 585 3182 agricola
615 3106 816 3162 dilexit
847 3106 1187 3174 Ecclesiam,
1211 3110 1269 3160 et
1300 3123 1363 3160 se
1388 3106 1589 3178 ipsum
1622 3106 1863 3160 tradidit
1884 3121 1987 3176 pro

325 3217 414 3254 ea.
444 3200 590 3270 Lege
610 3195 973 3267 Apostolum,
999 3200 1055 3250 et
1075 3196 1203 3250 vide
1228 3194 1367 3266 quid
1401 3196 1688 3267 adjungat
1715 3211 1728 3248 :
1764 3194 1836 3249 Ut
1857 3210 1985 3249 eam

2112 614 2169 665 et
2187 609 2426 665 calicem
2444 613 2757 682 postquam
2778 613 3072 665 cmnatum
3095 613 3184 665 est
3204 608 3432 665 dicens:
3459 608 3580 665 Hoc
3601 624 3785 681 pocu-

2111 696 2234 753 lum
2269 714 2482 753 novum
2513 701 2935 754 testamentum
2954 703 3043 754 cst
3070 698 3130 753 in
3152 714 3281 754 meo
3311 696 3602 770 sanguine
3627 714 3644 766 ;
3668 696 3784 753 hoc

2111 787 2279 843 facite
2322 788 2379 843 in
2432 803 2623 843 meam
2677 787 3321 843 commemorationem.
3356 786 3628 842 Ostendit
3660 786 3784 843 illis

2111 876 2456 947 mysterium
2489 875 2853 931 eucharistia:
2872 876 3025 931 inter
3037 878 3388 932 cmnandum
3408 875 3781 931 celebratum

2110 982 2221 1017 non
2256 982 2480 1019 comam
2513 982 2660 1019 esse.
2687 964 2975 1020 Medicina
2998 966 3154 1020 enim
3178 964 3505 1037 spiritualis
3525 969 3780 1037 est,quia

2108 1070 2240 1107 cum
2276 1055 2596 1109 reverentia
2644 1055 2954 1127 degustata
3004 1053 3275 1125 purificat
3324 1055 3435 1109 sibi
3469 1055 3776 1110 devotum.

2108 1142 2411 1215 Siquidem
2443 1144 2728 1199 memoria
2758 1142 3177 1216 redemptionis
3204 1147 3412 1199 nostra:
3435 1147 3544 1213 est,
3562 1148 3628 1198 ut
3662 1143 3774 1201 Re-

2107 1231 2427 1304 demptoris
2457 1249 2769 1300 memores,
2788 1233 3012 1303 majora
3040 1233 3112 1287 ab
3142 1250 3209 1290 eo
3240 1233 3519 1305 consequi
3552 1250 3779 1289 merea-

2106 1336 2259 1389 mur,
2294 1325 2541 1378 mortem
2573 1321 2804 1376 Domini
2836 1322 3275 1389 annuntiantes,
3309 1323 3492 1377 donec
3548 1322 3771 1378 veniat.

2104 1409 2250 1475 Quia
2275 1411 2433 1465 enim
2462 1416 2650 1466 morte
2680 1410 2910 1466 Domini
2942 1410 3172 1467 liberati
3204 1427 3432 1479 sumus,
3469 1411 3655 1483 hujus
3686 1412 3771 1467 rei

2102 1515 2393 1554 memores
2425 1501 2482 1555 in
2514 1501 2737 1555 edendo
2769 1504 2825 1555 et
2855 1501 3109 1572 potando
3149 1518 3384 1555 carnem
3428 1506 3485 1555 ct
3517 1502 3771 1573 sangui-

2102 1605 2258 1656 nem,
2292 1606 2419 1660 qua:
2451 1606 2555 1660 pro
2588 1589 2758 1644 nobis
2790 1588 2987 1644 ablata
3010 1595 3186 1664 sunt,
3220 1589 3629 1662 signiﬁcamus
3663 1608 3767 1645 no-

2101 1693 2236 1732 vum
2288 1682 2707 1733 testamentum
2751 1678 2810 1733 in
2860 1678 2954 1734 his
2985 1678 3272 1749 consueti,
3305 1680 3460 1751 quod
3493 1684 3583 1736 est
3611 1697 3767 1736 nova

2100 1763 2210 1835 lex,
2244 1783 2371 1839 qua:
2402 1766 2772 1823 obedientem
2804 1767 2917 1823 sibi
2961 1769 3142 1824 tradit
3171 1768 3507 1826 cmlestibus
3540 1770 3762 1843 regnis.

2099 1854 2247 1911 Nam
2279 1860 2336 1911 et
2367 1855 2593 1928 Moyses
2645 1862 2882 1929 accepto
2933 1857 3221 1931 sanguine
3268 1857 3435 1914 vituli
3467 1859 3525 1913 in
3561 1863 3768 1932 patera

2102 1944 2352 2016 aspersit
2378 1962 2557 2017 super
2606 1945 2759 2002 filios
2810 1946 2988 2002 Israel
3035 1947 3237 2003 dicens
3269 1963 3283 2002 :
3315 1947 3433 2003 Hoc
3462 1951 3553 2003 est
3582 1951 3768 2003 testa-

2102 2037 2369 2088 mentum
2403 2035 2557 2105 quod
2591 2034 2886 2107 disposuit
2907 2036 3193 2093 Dominus
3213 2037 3285 2092 ad
3309 2036 3553 2093 vos.Hoc
3575 2036 3769 2110 ﬁgura

2101 2120 2215 2177 fuit
2244 2124 2583 2179 testamenti
2618 2125 2775 2196 quod
2810 2125 3097 2181 Dominus
3123 2142 3337 2181 novum
3359 2124 3770 2198 appellavit,ut

2100 2208 2246 2265 illud
2268 2216 2436 2268 vetus
2468 2214 2545 2268 sit
2577 2214 2732 2285 quod
2769 2214 2997 2287 Moyses
3028 2215 3293 2271 tradidit.
3316 2216 3768 2272 Testamentum

2100 2317 2235 2373 ergo
2259 2303 2548 2375 sanguine
2580 2304 2967 2360 constitutum
3001 2304 3256 2377 est,quia
3288 2304 3555 2361 beneficii
3585 2303 3770 2359 divini

2100 2390 2409 2462 sanguinis
2440 2392 2608 2448 testis
2638 2398 2747 2460 est,
2782 2393 2842 2449 in
2891 2395 3061 2466 cujus
3106 2397 3311 2467 typum
3364 2410 3469 2449 nos
3520 2392 3766 2449 calicem

2099 2480 2415 2551 mysticum
2462 2482 2532 2537 ad
2584 2482 2893 2538 tuitionem
2946 2482 3205 2555 corporis
3252 2487 3312 2539 et
3339 2482 3672 2555 sanguinis,
3707 2487 3766 2537 et

2099 2569 2306 2625 anima:
2324 2570 2704 2643 percipimus,
2722 2572 2863 2644 quia
2884 2573 3129 2646 sanguis
3150 2573 3380 2628 Domini
3408 2572 3763 2645 sanguinem

2096 2663 2366 2714 nostrum
2390 2660 2657 2729 redemit,
2673 2660 2732 2716 id
2754 2666 2843 2717 cst
2866 2666 3058 2717 totum
3090 2662 3391 2718 hominem
3423 2662 3653 2717 salvum
3677 2663 3761 2718 fe-

2095 2748 2194 2804 cit.
2217 2748 2361 2804 Caro
2392 2747 2547 2804 enim
2584 2749 2899 2806 Salvatoris
2932 2768 3035 2824 pro
3087 2750 3279 2806 salute
3312 2751 3597 2823 corporis,
3628 2768 3763 2806 san-

2096 2837 2228 2908 guis
2259 2854 2390 2893 vero
2412 2855 2515 2910 pro
2543 2838 2742 2894 anima
2774 2844 2975 2896 nostra
3004 2840 3227 2895 effusus
3261 2844 3369 2909 est,
3403 2840 3556 2896 sicut
3591 2840 3762 2913 prius

2094 2928 2535 2998 prazfiguratum
2592 2928 2784 2983 fuerat
2831 2946 2866 2984 a
2914 2929 3110 3001 Moyse
3143 2947 3156 2985 :
3190 2930 3355 2999 Caro,
3392 2929 3604 3001 inquit,
3654 2948 3763 3002 pro

2096 3032 2335 3087 corpore
2364 3021 2558 3071 vestro
2590 3017 2850 3087 offertur,
2884 3018 3127 3090 sanguis
3184 3035 3319 3075 vcro
3380 3035 3482 3091 pro
3535 3019 3761 3086 anima,

2092 3103 2340 3176 ideoque
2364 3122 2477 3159 non
2501 3107 2983 3163 manducandum
3010 3107 3382 3181 sanguinem.
3405 3109 3609 3180 Itaque
3633 3109 3767 3181 qui-

2095 3211 2348 3265 cumque
2398 3196 2581 3251 ederit
2618 3214 2829 3268 panem
2878 3197 3056 3267 hunc,
3111 3203 3215 3253 aut
3262 3198 3474 3254 biberit
3516 3198 3764 3255 calicem

327 3287 741 3353 sanctificaret,
768 3285 981 3356 inquit,
1005 3284 1302 3339 mundans
1323 3302 1449 3339 eam
1482 3284 1708 3339 lavacro
1739 3301 1903 3355 aqua:
1927 3283 1984 3337 in
2020 3291 2064 3358 ρ
2096 3282 2324 3337 Domini
2358 3283 2619 3356 indigne,
2650 3285 2899 3341 Domino
2937 3305 3073 3342 reus
3108 3286 3216 3342 erit
3245 3287 3505 3359 corporis
3536 3292 3594 3342 et
3618 3305 3761 3343 san-

325 3377 519 3432 verbo.
569 3373 873 3429 Mundatio
925 3372 1108 3445 igitur
1152 3390 1525 3446 nequaquam
1561 3374 1713 3428 ﬂuxo
1736 3378 1793 3427 et
1823 3371 1984 3427 labili

325 3467 685 3521 tribueretur
738 3462 1045 3531 elemento,
1083 3462 1193 3518 nisi
1243 3464 1559 3518 adderetur
1600 3464 1661 3518 in
1698 3462 1855 3517 verbo
1886 3461 1985 3533 (3).

325 3556 443 3612 Hoc
474 3554 718 3610 verbum
750 3552 885 3607 fidei
916 3556 1147 3608 tantum
1178 3550 1331 3607 valet
1362 3550 1421 3607 in
1455 3550 1713 3607 Ecclesia
1772 3549 1896 3616 Dci,
1923 3554 1990 3605 ut

325 3661 428 3717 per
477 3642 669 3717 ipsam
723 3642 1079 3707 credentem,
1129 3641 1491 3709 offerentem,
1524 3640 1985 3709 benedicentem,

325 3734 671 3807 tingentem,
688 3732 866 3788 etiam
885 3730 1184 3787 tantillum
1205 3730 1450 3786 mundet
1472 3729 1992 3801 infantem,quam-

325 3822 411 3879 vis
432 3822 696 3879 nondum
727 3819 1017 3876 valentem
1050 3820 1221 3875 corde
1253 3820 1488 3874 credere
1519 3817 1905 3889 adjustitiam
1931 3824 1989 3875 et

327 3928 424 3967 ore
445 3908 710 3968 confiteri
736 3908 807 3965 ad
832 3907 1107 3963 salutem.
1131 3909 1346 3964 Totum
1366 3906 1476 3963 hoc
1498 3908 1564 3963 fit
1589 3923 1694 3980 per
1720 3908 1984 3977 verbum,

328 4000 400 4055 de
432 4016 547 4072 qno
580 3997 866 4055 Dominus
897 3997 981 4052 ait
1013 4014 1025 4051 :
1060 3996 1193 4053 Jam
1224 4014 1323 4053 vos
1344 3995 1551 4052 mundi
1581 3995 1724 4053 estis
1754 4001 1989 4069 propter

323 4088 570 4144 verbum
605 4086 761 4159 quod
793 4084 1025 4141 locutus
1052 4102 1187 4142 sum
1216 4085 1396 4142 vobis.

325 4195 461 4251 CAP.
477 4193 620 4249 XIV.
634 4194 790 4249 —-De
812 4192 994 4250 libello
1016 4193 1303 4248 Paschasii
1330 4192 1570 4249 Ratberti
1588 4193 1658 4249 ad
1675 4194 1987 4249 Placidium

396 4266 753 4339 discipulum,
790 4265 998 4321 Christi
1034 4267 1468 4339 communionem
1498 4282 1685 4321 verum
1712 4282 1905 4337 corpus
1936 4274 1989 4321 et

395 4336 722 4410 sanguinem
745 4353 860 4396 esse
887 4353 999 4393 non
1028 4336 1411 4393 dubitandum.

400 4444 658 4517 Quisque
689 4443 1111 4501 catholicorum
1145 4448 1299 4500 recte
1319 4443 1504 4499 Deum
1528 4448 1739 4501 cuncta
1756 4462 1987 4502 creasse

326 4532 396 4588 de
428 4532 612 4590 nihilo
646 4534 819 4590 corde
848 4531 1053 4601 credit,
1088 4537 1196 4588 etc.

398 4623 771 4731 (Subsequitur
820 4638 959 4695 pene
1006 4624 1213 4692 integer
1256 4621 1542 4679 Paschasii
1596 4623 1815 4681 libellus
1864 4626 1983 4697 jam
2014 4664 2063 4731 Β

325 4711 469 4766 alias
497 4711 720 4782 editus.)

329 4816 466 4892 ΟΑΡ.
499 4816 736 4892 XXXVI.
768 4847 833 4857 —
867 4816 1007 4892 Quid
1053 4817 1217 4888 digne
1262 4819 1344 4873 vel
1376 4819 1599 4892 indigne
1644 4822 1986 4877 sumtibus

400 4889 675 4971 Dentiniei
727 4890 967 4959 corporis
1023 4897 1073 4944 et
1141 4892 1431 4960 sanguinis
1499 4889 1715 4963 praestet
1786 4894 1985 4949 eucha-

403 4968 582 5015 nstin.

406 5068 711 5123 Instruens
743 5065 950 5122 beatus
980 5067 1298 5139 Apostolus
1326 5068 1655 5125 Corinthios
1681 5072 1751 5126 de
1790 5072 1985 5128 Domi-

336 5155 452 5210 nici
482 5155 743 5226 corporis
793 5160 849 5209 et
889 5156 1197 5228 sanguinis
1257 5165 1644 5226 sacramento,
1678 5166 1742 5215 ut
1772 5162 1990 5217 scirent

331 5249 620 5316 quantum
654 5243 736 5298 illi
767 5246 1097 5299 reverentize
1128 5247 1511 5316 deberent,ait
1541 5251 1692 5304 inter
1735 5256 1942 5307 caetera
1970 5269 1983 5305 :

330 5334 449 5406 Ego
478 5332 634 5388 enim
667 5333 862 5405 accepi
896 5351 929 5389 a
958 5334 1224 5404 Domino,
1256 5338 1409 5407 quod
1442 5342 1498 5393 et
1537 5340 1747 5393 tradidi
1797 5341 1983 5409 vobis,

331 5422 611 5494 quoniam
641 5422 925 5478 Dominus
954 5423 1127 5479 Jesus
1160 5425 1219 5480 in
1251 5444 1368 5497 qua
1410 5432 1575 5483 nocte
1622 5429 1982 5497 tradebatur,

332 5511 555 5583 accepit
586 5527 815 5581 panem,
850 5517 906 5566 et
956 5512 1175 5583 gratias
1226 5531 1406 5585 agens
1460 5516 1647 5587 fregit,
1681 5522 1737 5571 et
1794 5516 1982 5572 dixit:

332 5597 450 5654 Hoc
482 5605 570 5654 est
602 5617 815 5671 corpus
847 5616 1043 5655 meum
1084 5604 1239 5673 quod
1292 5621 1393 5675 pro
1446 5603 1609 5659 vobis
1657 5604 1984 5677 frangitur;

404 5689 481 5766 (3)
511 5687 655 5745 Vide
686 5688 744 5744 S.
777 5690 923 5764 Aug.
959 5693 1126 5746 tract.
1160 5693 1230 5748 80
1261 5691 1319 5747 in
1351 5692 1519 5752 Joan.
1554 5693 1770 5771 Evang.

2098 3370 2298 3444 guinis
2321 3372 2897 3447 Domini.lndignum
2922 3376 3063 3432 dicit
3084 3394 3211 3432 esse
3233 3377 3767 3449 Domino,qualiter

2100 3461 2444 3534 mysterium
2474 3461 2747 3532 celebrat,
2778 3466 2933 3536 quod
2966 3466 3039 3521 ab
3071 3482 3137 3521 eo
3169 3466 3451 3521 traditum
3482 3470 3593 3522 est.
3628 3468 3758 3522 Non

2097 3550 2255 3605 enim
2286 3555 2477 3623 potest
2494 3553 2739 3609 devotus
2770 3570 2919 3624 esse,
2936 3555 3036 3628 qui
3057 3555 3225 3612 aliter
3245 3556 3552 3629 praesumit
3574 3573 3759 3628 quam

2099 3639 2303 3694 datum
2335 3644 2424 3697 est
2453 3641 2525 3697 ab
2558 3644 2955 3701 auctore.ldeo
2987 3649 3306 3718 praemonet
3335 3649 3401 3701 ut
3429 3645 3762 3704 secundum

2098 3728 2362 3786 ordinem
2409 3730 2690 3786 traditum
2740 3732 2947 3789 devota
2990 3750 3157 3790 mens
3204 3734 3283 3790 sit
3320 3733 3649 3790 accedentis
3683 3734 3762 3790 ad

2098 3819 2514 3875 eucharistiam
2546 3819 2798 3889 Domini,
2835 3822 3109 3893 quoniam
3170 3822 3437 3879 futurum
3476 3826 3565 3878 est
3586 3822 3762 3894 judi-

2097 3907 2275 3977 cium,
2311 3912 2375 3964 ut
2405 3909 2907 3980 quemadmodum
2940 3911 3163 3968 accedit
3193 3910 3759 3983 unusquisque,red-

2098 3996 2197 4052 dat
2226 4014 2435 4054 causas
2465 3998 2525 4053 in
2557 3997 2651 4053 die
2674 3998 2909 4055 Do'mini
2942 4000 3129 4056 nostri
3159 4001 3300 4058 Jesu
3330 4000 3547 4057 Christi
3578 4017 3593 4056 :
3618 4000 3763 4073 quia

2095 4086 2222 4141 sine
2280 4085 2592 4158 disciplina
2647 4088 2980 4146 traditionis
3034 4094 3091 4145 et
3148 4087 3607 4146 conversationis
3655 4089 3763 4162 qui

2095 4175 2401 4245 accedunt,
2437 4175 2518 4232 rei
2565 4180 2706 4232 sunt
2754 4178 3017 4250 corporis
3063 4182 3123 4235 et
3160 4177 3469 4252 sanguinis
3498 4177 3757 4234 Domini.

2095 4264 2243 4330 Quid
2276 4269 2368 4320 est
2396 4269 2592 4319 autem
2625 4282 2754 4321 reos
2786 4283 2938 4337 esse,
2970 4268 3085 4324 nisi
3118 4285 3320 4341 poenas
3378 4268 3518 4324 dare
3546 4269 3763 4324 mortis

2095 4352 2376 4408 Domini?
2403 4352 2646 4409 Occisus
2700 4359 2790 4411 est
2819 4355 2975 4411 enim
3011 4373 3117 4429 pro
3145 4357 3239 4413 his
3270 4357 3371 4430 qui
3404 4357 3761 4413 beneficium

2093 4443 2223 4514 ejus
2254 4442 2486 4498 irritum
2516 4443 2763 4501 ducunt.
2789 4444 3009 4514 .Probet
3037 4451 3236 4503 autem
3267 4463 3330 4503 se
3361 4446 3559 4516 homo,
3583 4451 3642 4503 et
3674 4448 3760 4503 sic

2095 4531 2166 4588 de
2196 4549 2345 4603 pane
2367 4533 2524 4601 edat,
2546 4537 2604 4589 ct
2624 4534 2696 4589 de
2716 4533 2924 4606 poculo
2947 4534 3149 4605 bibat;
3179 4536 3281 4607 qui
3312 4535 3470 4592 enim
3501 4537 3758 4592 mandu-

2093 4625 2188 4677 cat
2218 4625 2277 4677 et
2324 4620 2472 4678 bibit
2521 4622 2784 4694 indigne,
2809 4623 3107 4694 judicium
3158 4624 3270 4681 sibi
3319 4625 3642 4683 manducet
3704 4631 3763 4681 et

2094 4710 2263 4777 bibit,
2327 4726 2443 4766 non
2522 4710 2863 4767 discernens
2939 4729 3155 4785 corpus
3222 4712 3478 4771 Domini.
3538 4713 3761 4769 Devoto

2093 4798 2293 4870 itaque
2341 4799 2538 4855 animo
2568 4804 2625 4855 et
2651 4817 2786 4856 cum
2818 4801 3029 4857 timore
3063 4802 3460 4858 accedendum
3490 4803 3563 4857 ad
3594 4820 3765 4858 com-

2096 4887 2437 4943 munioncm
2470 4888 2658 4960 docet,
2681 4894 2745 4945 ut
2767 4889 2914 4945 sciat
2943 4907 3109 4947 mens
3142 4891 3525 4948 reverentiam
3556 4908 3618 4947 se
3651 4894 3764 4948 de-

2097 4977 2231 5032 bere
2263 4977 2314 5031 ei
2347 4978 2419 5032 ad
2452 4978 2623 5049 cujus
2671 4995 2883 5051 corpus
2945 4980 3303 5037 sumendum
3358 4981 3602 5037 accedit.
3637 4982 3765 5042 Hoc

2097 5066 2254 5121 enim
2289 5068 2443 5139 apud
2478 5085 2539 5122 se
2571 5067 2744 5123 debet
2765 5068 3057 5139 judicare,
3093 5069 3196 5141 qui
3229 5069 3431 5139 sumit,
3468 5069 3615 5143 quia
3645 5071 3766 5127 Do-

2098 5155 2297 5211 minus
2327 5160 2436 5225 est,
2472 5157 2643 5227 cujus
2707 5158 2985 5229 mysterio
3047 5159 3401 5231 sanguinem
3439 5162 3622 5231 potat,
3659 5161 3769 5232 qui

2096 5245 2266 5300 testis
2295 5250 2384 5300 est
2413 5245 2681 5301 beneficii
2706 5246 3030 5312 Dei.Quem
3062 5265 3170 5304 nos
3200 5248 3248 5301 si
3280 5264 3416 5304 cum
3445 5248 3778 5321 disciplina

2097 5334 2599 5407 accipiamus,non
2623 5334 2847 5391 erimus
2870 5336 3097 5409 indigni
3123 5341 3433 5410 corporeet
3446 5338 3778 5412 sanguine,

2098 5428 2336 5495 agentes
2384 5424 2606 5495 gratias
2660 5424 3056 5498 Rcdcmptori.
3094 5426 3227 5481 Ideo
3276 5427 3450 5483 multi
3500 5426 3563 5482 in
3596 5429 3779 5485 vobis

2099 5512 2336 5567 invalidi
2369 5517 2426 5566 et
2458 5512 2676 5583 mgroti,
2711 5518 2768 5567 ct
2827 5512 3131 5569 dormiunt
3185 5514 3380 5572 multi.
3434 5515 3508 5571 Ut
3560 5533 3776 5574 verum

2097 5602 2369 5674 probaret
2401 5602 2555 5673 quod
2589 5618 2831 5658 examen
2874 5603 3139 5660 futurum
3198 5610 3288 5663 cst
3339 5605 3775 5680 accipientium
