3912 6402
176 411 294 473 389

1007 402 1241 466 LIBER
1284 403 1388 463 DE
1432 402 1794 465 CORPORE
1838 401 1938 463 ET
1985 401 2382 466 SANGUINE
2417 403 2762 476 ,CHHIS’I‘I.

3488 404 3607 465 390

179 561 391 617 corpus
423 540 675 610 Domini,
700 541 830 612 jam
860 539 953 594 hic
988 538 1304 609 imaginem
1329 537 1536 607 judicii
1570 538 1826 592 ostendit
1856 537 1912 604 Α
1950 537 2186 591 nionem
2234 539 2506 609 suspensi
2561 543 2778 595 terrore
2827 538 3094 610 ejusdem
3145 536 3522 603 exclusionis,
3555 550 3611 600 et

180 633 239 687 in
269 650 368 689 eos
413 630 514 704 qui
565 629 998 685 inconsiderate
1046 643 1263 699 corpus
1314 625 1546 681 Domini
1606 642 1839 698 accepe-

190 724 341 787 rant,
377 720 519 774 dum
549 718 811 774 febribus
842 721 899 771 et
931 714 1324 770 inﬁrmatibus
1353 714 1838 787 corripiebantur,

193 814 249 865 et
279 808 449 864 multi
482 806 901 871 moriebantur,
935 808 1001 859 ut
1034 805 1090 858 in
1114 803 1208 858 his
1239 803 1428 858 caeteri
1453 804 1763 871 discerent,
1787 807 1843 859 et

190 912 514 972 paucorum
542 893 805 965 exemplo
828 892 1015 949 cmteri
1045 890 1228 946 territi
1247 892 1841 960 emcndarcntur,non

190 985 447 1043 inultum
482 986 732 1040 scientes
764 1000 975 1055 corpus
1008 981 1237 1036 Domini
1291 981 1652 1054 negligenter
1697 981 1843 1036 acci-

185 1093 344 1149 pere,
369 1080 427 1130 et
458 1089 592 1129 eum
626 1089 802 1145 quem
825 1071 919 1126 hic
950 1087 1123 1143 pcena
1145 1070 1461 1137 distulerit,
1480 1070 1714 1142 gravius
1735 1069 1845 1125 tra-

184 1165 468 1220 ctandum
500 1163 645 1231 fore,
683 1161 825 1233 quia
854 1159 1208 1232 contempsit
1237 1158 1760 1230 exemplum.Quod
1793 1160 1842 1214 si

186 1254 588 1325 nosmetipsos
620 1252 1243 1317 discerneremus,non
1276 1249 1479 1321 utique
1503 1248 1847 1321 dijudicare-

188 1343 511 1399 mur.Dum
536 1341 882 1413 judicamur
911 1342 1128 1407 autem,
1146 1356 1179 1393 a
1201 1338 1448 1393 Domino
1471 1338 1841 1409 eorripimur,

190 1437 254 1488 ut
286 1451 402 1488 non
433 1450 569 1487 cum
601 1432 709 1487 hoc
742 1431 962 1486 mundo
992 1430 1363 1484 damnemur.
1381 1429 1496 1483 Hoc
1531 1427 1847 1499 dicit,quia

190 1522 239 1577 si
273 1521 619 1593 nosmetipsi
652 1537 878 1575 errores
912 1524 1145 1574 nostros
1186 1518 1631 1590 corrigeremus,
1668 1536 1781 1572 non
1815 1535 1849 1572 a

192 1611 441 1666 Domino
464 1611 890 1683 judicaremur,
907 1612 963 1663 et
985 1608 1124 1679 quia
1145 1607 1514 1679 corripimur,
1532 1611 1723 1661 tamen
1744 1624 1848 1679 pro

196 1699 367 1754 nobis
398 1703 507 1767 est,
524 1702 590 1753 ut
620 1698 830 1753 timore
843 1696 969 1769 ipso
983 1695 1453 1751 emendemur.In
1471 1695 1675 1769 paucis
1692 1696 1848 1751 enim

195 1788 464 1843 omnium
495 1791 583 1842 est
614 1785 968 1853 emendatio,
1003 1801 1075 1840 ne
1107 1800 1241 1840 cum
1272 1784 1381 1840 hoc
1412 1785 1652 1854 mundo,
1673 1785 1731 1840 id
1763 1791 1852 1843 est

195 1891 331 1929 cum
364 1872 724 1941 inﬁdelibus,
760 1873 1133 1928 damnemur.
1164 1871 1321 1926 Nihil
1371 1872 1527 1928 enim
1556 1873 1749 1929 differt
1779 1875 1850 1930 ab

191 1960 440 2030 inﬁdeli,
470 1962 571 2034 qui
602 1960 1031 2017 inconsiderate
1064 1961 1136 2017 ad
1179 1976 1444 2017 mensam
1490 1961 1721 2018 Domini
1754 1981 1848 2019 ac-

193 2051 372 2109 cedit.

194 2160 332 2215 CAP.
384 2156 650 2213 XXXVII.
703 2189 770 2197 —
834 2156 974 2224 Quid
1033 2156 1214 2212 beatus
1273 2164 1487 2230 martyr
1543 2158 1850 2230 Cyprianus

271 2230 519 2301 afﬁrmat
563 2244 620 2284 se
661 2236 925 2299 praesente
970 2231 1258 2298 cmitigisse
1301 2228 1387 2283 his
1419 2228 1517 2301 qui
1560 2228 1761 2301 polluti
1787 2232 1853 2286 de

272 2299 586 2371 idolothytis
625 2301 899 2355 Dominiei
946 2301 1185 2371 corporis
1235 2307 1287 2355 et
1326 2299 1613 2371 sanguinis
1664 2320 1847 2357 saera-

263 2379 448 2428 menta
478 2379 676 2426 temere
702 2379 1072 2442 susceperunt.

270 2480 578 2546 Praesente,
612 2478 825 2549 inquit,
861 2495 926 2533 ac
957 2482 1103 2533 teste
1134 2494 1227 2534 me
1260 2479 1407 2551 ipso,
1432 2481 1677 2553 accipite
1709 2482 1849 2553 quid

204 2567 480 2625 evenerit.
512 2567 786 2622 Parentes
808 2566 965 2622 foras
986 2567 1296 2640 fugientes,
1333 2567 1473 2623 dum
1508 2569 1716 2641 trepidi
1750 2572 1856 2625 mi-
1902 2584 1911 2595 '

198 2675 313 2714 nus
326 2655 663 2725 consulunt,
678 2656 779 2710 sed
799 2655 1047 2711 nutricis
1061 2655 1339 2712 alimento
1352 2656 1654 2729 parvulam
1671 2659 1851 2715 ﬁliam

200 2745 513 2817 reliquere.
550 2743 832 2799 Relictam
862 2744 1059 2799 nutrix
1099 2744 1308 2799 detulit
1353 2746 1423 2800 ad
1477 2747 1849 2818 magistrum.

201 2835 326 2891 Illic
355 2835 403 2889 ei
437 2834 591 2905 apud
624 2832 869 2900 idolum,
904 2849 1019 2904 quo
1051 2833 1302 2905 populus
1333 2835 1852 2908 conﬁuebat,quod

197 2940 438 2979 carnem
488 2922 739 2978 necdum
790 2925 988 2994 posset
1026 2923 1196 2978 edere
1227 2939 1331 2995 per
1361 2927 1608 2991 aetatem,
1643 2942 1853 2997 panem

199 3029 364 3068 mero
395 3015 662 3079 mlstum,
697 3012 853 3082 quod
887 3015 1081 3065 tamen
1114 3014 1171 3067 et
1217 3011 1415 3084 ipsum
1466 3014 1535 3068 de
1585 3014 1854 3069 immola-

196 3101 359 3155 tione
392 3098 761 3172 pereuntium
796 3103 1099 3171 supererat
1135 3100 1451 3156 tradidere.
1503 3103 1731 3175 Reliqua
1780 3106 1855 3158 le-

193 3197 404 3262 gantur
431 3188 579 3261 apud
607 3190 664 3243 S.
700 3188 1059 3261 Cyprianum,
1097 3189 1192 3244 lib.
1224 3190 1300 3245 De
1332 3190 1521 3262 lapsis.

1951 625 2208 696 quodam
2242 627 2750 682 condemnationis
2784 626 3154 682 anathemate
3186 624 3615 698 compellantur

1952 714 2275 769 studiosius
2302 714 2655 786 pmnitentize
2689 716 3184 771 medicamentum
3230 718 3519 786 appetere,
3552 719 3611 769 et

1952 803 2181 859 avidius
2213 805 2621 875 recuperandae
2653 804 2861 860 salutis
2893 802 3197 860 desideriis
3228 803 3474 858 inhiare.

1953 964 2088 1018 CAP.
2124 962 2360 1017 XXXIX.
2395 996 2462 1002 —-
2491 964 2706 1019 Juda‘os
2748 965 2815 1019 ab
2853 956 3021 1018 omni"
3051 971 3308 1018 conventa
3364 963 3611 1033 ﬁdelium

2022 1034 2304 1160 αῐῖεημιοδ,
2350 1038 2628 1107 pra'cipue
2674 1037 2770 1090 ubi
2815 1036 3255 1091 Christianorum
3309 1036 3613 1091 celebratur

2024 1122 2053 1159 ο
2113 1113 2245 1160 αιιο.

2024 1113 2245 1160 oblatio.

2027 1254 2091 1308 In
2124 1253 2513 1311 celebratione
2552 1260 2747 1310 autem
2798 1256 2942 1311 tanti
2990 1255 3249 1328 mysterii
3289 1257 3611 1312 cavendum

1955 1341 2122 1398 valde
2154 1347 2243 1396 est
2276 1360 2347 1398 ne
2380 1344 2652 1399 intersint
2672 1344 2926 1400 haeretici
2951 1343 3037 1399 vel
3060 1344 3302 1417 pagani;
3327 1345 3614 1417 praecipue

1954 1447 2088 1485 vero
2118 1431 2303 1486 Judaei
2338 1450 2453 1487 non
2484 1432 2678 1488 solum
2710 1451 2744 1487 a
2774 1432 3082 1488 liminibus
3116 1432 3510 1501 ecelesize,sed
3541 1435 3613 1489 ab

1958 1520 2116 1574 omni
2145 1537 2384 1591 prorsus
2416 1527 2701 1575 conventu
2736 1521 2996 1577 ﬁdelium
3048 1527 3187 1575 sunt
3222 1523 3476 1577 arcendi.
3512 1524 3613 1578 So-

1956 1605 2078 1663 lent
2104 1607 2262 1663 enim
2294 1609 2639 1681 nequissimi
2666 1613 2722 1663 et
2744 1609 3126 1680 perditissimi
3144 1610 3409 1663 omnium
3435 1609 3618 1664 homi-

1960 1714 2103 1752 num
2134 1713 2268 1752 cum
2300 1698 2561 1769 principe
2591 1714 2697 1753 suo
2730 1696 2960 1752 diabolo
2990 1697 3266 1752 vitalibus
3316 1698 3617 1753 detrahere

1962 1786 2366 1855 sacramentis,
2400 1790 2805 1858 quantumque
2837 1786 2896 1839 in
2928 1785 3072 1857 ipsis
3104 1788 3213 1856 est,
3244 1802 3393 1841 ausu
3435 1786 3617 1857 impio

1962 1875 2182 1944 conari,
2201 1892 2314 1947 quo
2344 1875 2576 1931 valeant
2604 1875 2859 1948 pretium
2893 1874 3313 1946 redemptionis
3344 1874 3616 1930 humanae

1960 1964 2266 2037 profanare
2298 1968 2470 2036 atque
2500 1963 2953 2037 polluere,quod
2976 1962 3119 2019 olim
3140 1963 3466 2019 beatissimi
3490 1964 3614 2037 Syri

1959 2053 2310 2109 confessoris
2342 2058 2601 2126 tempore
2626 2053 2934 2109 manifeste
2956 2052 3391 2124 deprehensum
3414 2052 3617 2125 digna-

1960 2159 2073 2214 que
2092 2146 2181 2196 est
2210 2140 2431 2197 ultione
2476 2142 2772 2214 punitum.
2798 2140 3055 2207 Qualiter
3102 2158 3235 2197 vero
3281 2146 3477 2197 actum
3522 2142 3618 2209 sit,

1960 2232 2100 2304 quia
2131 2247 2404 2303 magnam
2438 2231 2614 2286 habet
2640 2231 2875 2286 Domini
2905 2230 3163 2299 laudem,
3198 2231 3352 2287 sicut
3381 2230 3442 2286 in
3488 2231 3623 2287 Vita

1959 2320 2216 2392 praedicti
2243 2320 2595 2375 confessoris
2612 2318 2988 2393 legitur,huic
3010 2320 3265 2392 capitulo
3288 2321 3623 2393 putavimus

1962 2410 2362 2464 inserendum.
2389 2410 2663 2465 l‘ert‘ectis
2699 2409 2876 2482 igitur
2907 2407 3108 2481 templi
3144 2409 3265 2465 sive
3296 2408 3499 2465 altaris
3533 2410 3626 2465 de-

1963 2498 2272 2553 dicationis
2290 2498 2643 2571 insignibus,
2659 2498 3040 2555 beatissimus
3054 2500 3233 2571 Syrus
3251 2499 3624 2570 quotidianas

1964 2589 2080 2643 Deo
2112 2587 2318 2643 laudes
2352 2587 2410 2642 iu
2444 2604 2510 2643 eo
2542 2592 2599 2643 et
2649 2586 2876 2643 hostias
2925 2586 3222 2643 offerebat.
3257 2586 3383 2642 Una
3428 2590 3623 2642 autem

1965 2676 2215 2744 dierum,
2232 2675 2372 2730 dum
2393 2676 2711 2730 missarum
2731 2674 3016 2730 solemnia
3033 2674 3351 2747 singularis
3369 2676 3626 2746 pontifex

1965 2763 2182 2819 ibidem
2233 2763 2570 2833 celebraret,
2620 2769 2677 2818 et
2732 2763 2900 2835 copia
2956 2762 3212 2817 ﬁliorum
3270 2764 3423 2834 ejus,
3475 2780 3623 2835 quos

1962 2854 2117 2909 verbi
2139 2854 2363 2908 semine
2376 2854 2546 2924 juxta
2575 2852 2916 2925 Apostolum
2942 2853 3056 2907 Deo
3092 2856 3393 2925 genuerat,
3420 2852 3627 2907 devota

1966 2942 2184 2997 sanctis
2205 2942 2499 3015 mysteriis
2516 2942 2847 3009 interesset,
2864 2941 3390 2997 audacterJudazus
3409 2940 3467 2994 in
3486 2957 3622 2995 eum

1967 3033 2289 3104 ingressus,
2310 3031 2568 3104 maligno
2592 3030 2911 3102 instigante
2944 3030 3179 3102 spiritu,
3195 3047 3407 3102 corpus
3429 3030 3625 3085 Domi-

1967 3121 2164 3176 nicum
2189 3120 2508 3194 suscipere,
2527 3136 2780 3191 eumque
2803 3119 2860 3172 in
2882 3119 3322 3190 sterquilinium
3344 3118 3626 3190 projicere

1968 3210 2210 3265 molitus
2242 3214 2349 3265 est.
2371 3210 2477 3275 Qui
2512 3210 2662 3265 inter
2682 3210 2884 3264 turbas
2917 3207 3179 3263 ﬁdelium
3197 3209 3269 3263 ad
3289 3226 3500 3263 manus
3520 3208 3626 3262 viri

193 3295 335 3353 CAP.
368 3294 744 3351 XXXVIII.-
777 3295 967 3371 Quare
981 3297 1209 3371 peccatis
1240 3298 1627 3352 criminalibus
1658 3300 1860 3354 irretiti
1889 3279 1931 3344 (ἶ
1971 3301 2070 3355 Dei
2105 3300 2469 3371 perveniens,
2503 3317 2652 3353 ausu
2684 3298 2905 3353 nefario
2938 3299 3249 3353 immundo
3280 3314 3379 3352 ore
3418 3314 3630 3369 corpus

491 3383 524 3422 a
554 3368 909 3423 sacramentis
937 3368 1235 3423 Dominicis
1264 3377 1575 3424 arceantur.

274 3473 422 3529 Cum
457 3472 655 3545 itaque
687 3472 812 3544 ipse
845 3471 1027 3527 Filius
1059 3472 1160 3528 Dei
1190 3473 1345 3529 dicat
1377 3490 1390 3530 :
1425 3474 1562 3531 Caro
1590 3492 1711 3532 mea
1741 3493 1864 3533 vere

189 3569 279 3622 est
304 3561 479 3629 cibus,
511 3570 562 3618 et
589 3562 816 3632 sanguis
845 3577 996 3616 meus
1030 3578 1153 3618 vero
1190 3570 1271 3618 est
1303 3571 1482 3634 potus,
1516 3564 1599 3620 ita
1642 3563 1860 3621 intelli-

193 3650 460 3725 gendum
474 3654 562 3705 est
573 3650 777 3705 eadem
794 3649 1431 3722 redemptionisnostrae
1444 3653 1723 3725 mysteria
1734 3671 1864 3710 vere

195 3755 334 3798 esse
364 3754 577 3812 corpus
608 3742 664 3794 et
695 3738 1046 3811 sanguinem
1078 3739 1412 3809 Domini,ut
1442 3739 1604 3797 illius
1621 3741 1864 3799 unitatis

196 3827 495 3902 perfectis,
512 3844 692 3900 quam
725 3844 860 3884 cum
880 3828 1070 3901 capite
1097 3834 1296 3884 nostro
1309 3830 1436 3901 jam
1466 3847 1568 3903 spe
1590 3836 1864 3903 posteare

196 3916 560 3985 tenebimus,
575 3917 821 3991 pignora
833 3917 1068 3973 credere
1086 3918 1425 3975 debeamus.
1442 3918 1581 3975 Inde
1602 3924 1659 3975 et
1678 3938 1868 3976 sacra-

200 4010 458 4063 mentaa
474 4006 937 4062 sanctiﬁcatione
967 4006 1052 4061 vel
1088 4011 1309 4063 secreta
1333 4008 1546 4063 virtute
1566 4008 1862 4066 dicuntur.

200 4095 374 4152 Unde
401 4095 580 4150 etiam
612 4093 929 4150 criminum
963 4094 1222 4152 fceditate
1252 4095 1593 4169 capitalium
1616 4113 1651 4153 a
1680 4114 1864 4155 mem-

200 4184 453 4239 brorum
481 4182 697 4240 Christi
728 4183 980 4240 sanitate
1011 4184 1311 4241 deviantes
1355 4186 1427 4241 ab
1477 4184 1622 4259 ipsis
1671 4203 1863 4243 sacra-

200 4272 426 4328 mentis
459 4272 854 4329 ecclesiastico
872 4274 1318 4345 suspenduntur
1327 4274 1687 4347 judicio.0ui
1707 4276 1864 4332 enim
1928 4266 1931 4269 i

201 4376 423 4432 corpus
445 4364 502 4417 et
521 4361 872 4433 sanguinem
894 4360 1127 4419 Domini
1150 4362 1325 4436 digne
1350 4364 1668 4421 manducat
1702 4369 1757 4421 et
1778 4366 1866 4421 bi-

200 4448 316 4519 bit,
334 4449 604 4524 designat
632 4467 695 4508 se
725 4467 855 4508 esse
883 4450 945 4506 in
975 4450 1090 4507 Deo
1122 4455 1179 4507 et
1202 4451 1385 4508 Deum
1410 4453 1469 4507 in
1501 4454 1704 4520 eo.Qui
1734 4472 1867 4512 vero

205 4538 568 4596 medicinam
598 4538 686 4597 vel
719 4555 836 4596 non
889 4539 1086 4608 habet,
1115 4540 1206 4596 vel
1256 4558 1323 4597 ea
1370 4541 1612 4614 indigne
1662 4543 1866 4613 utitur,

1972 3388 2231 3459 suscepit
2261 3387 2654 3442 Dominicum.
2689 3387 2854 3452 Quod
2904 3391 2969 3441 ut
3010 3387 3083 3441 ad
3136 3385 3520 3457 rejiciendum
3565 3402 3631 3440 os

1973 3477 2223 3549 aperuit,
2250 3477 2428 3548 digna
2456 3475 2677 3531 ultione
2708 3492 3023 3546 percussus
3054 3474 3181 3530 sine
3210 3474 3417 3529 effectu
3435 3474 3633 3529 verbo-

1974 3583 2125 3634 rum,
2157 3564 2387 3620 cunctis
2435 3563 2809 3619 audientibus
2865 3568 2923 3619 et
2968 3562 3328 3628 videntibus,
3377 3560 3632 3618 clamare

1973 3655 2167 3727 erepit.
2202 3652 2443 3709 Volebat
2472 3651 2629 3708 labia
2649 3653 2921 3724 jungere,
2954 3668 3059 3705 nec
3088 3649 3337 3720 valebat,
3374 3651 3475 3705 sed
3517 3649 3631 3706 lin-

1974 3761 2091 3817 gua
2109 3742 2298 3816 rigida
2318 3741 2591 3813 loquendi
2615 3740 2876 3796 ofﬁcium
2899 3756 3013 3794 non
3035 3739 3353 3810 przebebat.
3369 3740 3440 3795 Et
3461 3739 3629 3812 quasi

1975 3832 2225 3906 ignitum
2248 3829 2514 3903 jaeulum
2548 3829 2608 3884 in
2640 3845 2737 3884 ore
2768 3831 3008 3901 portans
3038 3827 3371 3895 immensis,
3395 3831 3631 3900 torque-

1975 3922 2148 3978 batur
2164 3918 2826 3975 doloribus.Resonabat
2838 3916 3032 3972 omnis
3049 3915 3151 3971 illa
3166 3915 3413 3972 ecclesia
3425 3916 3631 3988 ineptae

1972 4012 2130 4068 vocis
2161 4009 2610 4076 clamoribus,et
2630 4007 2701 4063 de
2730 4010 2850 4062 tam
2881 4004 3097 4080 egregii
3116 4004 3332 4060 virtute
3364 4004 3631 4059 miraculi

1973 4100 2188 4159 Christi
2221 4098 2481 4154 ﬁdelium
2511 4096 2821 4152 laetabatur
2866 4098 3208 4161 conventus,
3242 4092 3633 4166 impleturque

1975 4186 2144 4243 illud.
2174 4186 2474 4243 Derisores
2500 4185 2627 4258 ipse
2659 4184 2913 4251 deridet;
2947 4187 3003 4238 et
3032 4182 3187 4255 quod
3220 4181 3530 4254 Apostolus
3561 4182 3632 4238 ad

1976 4275 2212 4333 Galatas
2253 4275 2494 4331 scribit:
2527 4275 2705 4331 Nolite
2752 4289 2958 4342 errare,
2991 4274 3133 4327 Deus
3178 4287 3292 4327 non
3340 4271 3633 4338 irridetur;

1977 4382 2100 4439 quae
2128 4365 2277 4422 enim
2315 4364 2668 4419 seminaverit
2708 4361 2885 4428 homo,
2919 4361 3033 4416 haec
3077 4368 3130 4416 et
3175 4366 3350 4415 metet.
3394 4359 3634 4414 Judzeus

1944 4476 1947 4481 ν
1977 4459 2173 4510 autem
2205 4458 2262 4509 et
2292 4451 2629 4508 incredulus
2660 4467 2765 4506 nec
2806 4450 3074 4506 audierat
3124 4447 3181 4503 id
3234 4451 3322 4503 est
3368 4448 3633 4502 fraudem

1976 4542 2090 4600 ista
2139 4540 2427 4615 praeconia
2482 4539 2627 4613 (sic),
2688 4539 2787 4610 qui
2849 4541 3052 4595 sancto
3112 4534 3355 4608 Spiritui
3411 4535 3638 4608 putavit

204 4627 385 4701 longe
430 4645 494 4686 se
544 4646 672 4686 esse
720 4646 754 4685 a
796 4629 1021 4686 medico
1067 4628 1400 4702 languendo
1431 4634 1700 4688 testatur.
1735 4633 1860 4690 Non
1900 4649 1948 4714 Ι)
1980 4631 2283 4705 strepham
2314 4629 2608 4685 inducere.
2642 4629 2824 4694 Quem
2854 4626 2943 4682 vir
2988 4624 3091 4681 Dei
3138 4641 3246 4682 suo
3297 4625 3638 4697 conspectui

207 4716 374 4774 enim
407 4718 694 4775 mentitur
722 4717 823 4791 qui
857 4718 999 4774 dicit
1031 4735 1044 4774 :
1076 4717 1199 4774 Nisi
1231 4720 1724 4779 manducaveritis
1745 4739 1869 4779 car-

206 4823 350 4865 nem
374 4806 501 4863 Filii
534 4806 886 4875 hominis,et
916 4807 1181 4863 biberitis
1211 4808 1340 4879 ejus
1372 4809 1872 4883 sanguinem,non

207 4896 506 4953 habebitis
534 4898 714 4953 vitam
744 4897 804 4951 in
836 4896 1021 4963 vobis,
1052 4899 1108 4951 et
1138 4897 1382 4969 reliqua.
1400 4899 1605 4955 Seicnd
1618 4918 1716 4956 um
1738 4919 1871 4959 vero

208 5002 244 5042 a
276 4986 499 5041 sanctis
532 4985 803 5041 Patribus
836 4985 908 5041 ob
935 4984 1045 5040 hoc
1076 4984 1161 5041 vel
1194 4987 1866 5059 maximeconstitutum,

206 5078 276 5130 ut
309 5074 637 5130 mortaliter
659 5078 972 5147 peccantes
994 5076 1427 5131 asacramentis
1444 5077 1765 5134 Dominicis
1787 5098 1872 5135 ar-

207 5168 480 5236 ceantur,
498 5181 570 5220 ne
593 5164 830 5237 indigne
851 5180 919 5219 ea
940 5163 1329 5236 percipientes
1345 5164 1429 5220 vel
1456 5167 1662 5238 majori
1686 5169 1871 5223 reatui

207 5252 603 5321 involvantur,
639 5257 703 5308 ut
722 5254 929 5323 Judas,
963 5270 1139 5325 quem
1173 5257 1304 5325 post
1338 5270 1547 5326 panem
1590 5259 1807 5314 temere
1840 5274 1874 5313 a

207 5342 493 5414 Magistro
526 5346 867 5414 susceptum
901 5341 1172 5398 diabolus
1203 5342 1421 5398 dicitur
1448 5342 1680 5414 plenius
1712 5345 1870 5402 inva-

208 5430 382 5499 sisse,
419 5435 481 5485 ut
512 5431 733 5487 crimen
768 5431 926 5503 quod
956 5431 1124 5503 prius
1174 5430 1459 5487 scelerata
1502 5435 1872 5504 praemedita-

205 5518 371 5575 tione
402 5524 765 5591 coneeperat,
792 5522 919 5592 jam
952 5520 1403 5577 sceleratissimo
1437 5527 1875 5579 consummaret

211 5609 454 5676 effectu;
487 5607 576 5663 vel
610 5625 702 5677 ne,
737 5610 892 5681 quod
924 5608 1239 5685 Apostolus
1268 5609 1339 5664 de
1370 5608 1687 5665 Corinthiis
1708 5611 1871 5679 dicit,

216 5696 627 5753 inﬁrmitatem
654 5698 915 5771 corporis
944 5703 1001 5754 et
1046 5697 1513 5756 imbecillitatem
1565 5700 1874 5773 ipsamque

219 5789 472 5849 mortem
500 5792 958 5864 presumptores
982 5788 1387 5848 incurrantzet
1418 5793 1482 5847 ut
1512 5790 1584 5849 ad
1617 5807 1875 5851 commu-

1983 4719 2317 4794 przesentari
2350 4717 2639 4790 praecepit,
2674 4721 2849 4789 atque
2883 4713 3212 4772 advenienti
3245 4713 3426 4770 dixit:
3454 4714 3640 4771 Incre-

1983 4807 2124 4864 dula
2142 4810 2200 4863 et
2226 4805 2479 4878 perﬁdiae
2503 4821 2669 4860 mens
2689 4802 2882 4876 plena,
2904 4819 3083 4875 quare
3103 4806 3223 4857 tam
3241 4801 3427 4874 iniqui
3450 4801 3638 4857 hostis

1982 4894 2239 4968 implesti
2270 4891 2606 4957 consilium,
2625 4896 2688 4947 ut
2719 4891 3040 4948 zestimarcs
3059 4907 3268 4961 corpus
3287 4888 3496 4944 Christi
3521 4906 3640 4944 cor-

1982 5002 2094 5058 pus
2123 4982 2474 5038 vilissimum
2493 4981 2521 5035 ?
2548 4981 2691 5035 Ecce
2723 4980 2877 5052 quod
2901 4978 3304 5034 clandestinus
3326 4993 3640 5048 persuasor

1980 5079 2037 5129 te
2064 5073 2347 5128 miserum
2380 5069 2562 5124 illexit
2592 5073 2658 5124 ut
2690 5058 2927 5136 faceres,
2957 5067 3184 5123 cunctis
3208 5066 3482 5123 ﬁdelibus
3513 5066 3638 5121 suis

1982 5161 2179 5217 divina
2204 5158 2390 5214 virtus
2421 5158 2709 5213 ostendet.
2733 5157 2972 5213 Judaeus
3005 5155 3423 5224 autem,nimio
3441 5156 3639 5211 dolore

1983 5252 2313 5321 superatus,
2348 5263 2517 5302 voces
2550 5245 2813 5302 emittere
2845 5246 3065 5318 absque
3099 5245 3472 5301 sermonibus
3522 5261 3636 5299 non

1983 5338 2250 5395 cessabat
2278 5336 2503 5391 habens
2533 5335 2592 5389 in
2624 5339 2859 5407 gutture
2890 5351 2999 5390 suo
3031 5332 3268 5389 malitia:
3287 5333 3633 5399 cruciatum,

1984 5427 2122 5501 quia
2152 5426 2477 5482 secundum
2499 5422 2858 5480 sanctissimi
2881 5422 3222 5479 vaticinium
3246 5420 3638 5484 Simeonis,ut

1982 5513 2304 5573 incredulis
2329 5518 2417 5569 est
2442 5513 2729 5584 pernicies
2761 5529 2826 5567 ac
2857 5510 3147 5580 ruina,ita
3194 5509 3468 5565 ﬁdelibus
3511 5508 3636 5563 suis

1981 5608 2102 5664 vita
2130 5602 2437 5661 exsultatio
2468 5606 2558 5658 est
2586 5602 2828 5659 verbum
2860 5600 2982 5657 Dei.
3012 5601 3156 5655 Nam
3184 5596 3439 5654 mirabili
3466 5595 3637 5651 libra-

1984 5697 2141 5754 tione
2163 5710 2375 5766 corpus
2396 5692 2767 5748 Dominicum
2798 5691 2858 5746 in
2875 5706 2973 5746 ore
2991 5687 3298 5745 videbatur
3314 5684 3499 5741 Judaei
3530 5683 3633 5738 de-

1984 5786 2255 5865 pendere,
2289 5785 2356 5840 ut
2386 5797 2492 5840 nec
2517 5779 2731 5859 lingua:
2772 5778 2976 5838 subter
3024 5772 3290 5851 compagi
3334 5769 3633 5830 insideret-
