3912 6366
383 433 495 495 391

1443 421 1773 486 GEZONIS
1819 415 2151 482 ABBATIS
2196 416 2743 478 DEltTONENSlS

3718 412 3829 471 392

385 584 490 622 nec
522 567 770 635 desuper
801 559 1105 617 immundo
1128 558 1444 615 adhmrerct
1476 554 1717 629 palatui.
1752 554 1862 611 Sed
1895 569 2027 627 pos-
2056 558 2113 626 Α
2140 551 2211 609 Et
2239 550 2357 605 hcce
2392 548 2517 605 dico
2551 566 2667 605 non
2710 552 2771 604 ut
2804 564 2902 604 vos
2942 552 3211 615 tcrrcam,
3245 546 3351 601 sed
3406 550 3472 600 ut
3523 544 3825 599 cautiore:

385 655 713 711 tutantibus
744 651 1018 706 ﬁdelibus
1068 666 1171 721 pro
1209 650 1338 719 ejus
1392 646 1647 711 miseria,
1681 644 1769 699 vir
1809 642 2041 700 Domini

385 759 628 799 manum
664 740 930 806 tetendit,
967 743 1021 793 et
1053 744 1263 793 sanctae
1297 734 1662 791 eucharistim
1696 733 2041 807 mysterium

388 851 421 888 a
452 830 736 902 sacrilego
761 847 857 884 ore
891 826 1175 883 abstraxit
1206 826 1405 880 diecns
1440 842 1451 878 :
1486 825 1629 878 Ecce
1657 840 1809 876 nunc
1840 822 2044 875 libera-

388 926 484 977 tus
511 939 591 988 es,
614 921 681 974 de
705 924 911 973 carteio
936 934 1066 971 cave.
1099 912 1508 986 hujuscemodi
1532 910 1720 967 simile
1746 930 1813 964 ne
1840 909 2039 975 facias,

382 1016 439 1066 et
469 1028 537 1065 ne
570 1008 818 1063 ulterius
852 1011 1109 1077 repetere
1144 1005 1249 1057 hoc
1284 1019 1627 1075 pra-sumas.
1653 1000 1893 1056 Judmus
1935 1015 2040 1051 au-

381 1105 523 1165 tem,
556 1100 684 1169 ejus
724 1096 972 1168 pedibus
1004 1094 1335 1159 advolutus,
1370 1091 1663 1145 clamabat
1710 1106 1770 1142 se
1815 1087 2041 1141 Christo

382 1187 628 1244 Domino
660 1186 1040 1251 crediturum,
1076 1182 1121 1237 si
1151 1181 1299 1235 sacri
1332 1199 1466 1235 eum
1496 1178 1868 1251 baptismatis
1888 1176 2043 1229 unda

381 1276 775 1349 perfunderet,
810 1290 876 1327 ac
906 1272 999 1344 pio
1032 1272 1159 1342 ejus
1192 1269 1497 1323 conventui
1537 1267 1854 1338 copularet.
1889 1264 2039 1330 Tibi,

380 1364 593 1437 inquit,
626 1363 726 1418 Dei
758 1360 1175 1431 omnipotentis
1221 1360 1389 1413 Pater
1437 1358 1619 1413 refero
1670 1355 1909 1428 gratias,
1942 1355 2041 1425 qui

380 1453 686 1511 Judaieam
720 1449 1026 1523 perﬁdiam
1062 1466 1174 1504 non
1210 1448 1548 1517 dedignaris
1592 1446 1902 1517 corrigere,
1940 1443 2040 1497 sed

382 1543 454 1597 ad
505 1542 589 1597 tui
640 1539 933 1611 Unigeniti
987 1539 1159 1591 ﬁdem
1210 1535 1408 1608 ampla
1457 1535 1673 1608 pietate
1721 1532 2038 1587 conversis.

382 1631 681 1703 Baptizato
698 1634 893 1684 autem
918 1627 1038 1695 illo,
1057 1627 1222 1681 multi
1249 1644 1315 1679 ex
1336 1625 1554 1680 Jndaris
1578 1624 1882 1678 credentes
1907 1638 2039 1675 cum

380 1734 446 1774 eo
479 1735 643 1773 sacro
673 1716 856 1772 renati
882 1715 1232 1787 baptismate
1273 1712 1485 1769 Christi
1528 1711 1820 1779 fidelibus,
1838 1726 1901 1765 ac
1930 1708 2044 1780 spi-

380 1806 574 1863 rituali
607 1805 779 1862 ccetui
813 1809 950 1861 sunt
982 1804 1153 1858 uniti.

379 1905 514 1961 CAP.
548 1904 663 1959 XL.
697 1934 766 1944 —
818 1902 1063 1969 Qualiter
1113 1899 1470 1955 accedendum
1519 1901 1591 1954 sit
1641 1898 1711 1953 ad
1770 1897 2042 1952 Dominici

536 1978 777 2047 corporis
809 1982 861 2029 et
882 1974 1171 2044 sanguinis
1204 1972 1457 2027 mirabile
1475 1978 1895 2025 smrrmnentum.

451 2072 862 2129 Confessiones
884 2076 1081 2125 autem
1117 2069 1242 2124 dari
1273 2068 1614 2140 diligentius
1647 2066 2040 2138 przecipimus,

378 2161 632 2217 maxime
667 2162 737 2215 de
760 2158 1250 2215 cmnmotionibus
1270 2158 1471 2223 animi,
1487 2162 1798 2228 antequam
1818 2157 1889 2211 ad
1911 2155 2045 2210 mis-

380 2268 511 2306 sam
543 2254 729 2317 eatur,
750 2266 821 2303 ne
855 2248 997 2302 forte
1031 2246 1162 2317 quis
1185 2248 1420 2300 accedat
1442 2246 1719 2316 indignus
1743 2246 1812 2299 ad
1838 2244 2042 2308 altare,

381 2340 439 2394 id
472 2343 560 2393 est
593 2338 639 2392 si
664 2354 763 2392 cor
790 2336 1076 2389 mundum
1104 2351 1217 2388 non
1248 2331 1763 2388 habuerit.l\iclius
1782 2336 1867 2385 est
1886 2330 2042 2384 enim

382 2433 719 2499 exspectare
752 2425 934 2478 donec
968 2439 1178 2478 sanum
1214 2422 1385 2476 fuerit
1432 2426 1489 2475 et
1530 2419 1784 2475 alienum
1818 2437 1852 2474 a
1883 2435 2045 2473 scan-

382 2517 513 2571 dalo
548 2520 724 2586 atque
752 2512 989 2581 invidia,
1024 2529 1201 2583 quam
1235 2512 1507 2565 accedere
1540 2509 1817 2563 audacter
1847 2508 1917 2563 ad
1942 2508 2040 2576 ju-

381 2606 598 2660 dicium
632 2602 960 2658 tribunalis.
985 2599 1266 2656 ’I‘ribunal
1304 2600 1459 2654 enim
1490 2598 1701 2653 Christi
1727 2596 1908 2652 altare
1930 2600 2039 2662 est,

380 2700 438 2749 et
470 2712 681 2767 corpus
716 2709 887 2747 suum
913 2690 1057 2745 inibi
1081 2707 1213 2744 cum
1239 2689 1525 2759 sanguine
1550 2686 1779 2759 judieat
1804 2684 2042 2757 indigne

380 2786 736 2839 accedentes.
774 2782 937 2837 Sicut
967 2797 1102 2850 ergo
1138 2797 1171 2835 a
1202 2779 1458 2850 peccatis
1486 2775 1822 2832 carnalibus
1855 2779 1911 2828 et
1941 2792 2041 2828 ca-

381 2873 661 2946 pitalibus
680 2870 1132 2942 temperandum
1156 2873 1246 2922 est
1267 2872 1582 2939 antequam
1607 2865 2041 2920 connnunican-

381 2962 521 3016 dum
555 2962 649 3027 sit,
686 2962 765 3014 ita
796 2960 973 3013 etiam
1004 2959 1076 3012 ab
1112 2958 1488 3011 interioribus
1520 2955 1674 3010 vitiis
1721 2958 1777 3007 et
1821 2952 2041 3006 morbis

381 3050 715 3122 languentis
749 3049 957 3102 animm
991 3047 1405 3101 abstinendum
1438 3050 1526 3099 est
1559 3048 1691 3099 ante
1716 3059 1857 3096 vera!
1882 3041 2041 3112 pacis

381 3138 854 3209 conjunctionem
887 3140 943 3189 et
973 3140 1195 3189 aeterna)
1220 3134 1428 3187 salutis
1450 3130 2040 3204 compagiuem.Cum

384 3228 580 3298 itaque
612 3227 683 3280 ad
714 3224 1034 3280 terribilem
1069 3241 1333 3277 mensam
1363 3228 1757 3294 Opportunum
1808 3225 2042 3290 tempus

2069 1936 2120 2003 B

2151 639 2618 697 efﬁciam.Nemo
2642 638 2719 693 sit
2744 637 2929 694 Judas
2962 637 3019 691 in
3054 654 3276 691 mensa.
3303 635 3423 691 IIoc
3454 633 3821 689 sacriﬁcium

2153 732 2319 785 cibus
2351 735 2439 784 est
2461 727 2805 800 spiritualis,
2824 744 2958 781 nam
2983 727 3134 782 sicut
3150 723 3480 796 corporalis
3498 722 3819 778 cibuscum

2152 824 2408 874 ventrem
2444 817 2723 872 invenerit
2755 816 3015 871 adversis
3056 814 3410 869 humoribus
3446 817 3818 883 ,occupatum

2154 908 2409 979 amplius
2436 907 2612 973 laidit,
2650 906 2838 977 magis
2872 909 3056 971 nocet,
3092 904 3322 957 nullum
3360 907 3613 975 praistat
3664 904 3815 956 auai-

2154 999 2318 1061 liuui,
2357 997 2433 1050 ita
2464 999 2552 1049 est
2585 995 2691 1049 istc
2719 992 3044 1065 spiritualis
3075 992 3327 1058 cibus,.~'i
3365 992 3638 1063 aliquem
3678 1008 3819 1061 rupi:-

2153 1087 2291 1141 rerit
2321 1086 2685 1156 malignitate
2718 1083 3027 1155 pollutum,
3064 1084 3253 1155 magis
3287 1099 3425 1137 cum
3460 1082 3687 1153 perdit,
3716 1100 3813 1133 non

2154 1194 2260 1231 sua
2310 1179 2536 1242 natura,
2584 1174 2683 1229 sed
2736 1172 3074 1244 accipientis
3124 1191 3189 1227 ex
3238 1170 3401 1225 vitio.
3441 1170 3603 1225 Pura
3644 1170 3813 1241 igitur

2154 1284 2319 1320 mens
2342 1266 2397 1318 in
2425 1264 2719 1329 omnibus,
2738 1280 2881 1334 pura
2906 1261 3199 1335 cegitatio,
3220 1260 3361 1332 quia
3377 1266 3433 1315 et
3454 1259 3811 1315 sacrificium

2152 1372 2365 1427 purum
2380 1355 2769 1409 est.Sanctam
2785 1350 3569 1424 animampra‘paremusEx
3582 1348 3697 1403 hoc
3711 1366 3809 1402 non

2152 1442 2336 1498 multo
2353 1442 2738 1514 temporc,sed
2755 1459 2871 1496 una
2887 1438 3479 1512 corrigiturdieﬁam
3498 1438 3549 1491 si
3570 1437 3679 1491 tibi
3695 1454 3811 1491 con-

2153 1536 2241 1587 tra
2272 1532 2575 1586 inimicum
2608 1534 2776 1585 tuum
2811 1529 2975 1585 dolor
3004 1528 3278 1597 est,solvc
3310 1526 3809 1597 iras,ini1uicitias

2150 1621 2298 1689 laxa,
2327 1626 2390 1675 ut
2414 1620 2735 1675 remedium
2769 1619 2838 1674 de
2869 1636 3072 1674 mensa
3100 1616 3506 1690 percipias.Ad
3541 1622 3809 1672 sanctum

2151 1727 2216 1765 ac
2249 1710 2501 1765 terribile
2544 1708 2897 1765 sacriﬁcium
2944 1707 3270 1781 properas?
3301 1707 3608 1762 Erubesce
3658 1705 3808 1761 obla-

2150 1800 2327 1856 tionis
2375 1817 2605 1855 arcana.
2658 1796 2948 1854 Occisioni
2999 1797 3334 1870 propositus
3381 1795 3666 1851 Christus
3712 1802 3807 1861 est,

2148 1893 2205 1944 et
2234 1906 2337 1944 cur
2368 1888 2595 1944 occisus
2621 1893 2709 1943 est
2731 1885 3143 1943 videamusUt
3173 1885 3437 1942 cmlestia
3466 1886 3703 1941 scilicet
3728 1904 3809 1958 pa-

2152 1979 2365 2033 ctiticct
2393 1979 2614 2047 (sic),ut
2645 1977 2703 2031 in
2736 1980 2889 2032 terra
2921 1974 3254 2031 reconciliet
3281 1975 3804 2042 universa,utami-

2151 2084 2284 2123 cum
2320 2072 2374 2122 te
2406 2066 2725 2122 constituat
2755 2066 3118 2138 angelorum,
3152 2068 3209 2121 et
3243 2064 3345 2120 Dei
3370 2064 3657 2119 habentis
3689 2082 3804 2119 om-

2151 2156 2315 2211 nium
2347 2159 2714 2228 potestatem.
2746 2154 3018 2210 Animam
3052 2171 3222 2211 suam
3255 2170 3359 2225 pro
3414 2158 3471 2208 te
3524 2154 3806 2209 Dominus

2153 2246 2401 2313 dcdit,et
2430 2249 2491 2299 tu
2518 2244 2793 2301 inimicus
2821 2262 3095 2300 conservo
3119 2242 3516 2315 perduras?et
3549 2260 3693 2297 cum
3712 2244 3806 2297 hoc

2152 2334 2349 2389 animo
2380 2334 2452 2388 ad
2486 2350 2751 2388 mensam
2787 2333 2947 2404 pacis
2976 2331 3360 2388 accedis?llle
3393 2349 3502 2388 nec
3528 2332 3806 2403 moriqui-

2151 2424 2283 2478 dem
2316 2441 2418 2495 pro
2453 2427 2552 2477 tua
2584 2421 2830 2477 utilitate
2845 2422 3149 2489 recusavit,
3170 2425 3228 2477 et
3256 2424 3320 2476 tu
3354 2438 3461 2476 nec
3484 2420 3641 2476 iram
3656 2424 3803 2475 tuam

2150 2529 2426 2569 conservo
2458 2529 2561 2583 pro
2590 2516 2692 2566 tua
2722 2510 3061 2567 liberatione
3093 2510 3405 2567 concedis?
3420 2512 3536 2565 Sed
3573 2511 3805 2566 forsitan

2151 2599 2299 2655 dicis
2332 2616 2344 2654 :
2377 2600 2460 2654 Ab
2494 2598 2731 2654 inimico
2765 2599 3071 2654 fraudatus
3103 2616 3259 2669 sum,
3293 2598 3502 2653 multis
3544 2617 3641 2654 me
3674 2599 3806 2653 ιτς-έίι

2152 2687 2496 2760 dispendiis,
2532 2689 2763 2761 magnis
2791 2707 2883 2743 me
2915 2688 3283 2744 detrimentis
3315 2689 3608 2745 oneravit.
3648 2691 3808 2756 Quid-

2151 2778 2290 2849 quid
2340 2778 2555 2834 dixeris
2609 2779 2994 2850 pecuniarum
3044 2778 3290 2833 vcrtilur
3339 2796 3549 2834 causa.
3603 2780 3733 2834 Non
3765 2786 3805 2833 te

2151 2867 2457 2936 cruciﬁxit,
2478 2868 2630 2922 sicut
2658 2867 2844 2923 Judaii
2875 2868 3194 2935 Christum,
3230 2873 3287 2922 et
3319 2873 3517 2923 tamen
3547 2868 3647 2923 ille
3672 2870 3805 2923 etfu-

2152 2974 2283 3013 sum
2317 2957 2663 3029 sanguinem
2715 2974 2818 3029 pro
2870 2956 3059 3013 salute
3088 2974 3290 3014 eorum
3325 2958 3425 3029 qui
3478 2958 3805 3013 effuderunt

2150 3045 2313 3117 larga
2344 3047 2555 3118 pietate
2585 3046 3221 3102 concessit.lnimicum
3241 3046 3359 3103 Deo
3390 3051 3482 3102 est
3513 3049 3804 3103 tumidum

2152 3134 2593 3206 pectus.Merito
2625 3140 2821 3191 autem
2856 3135 3349 3193 reconciliationis
3380 3153 3567 3192 causa
3593 3138 3707 3192 hoc
3727 3156 3805 3193 sa-

2150 3223 2436 3278 criﬁcium
2470 3225 2855 3279 constitutum
2888 3229 2996 3279 est.
3030 3226 3099 3279 Et
3129 3226 3177 3280 si
3212 3224 3487 3280 sacriﬁcii
3522 3232 3806 3298 praecepta

384 3316 609 3383 invitat,
645 3313 1086 3385 przecavendum
1118 3317 1203 3367 est
1228 3328 1599 3383 summepere
1631 3314 1694 3364 ut
1726 3308 1923 3364 nullus
1956 3307 2035 3362 ibi
2066 3310 2109 3377 C
2149 3314 2496 3381 contemnis,
2518 3313 2790 3369 sacriﬁcii
2824 3314 3150 3370 remedium
3183 3314 3402 3369 sentire
3434 3332 3551 3370 non
3576 3317 3805 3387 poteris.

383 3405 623 3460 Judaeus
664 3404 1005 3474 reperiatur,
1045 3401 1242 3456 nullus
1286 3401 1582 3472 malignns
1633 3400 1888 3466 accedat,
1924 3415 2040 3452 non

386 3494 580 3549 fucata
612 3494 787 3547 verba
837 3491 1037 3564 lingua
1092 3492 1366 3562 proferat,
1404 3508 1508 3547 nec
1565 3488 1791 3545 insidize
1847 3492 2041 3542 mente

383 3584 734 3651 condantur,
765 3582 865 3637 sed
901 3582 1055 3653 quod
1089 3580 1357 3635 voluntas
1388 3580 1669 3653 possidet,
1705 3596 1897 3633 sermo
1943 3578 2040 3632 de-

384 3672 582 3728 claret.
617 3673 688 3727 Et
718 3688 873 3726 nunc
906 3670 1003 3726 illo
1035 3675 1246 3742 praesto
1284 3675 1372 3725 est
1418 3669 1703 3737 Christus,
1731 3668 1829 3740 qui
1879 3666 2040 3721 illam

383 3762 611 3817 ornavit
642 3777 932 3831 mensam,
956 3760 1080 3831 ipse
1114 3760 1286 3814 istam
1310 3776 1543 3831 quoque
1566 3762 1887 3814 consecrat.
1915 3758 2042 3813 Non

383 3851 539 3906 enim
570 3850 745 3906 homo
777 3849 997 3921 est,qui
1032 3848 1331 3921 proposita
1380 3865 1593 3920 corpus
1640 3847 1855 3903 Christi
1908 3845 2044 3900 facit

385 3944 443 3996 et
474 3940 847 4011 sanguinem,
876 3939 976 3993 sed
1012 3936 1109 3991 ille
1132 3937 1230 4008 qui
1273 3937 1589 3992 cruciﬁxus
1619 3953 1722 4008 pro
1756 3935 1924 3991 nobis
1956 3938 2045 3990 est

386 4029 672 4083 Christus.
706 4028 815 4082 Ore
846 4026 1166 4080 sacerdotis
1204 4026 1380 4080 verba
1411 4026 1806 4096 proferuntur,
1841 4028 1897 4079 et
1941 4022 2043 4078 Dei

384 4117 599 4173 virtute
649 4117 1067 4170 consecrantur
1113 4116 1170 4167 et
1216 4113 1426 4185 gratia.
1459 4114 1566 4168 Hoc
1612 4120 1707 4180 est,
1742 4112 1822 4168 ait
1851 4128 2044 4184 corpus

385 4222 587 4261 meum.
622 4204 741 4259 Hoc
771 4203 944 4258 verbo
973 4202 1271 4274 proposita
1320 4206 1760 4270 consecrantur,
1787 4205 1843 4256 et
1891 4201 2046 4256 sicut

389 4294 488 4349 illa
519 4312 643 4363 vox,
684 4310 809 4364 quae
842 4292 990 4347 dixit
1025 4308 1036 4347 :
1072 4290 1324 4346 Crescite
1368 4295 1425 4345 et
1454 4289 1955 4361 multipiicamini,
1988 4293 2046 4343 et

389 4383 677 4455 complete
708 4387 944 4451 terram,
971 4379 1148 4437 simul
1179 4380 1416 4452 quidem
1450 4379 1604 4434 dicta
1638 4384 1746 4447 est,
1781 4379 1880 4433 sed
1914 4395 2045 4432 om-

389 4474 557 4529 nium
605 4478 866 4545 tempore
916 4471 1095 4527 sentit
1142 4471 1435 4539 effectum,
1486 4469 1557 4523 ad
1608 4469 2044 4540 generationem

392 4567 667 4634 operante
698 4566 910 4617 natura
945 4577 958 4616 :
994 4560 1073 4616 ita
1096 4564 1152 4615 et
1172 4576 1276 4615 vox
1307 4558 1407 4613 illa
1426 4556 1606 4614 semel
1625 4557 1864 4629 quidem
1887 4556 2045 4612 dicta

392 4654 501 4718 est,
534 4650 635 4705 sed
667 4666 769 4721 per
797 4663 1001 4704 omnes
1033 4663 1267 4703 mensas
1298 4645 1565 4702 Ecclesia:
1598 4662 1784 4717 usque
1834 4645 1906 4701 ad
1935 4645 2040 4700 ho-

395 4738 663 4794 diernum
694 4738 848 4792 diem
880 4740 937 4791 et
968 4754 1154 4808 usque
1183 4736 1254 4791 ad
1285 4737 1413 4806 ejus
1443 4735 1757 4791 adventum
1808 4738 2046 4806 priestat

397 4826 682 4881 sacriﬁcio
715 4825 1074 4879 ﬁrmitatem.
1110 4823 1317 4879 Nullus
1350 4824 1531 4897 igitur
1569 4825 1742 4879 ﬁctus
1792 4824 2048 4892 accedat,

398 4914 597 4969 nullus
619 4915 812 4969 fucato
836 4914 1032 4967 animo
1055 4914 1233 4967 tantis
1256 4914 1469 4969 audeat
1494 4915 1822 4986 proximare
1845 4918 2055 4986 myste-

322 5026 327 5029 τ
400 5004 521 5071 riis,
557 5021 627 5059 ne
672 5003 1114 5072 condemnetur,
1146 5008 1204 5058 et
1249 5004 1601 5059 sententiam
1647 5008 1963 5072 mercatur,
1994 5006 2053 5057 et

402 5094 555 5166 quod
577 5093 761 5149 Judas
792 5092 1075 5146 sustinuit
1098 5093 1534 5164 patiatur.Nam
1558 5093 1724 5149 illum
1750 5097 1880 5167 post
1901 5110 2055 5149 com-

402 5181 861 5237 municationem
895 5198 1094 5237 mense
1143 5182 1413 5237 diabolus
1464 5182 1718 5251 intravit,
1755 5201 1869 5238 non
1914 5181 2053 5254 quia

402 5274 836 5342 centempserat
866 5269 1236 5326 Dominicum
1267 5288 1499 5344 corpus,
1531 5273 1631 5328 sed
1674 5273 1812 5344 quia
1857 5271 2051 5344 impu-

403 5359 599 5415 dentia
626 5363 681 5412 et
713 5357 1050 5430 malignitas
1081 5360 1297 5415 mentis
1328 5362 1457 5431 ejus
1489 5365 1553 5415 ut
1578 5361 1945 5416 adversarius
1991 5360 2053 5414 in

402 5466 469 5505 eo
501 5447 787 5504 habitaret
816 5447 1022 5502 eti'ecit.
1052 5448 1125 5503 Ut
1157 5450 1349 5503 discas
1381 5450 1535 5519 quod
1583 5450 1841 5522 indignis
1871 5454 1928 5504 et
1959 5449 2053 5503 fu-

404 5542 527 5592 cate
558 5535 971 5609 mysteriorum
1003 5541 1224 5591 secreta
1266 5538 1698 5593 celebrantibus
1748 5556 1781 5593 a
1825 5537 2055 5593 diabolo

404 5629 807 5699 praeparantur
835 5624 1081 5691 insidiae,
1103 5630 1159 5678 et
1181 5624 1368 5695 magis
1392 5626 1696 5697 magisque
1719 5626 2058 5697 ademptan-

405 5720 521 5790 tur,
555 5715 655 5796 qui
687 5731 801 5772 non
834 5729 998 5788 aequo
1033 5712 1228 5771 animo
1269 5715 1701 5773 communicare
1756 5716 2055 5775 festinant.

2150 3402 2387 3473 Comple
2418 3401 2562 3457 illud
2595 3403 2765 3473 cujus
2790 3420 2968 3458 causa
2989 3402 3347 3458 sacriﬁcium
3383 3403 3613 3458 factum
3637 3410 3805 3469 est,ut

2150 3489 2437 3545 sacriﬁcio
2470 3490 2808 3561 perfruaris.
2845 3490 2976 3546 Ideo
3013 3490 3193 3546 Filius
3225 3490 3483 3559 advenit,
3522 3497 3587 3546 ut
3615 3492 3807 3547 huma-

2151 3595 2288 3634 nam
2321 3583 2592 3633 naturam
2625 3579 2739 3633 divi
2750 3597 2835 3633 na:
2858 3578 3187 3634 reconciliet
3212 3578 3588 3652 pictati.Ideo
3611 3585 3670 3637 et
3692 3600 3807 3651 nos,

2152 3685 2286 3723 cum
2306 3667 2413 3723 hoc
2428 3668 2814 3736 facimus,suo
2832 3668 3256 3724 fecitvocabulo
3272 3671 3806 3743 nuncupariﬂeati,

2153 3756 2367 3829 inquit,
2406 3758 2645 3831 paciﬁci,
2697 3774 2956 3831 quoniam
3006 3759 3115 3830 ﬁlii
3163 3759 3261 3814 Dei
3303 3759 3673 3817 vocabuntur.
3707 3761 3807 3818 Hoc

2151 3846 2307 3901 enim
2342 3846 2431 3901 fac
2485 3846 2640 3918 quod
2691 3846 2790 3902 Dei
2844 3845 3054 3902 unicus
3084 3846 3240 3917 fecit,
3275 3847 3324 3901 si
3357 3851 3416 3904 et
3450 3848 3562 3905 tibi
3596 3855 3661 3906 et
3692 3851 3808 3907 aliis

2152 3935 2314 4007 pacis
2343 3935 2594 3991 volueris
2626 3940 2829 3991 auctor
2860 3937 3133 4005 existere;
3169 3936 3298 3993 ideo
3333 3953 3601 4011 namque
3634 3944 3695 3996 te
3726 3956 3809 3994 vo-

2151 4029 2245 4079 cat
2279 4023 2487 4080 Filium
2521 4025 2811 4081 Dei.Dcus
2843 4024 2901 4080 in
2935 4026 3209 4081 sacriﬁcii
3241 4025 3654 4085 celebratione
3677 4029 3807 4085 nihil

2153 4110 2311 4167 aliud
2345 4112 2458 4168 nisi
2489 4113 2559 4167 de
2592 4113 2787 4169 fratris
2820 4113 3290 4170 reconciliatione
3322 4115 3661 4173 mandavit.
3697 4118 3809 4175 Ilaec

2154 4201 2332 4273 igitur
2363 4203 2656 4259 mentibus
2689 4204 2907 4260 nostris
2940 4204 3234 4277 glutinata
3265 4205 3619 4278 perdurent.
3642 4208 3810 4265 Sanc-

2152 4296 2280 4347 tum
2312 4292 2581 4348 osculum
2613 4299 2920 4350 teneamus
2937 4295 3092 4367 quod
3111 4295 3341 4352 animas
3372 4297 3811 4367 sociat,mentes

2152 4384 2210 4436 et
2241 4398 2425 4437 unum
2457 4399 2669 4455 corpus
2700 4382 3119 4455 ostendit,quia
3151 4401 3337 4439 unum
3369 4401 3595 4458 corpus
3621 4404 3813 4445 omnes

2151 4469 2420 4525 videmur
2448 4488 2575 4528 esse
2604 4472 2903 4527 sortiti.Et
2934 4472 3061 4527 ideo
3094 4472 3457 4532 misceamus
3483 4493 3599 4533 nos
3624 4476 3690 4533 in
3713 4492 3812 4533 uun

2154 4573 2411 4630 corpore,
2430 4578 2545 4616 non
2564 4577 2873 4634 corporum
2897 4561 3445 4631 commistione,sed
3479 4564 3813 4622 animarum

2153 4646 2435 4704 charitate
2464 4649 2740 4723 laqueati,
2776 4655 2834 4705 ct
2862 4648 2944 4705 sic
2976 4649 3184 4705 divina:
3227 4667 3559 4723 possumus
3609 4672 3813 4712 mensa

2156 4733 2443 4792 fructibus
2475 4738 2971 4793 satiari.Nametsi
3003 4738 3205 4793 multis
3237 4737 3408 4795 bonis
3442 4742 3814 4799 conscientia:

2164 4824 2553 4894 abundamus,
2571 4826 3041 4883 reconciliatione
3062 4830 3402 4901 contempta
3434 4829 3680 4887 nullum
3704 4850 3818 4906 pos-

2162 4930 2371 4970 sumus
2402 4915 2675 4971 solatium
2709 4915 3050 4989 promereri.

2162 5020 2298 5077 CAP.
2332 5022 2471 5080 XLI.
2506 5056 2574 5066 -—-
2602 5025 2677 5079 De
2706 5024 3146 5095 revelationibus,
3190 5024 3389 5097 quibus
3437 5027 3723 5085 Dominus
3767 5027 3819 5082 dc

2232 5097 2455 5150 veritate
2484 5098 2723 5168 corporis
2753 5105 2801 5151 et
2820 5098 3110 5167 sanguinis
3138 5096 3230 5152 sui
3259 5096 3652 5156 hmsitanttum
3672 5101 3816 5158 corda

2230 5168 2489 5235 ﬁrmavit.

2232 5273 2361 5327 Hice
2394 5291 2647 5347 namque
2678 5274 2963 5332 Dominici
2986 5275 3247 5348 corporis
3278 5280 3336 5331 et
3364 5280 3691 5352 sanguinis
3711 5298 3821 5353 gra-

2162 5363 2245 5418 tia
2273 5367 2438 5418 tanta
2468 5368 2869 5436 est,quantum
2889 5364 3086 5421 nullus
3109 5364 3423 5421 hominum
3448 5368 3717 5442 cogltare
3743 5387 3821 5442 pe

2163 5453 2411 5507 test.Per
2442 5452 2593 5508 hanc
2624 5454 2919 5526 siquidem
2950 5454 3362 5510 reconciliatur
3393 5459 3673 5518 mundus
3694 5459 3817 5519 Dee.

2165 5558 2268 5615 per
2297 5542 2448 5598 hanc
2482 5543 2747 5600 homines
2764 5544 2844 5599 dii
2866 5544 3206 5601 efﬁciuntur
3222 5551 3299 5612 et,
3316 5561 3459 5603 cum
3476 5548 3607 5606 sint
3622 5556 3820 5607 natura

2164 5632 2398 5699 terreni,
2434 5632 2583 5687 ﬁunt
2613 5633 3049 5689 conversatione
3080 5632 3819 5711 cmlestes.Sed,quantum

2165 5721 2225 5778 in
2256 5721 2403 5796 ipsis
2434 5726 2543 5790 est,
2577 5725 2894 5779 extenuant
2923 5723 3166 5800 quidam
3198 5722 3352 5784 hanc
3380 5727 3676 5803 gratiam,
3721 5745 3819 5787 non
