3912 6380
169 426 298 490 393

69 665 89 698 ξ
163 665 278 704 nec
306 666 507 707 verum
541 651 755 712 Christi
780 660 1131 732 sanguinem
1156 677 1284 716 esse
1311 660 1408 733 qui
1433 658 1832 723 h:iurilur,sed

70 737 91 790 ξι
163 737 446 811 figuram,
483 760 616 798 cum
651 744 774 818 ipse.
813 749 1022 804 dixerit
1057 767 1070 804 :
1109 751 1245 805 Caro
1296 766 1409 804 mea
1463 766 1582 804 rere
1629 755 1707 804 est
1751 750 1828 803 ri-

72 847 88 881 :
164 827 291 893 bus,
321 839 370 884 ιε
398 835 623 902 sanguis
648 851 798 892 meus
830 855 951 894 vere
979 849 1248 910 estfortis.
1286 839 1344 892 In
1381 855 1552 892 τ’τηῑὶω
1599 854 1830 910 (ἶυίνῐυθ

72 963 82 972 ,
163 917 252 968 ‘lli
287 936 334 972 is
364 927 736 979 sacrosancto
765 927 1024 981 convivio
1059 929 1296 982 t'adens
1332 925 1640 998 discipulis
1681 925 1828 980 tanti

70 1054 84 1060 ε
165 1024 223 1059 τι.
248 1008 435 1062 rstezii
469 1019 926 1081 sacramentum,
959 1021 1016 1072 et
1049 1017 1102 1070 in
1133 1033 1346 1088 corpus
1399 1032 1571 1070 suum
1617 1031 1825 1086 panem

72 1121 85 1154 ι
174 1098 764 1170 ιικιηςῐῖςωεεωεωοη
784 1105 900 1160 ait:
927 1105 1057 1161 H330
1080 1109 1168 1160 cst
1200 1105 1385 1176 figura
1407 1103 1665 1176 Corporis
1689 1105 1827 1170 mei,

70 1209 82 1242 -.
163 1186 296 1245 sed,
325 1187 440 1241 lloc
472 1192 561 1243 est
590 1206 804 1264 corpus
822 1209 1037 1249 meum.
1059 1193 1342 1249 Similiter
1361 1197 1417 1248 et
1435 1193 1494 1248 in
1517 1193 1830 1249 traditione

72 1299 82 1332 :
161 1273 370 1329 calicis
407 1292 420 1330 :
454 1277 554 1332 Hic
591 1287 688 1347 est,
737 1280 952 1354 inquit,
982 1283 1133 1338 calas
1179 1283 1470 1352 sanguinis
1515 1283 1645 1336 mei.
1679 1281 1825 1337 Cum

67 1391 82 1425 ;
152 1362 363 1435 itaque
395 1365 502 1420 hoc
534 1367 725 1424 solum
759 1371 1094 1427 satisfacere
1119 1372 1352 1426 deberet
1373 1369 1648 1426 omnibus
1669 1370 1822 1442 quod

68 1495 70 1500 .
157 1452 429 1508 veritatis
459 1455 766 1528 discipulis
797 1459 869 1515 ab
901 1458 1035 1532 ipsa
1073 1459 1327 1514 \‘eritate
1377 1463 1468 1513 est
1517 1458 1820 1524 traditum,

68 1569 80 1605 ς
157 1541 524 1612 quibusdam
555 1548 774 1612 tamen,
809 1563 1059 1619 quorum
1088 1548 1264 1602 corda
1294 1545 1480 1619 caligo
1511 1545 1824 1601 infidelita-

71 1659 81 1694 ς
157 1629 245 1684 tis
283 1631 604 1688 obduxerat
650 1651 756 1691 nec
802 1634 968 1691 aliter
1026 1637 1260 1692 credere
1309 1639 1595 1708 poterant,
1631 1634 1822 1705 ipsam

155 1717 440 1775 humanis
473 1720 670 1778 forma;
697 1723 971 1796 effigiem,
1007 1725 1161 1779 sicut
1194 1741 1256 1780 se
1287 1722 1366 1779 rei
1389 1721 1601 1778 veritas
1623 1722 1818 1787 habet,

153 1805 308 1863 olim
342 1807 627 1866 Dominus
650 1811 902 1869 revelare
923 1812 1200 1886 dignatus
1217 1816 1326 1878 est,
1352 1816 1416 1867 ut
1437 1812 1593 1886 quod
1617 1811 1822 1886 paucis

157 1895 661 1954 manifestabatur
693 1899 763 1954 ad
798 1899 975 1958 fidem
1007 1899 1286 1958 omnibus
1319 1901 1622 1974 proliceret
1640 1901 1711 1956 ad
1735 1917 1823 1956 sa-

67 2025 80 2058 ,
157 1982 372 2040 lutem.
407 1984 534 2042 Non
565 1986 672 2043 abs
703 2005 763 2043 re
793 1993 991 2044 autem
1041 1988 1297 2045 arbitror
1341 2005 1412 2045 ea
1455 2005 1582 2061 qua:
1613 1989 1684 2044 de
1715 1989 1822 2044 hu-

149 2072 496 2142 juscemodi
527 2075 982 2132 revelationibus
1017 2077 1184 2132 nobis
1230 2075 1480 2132 lectione
1529 2082 1826 2154 comperta

157 2165 328 2228 sunt,
363 2163 436 2218 ad
467 2163 911 2221 aedificationem
946 2165 1265 2221 maximam
1286 2170 1650 2239 posterorum
1687 2165 1824 2222 huic

155 2247 363 2304 libello
394 2249 648 2308 inseram
679 2257 736 2308 et
763 2252 1040 2326 praeclara
1071 2254 1305 2310 Domini
1333 2253 1527 2310 Nostri
1555 2255 1608 2310 J.
1633 2253 1695 2310 Ο.
1721 2255 1825 2310 mi-

160 2338 390 2408 racula,
425 2357 498 2396 ne
528 2341 814 2400 memoria
843 2342 1134 2412 excidant,
1169 2344 1347 2400 etiam
1397 2349 1596 2400 nostro
1628 2345 1823 2400 studio

161 2428 391 2500 scripta
422 2428 771 2502 relinquere.

237 2516 375 2572 ΟΑΡ.
405 2517 574 2575 XLII.
607 2549 676 2561 -—
707 2519 1034 2577 Uir-acutum
1065 2521 1130 2576 de
1159 2521 1392 2594 quodam
1415 2521 1620 2579 Juda’o.

237 2605 365 2662 Non
397 2606 860 2680 incompetenter
887 2610 1057 2666 edere
1090 2611 1340 2666 arbitror
1372 2609 1516 2666 illud
1539 2610 1695 2683 quod
1726 2610 1823 2666 ha-

66 2766 71 2777 _
157 2699 378 2751 etenus
429 2697 685 2767 quodam
746 2697 982 2754 Hebrzeo
1043 2698 1220 2754 didici
1279 2701 1580 2755 referente.
1626 2699 1822 2772 Neque

157 2783 328 2839 enim
363 2783 490 2839 ideo
522 2801 650 2841 esse
681 2803 797 2842 non
819 2786 1125 2858 putabitur
1146 2805 1342 2842 verum
1368 2788 1523 2859 quod
1547 2787 1821 2845 testifica-

161 2871 328 2927 tione
363 2873 630 2930 fortassis
661 2873 872 2931 iemula
903 2893 1005 2948 per
1033 2875 1408 2931 inimicorum
1431 2893 1532 2932 ora
1553 2881 1710 2932 certa
1731 2894 1821 2932 ra~

157 2959 243 3014 tio
277 2976 414 3016 vera
445 2961 889 3019 interlocutione
911 2965 1144 3020 fatetur.
1165 2964 1321 3020 Solet
1339 2965 1498 3021 enim
1520 2965 1709 3037 major
1729 2965 1822 3020 his

160 3049 539 3105 accomodari
560 3051 728 3120 fides,
745 3052 844 3108 ubi
869 3051 1086 3108 inimici
1115 3052 1510 3125 astipulantur
1530 3053 1702 3110 dictis
1727 3069 1821 3108 ve-

1012 439 1246 502 LIBER
1286 439 1388 501 DE
1433 439 1792 501 CORPORE
1831 439 1938 525 ΕΤ
1983 441 2383 505 SANGUINE
2430 444 2770 507 CHRISTI.

77 598 85 606 .
159 560 476 617 credentes
501 579 705 656 verum
737 566 967 626 Domini
989 587 1202 644 corpus
1219 589 1346 628 esse
1369 572 1524 644 quod
1547 572 1822 637 sumitur,
1866 573 1912 640 Α
1947 573 2204 644 gemitus
2235 577 2521 631 exsecrari
2551 575 2740 650 ipsius
2768 575 3047 649 baptismi
3073 581 3417 652 mysterium
3443 589 3607 656 puta-

1849 1941 1900 2012 Β

3493 451 3610 514 39.4

1941 659 2133 716 batur.
2166 662 2356 717 Jussit
2401 680 2538 736 ergo
2589 663 2901 736 episcopus
2949 664 3117 720 valde
3149 668 3430 726 confusus
3460 689 3601 729 eum

1939 750 2208 821 protinus
2253 752 2528 807 amoveri.
2578 753 2687 807 Sed
2741 769 2876 807 cum
2930 752 3054 823 ipse
3102 753 3163 809 in
3208 759 3595 831 semetipsum

1939 837 2147 891 fuisset
2179 847 2414 910 repente
2461 857 2798 907 conversus,
2839 841 2980 895 dicit
3033 841 3125 896 his
3175 844 3392 914 quibus
3441 847 3602 904 velut

1940 926 2128 980 furore
2164 933 2332 982 actus
2369 931 2561 1000 procul
2598 929 2656 983 in
2694 935 2917 1001 partem
2954 931 3207 987 alteram
3255 934 3564 990 tenebatur
3595 953 3608 993 :

1940 1013 2140 1068 Ducite
2178 1032 2285 1078 me,
2321 1015 2530 1087 inquit,
2567 1018 2638 1072 ad
2685 1020 2892 1081 fontes,
2919 1019 3045 1089 jam
3098 1017 3253 1074 enim
3309 1038 3423 1077 non
3477 1041 3611 1080 sum

1937 1101 2128 1175 impos
2163 1104 2394 1170 mentis,
2423 1121 2525 1162 nec
2559 1123 2650 1161 me
2677 1111 2911 1178 captum
2958 1107 3210 1178 putetis;
3249 1115 3405 1166 certe
3445 1113 3603 1169 enim

1927 1191 2057 1262 jam
2088 1193 2259 1264 cupio
2287 1194 2588 1266 baptizari.
2619 1193 2802 1266 [gitur
2821 1211 2955 1250 cum
2982 1197 3259 1253 reductus
3283 1199 3356 1254 ad
3381 1199 3602 1272 episco-

1935 1295 2078 1352 pum
2111 1281 2322 1336 iterum
2358 1281 2750 1354 pervenisset:
2787 1283 3061 1350 Obsecro,
3087 1284 3188 1351 ait,
3213 1288 3488 1344 sacerdos
3509 1288 3598 1345 in-

1934 1367 2103 1440 clyte,
2138 1370 2478 1441 perficiatur
2506 1369 2565 1426 in
2600 1387 2694 1425 me
2727 1373 2876 1426 sacri
2914 1373 3094 1443 hujus
3135 1374 3350 1430 lavacri
3399 1395 3596 1435 sacra-

1934 1463 2225 1513 mentum.
2261 1459 2330 1514 Et
2361 1458 2458 1514 ille
2482 1475 2494 1512 :
2522 1459 3322 1532 Non,inquam,faciam,nisi
3357 1481 3594 1522 omnem

1934 1543 2102 1600 illum
2134 1545 2393 1604 horroris
2425 1564 2650 1614 casum,
2685 1553 2744 1605 et
2771 1551 3137 1608 confusionis
3171 1555 3282 1607 tua:
3337 1553 3596 1628 exponas

1933 1650 2235 1702 arcanum,
2262 1641 2318 1690 et
2348 1636 2489 1707 quid
2523 1635 2624 1690 tibi
2656 1637 2912 1692 evenerit
2932 1645 3104 1694 antea
3127 1642 3483 1713 stuporis,ut
3505 1659 3592 1700 sa-

1931 1723 2048 1778 cris
2071 1722 2240 1778 istius
2265 1739 2596 1780 exsecrares
2622 1724 2812 1781 laticis
2835 1725 3076 1794 undam,
3106 1729 3298 1784 verbis
3321 1731 3592 1797 veridicis

1931 1809 2190 1866 fatearis.
2219 1811 2385 1868 Tunc
2405 1811 2500 1867 ille
2535 1812 2802 1885 prorupit
2831 1812 2891 1868 in
2923 1813 3233 1888 lacrymas,
3261 1816 3364 1872 tali
3389 1819 3594 1877 ordine

1930 1897 2222 1972 passionis
2235 1916 2352 1956 sua:
2366 1901 2576 1958 seriem
2590 1893 2857 1974 pandens
2873 1919 2886 1956 :
2901 1903 3048 1959 Cum
3072 1909 3204 1960 ante
3229 1906 3588 1966 vestibulum

1935 1987 2181 2059 hujusce
2215 1987 2390 2044 fontis
2443 1981 2779 2045 assisterem
2829 1989 3180 2060 abluendus,
3215 1993 3372 2050 venit
3418 1997 3595 2053 turba

1931 2076 2270 2132 daamonum
2287 2076 2454 2132 valde
2470 2077 2795 2150 nigrorum,
2813 2077 3180 2152 [EthiOpibus
3193 2097 3300 2154 par
3309 2084 3589 2140 existens.

1932 2164 2062 2220 Haec
2076 2181 2169 2220 me
2187 2165 2515 2238 proripiens
2535 2171 2874 2222 sanctorum
2897 2168 3172 2226 manibus
3194 2169 3411 2226 fontem
3435 2172 3595 2228 adire

1931 2253 1982 2308 vi
2015 2252 2209 2309 valida
2238 2253 2610 2326 prohibebat.
2641 2255 2899 2310 Aderant
2931 2257 3226 2329 siquidem
3257 2257 3358 2314 alii
3389 2261 3592 2316 candi-

1931 2341 2051 2396 dati
2101 2341 2454 2398 obsistentes
2498 2342 2736 2415 pariter,
2769 2348 2828 2400 et
2857 2343 3118 2401 dicentes
3150 2362 3165 2402 :
3200 2345 3389 2404 Nolite
3437 2347 3596 2405 hunc

1929 2429 2239 2502 prohibere
2269 2431 2420 2486 sacri
2456 2430 2634 2487 fontis
2665 2431 2826 2488 adire
2859 2434 3160 2506 mysteria.
3195 2435 3302 2502 Qui
3349 2453 3452 2492 vos
3483 2455 3592 2510 pu-

1931 2519 2129 2574 niendi
2154 2517 2248 2574 his
2279 2518 2572 2575 inservitis
2595 2521 3022 2578 sacramentis?
3038 2523 3218 2581 Vobis
3241 2524 3594 2594 enim,vobis

1932 2607 2088 2662 noxii
2115 2608 2270 2680 ignis
2301 2609 2496 2676 ardor,
2529 2626 2646 2664 non
2679 2609 2958 2681 baptismi
3007 2611 3255 2668 debetur
3291 2613 3590 2686 splendor.

1929 2699 2002 2751 At
2027 2695 2113 2752 illi
2147 2712 2161 2751 :
2194 2697 2342 2763 Quid
2374 2697 2538 2752 vobis
2561 2701 2618 2752 et
2648 2697 2788 2752 isti?
2807 2699 3033 2764 Noster,
3060 2699 3587 2772 iaquiunt,est,nec

1927 2785 2092 2840 vobis
2113 2786 2250 2857 jure
2280 2786 2584 2842 debendus
2617 2787 2940 2859 putabitur.
2977 2787 3079 2844 Illo
3111 2788 3294 2862 igitur
3321 2807 3458 2846 cum
3489 2808 3583 2848 me

1920 2874 2098 2946 jussu
2129 2878 2241 2929 tua:
2274 2874 2580 2946 potestatis
2613 2878 2866 2930 tractum
2893 2877 3168 2932 manibus
3190 2879 3590 2949 quorumdam

1927 2962 2048 3017 tuis
2079 2961 2415 3034 aspectibus
2446 2962 2805 3034 elongasses,
2839 2968 3017 3036 atque
3047 2965 3313 3022 recedere
3362 2967 3590 3024 alterna

1928 3051 1988 3106 in
2024 3053 2186 3124 parte
2209 3049 2517 3122 jussisses,
2549 3051 2704 3106 inter
2726 3051 3002 3123 partium,
3029 3070 3155 3126 quae
3179 3054 3594 3123 erant,simul-

63 3123 70 3142 θ
156 3137 389 3204 ridicis,
423 3139 638 3211 quibus
671 3140 795 3198 sine
825 3140 957 3200 fuco
990 3123 1346 3197 adulationis
1377 3147 1433 3197 et
1463 3141 1588 3200 sine
1613 3140 1824 3198 falsilo—
1930 3141 2182 3196 tationes
2212 3139 2469 3212 quadam
2501 3139 2768 3212 pactione
2807 3123 3097 3211 convenit,
3132 3145 3196 3198 ut
3243 3159 3338 3199 me
3386 3148 3591 3202 contra

154 3227 305 3299 quio
329 3227 542 3284 favent.
557 3227 674 3284 Hoc
691 3229 909 3286 etenim
937 3230 1108 3286 modo
1137 3247 1238 3302 per
1259 3230 1494 3287 Balaam
1516 3229 1820 3286 inimicum
1929 3231 2171 3302 peccata
2199 3244 2330 3283 mea
2352 3228 2477 3300 pari
2495 3227 2660 3284 lance
2677 3235 3012 3302 pensarent,
3027 3234 3085 3286 et
3101 3231 3151 3287 si
3172 3231 3447 3304 ponderis
3465 3250 3582 3290 ma-

153 3315 372 3387 utique
392 3314 592 3388 populi
617 3317 956 3374 Judmorum
989 3317 1412 3375 benedictionis
1440 3317 1818 3392 promulgan-
1849 3305 1892 3373 C
1921 3319 2021 3389 jor
2048 3317 2335 3374 scelerum
2353 3321 2752 3374 concresceret
2767 3335 2948 3390 pensa
2964 3336 3167 3376 eorum
3185 3320 3584 3389 abscederem,

152 3411 263 3460 tur
294 3403 568 3476 insignia.
601 3406 714 3462 Sed
747 3412 806 3462 et
823 3405 939 3463 Vas
961 3405 1263 3464 electionis
1283 3424 1398 3462 non
1421 3407 1818 3480 incompeten-

153 3499 250 3550 ter
275 3493 530 3567 eligitur,
543 3495 722 3568 utqui
737 3494 1679 3576 putabaturhactenusatidelibus
1702 3513 1816 3552 non

154 3582 466 3648 ferendus,
494 3581 620 3656 ipse
649 3600 862 3641 nomen
895 3585 1222 3656 maiestatis
1244 3583 1475 3642 Domini
1495 3583 1636 3641 Jesu
1657 3583 1817 3657 prin-

151 3670 397 3745 cipibus
427 3676 486 3728 et
515 3671 902 3746 potestatibus
932 3674 1262 3729 anteferret.
1295 3672 1514 3728 Verum
1548 3673 1643 3729 ille
1675 3672 1816 3746 quid

135 3809 140 3814 .
153 3759 389 3817 ferebat
403 3778 418 3828 ;
431 3760 959 3834 Quidam,inquit,.l
966 3761 1168 3818 udmus
1179 3761 1252 3818 ad
1266 3763 1606 3834 episcopum
1621 3777 1820 3834 quem-

151 3850 302 3906 dam
334 3865 602 3922 pergens,
627 3849 709 3905 ait
729 3867 792 3906 se
813 3849 947 3906 fidei
969 3849 1265 3906 catholica;
1284 3849 1430 3906 velle
1451 3848 1670 3906 initiari
1693 3866 1818 3924 my-

149 3935 383 4002 steriis,
405 3937 613 3995 debere
633 3953 770 4012 ergo
789 3937 1130 4011 episcopum
1151 3938 1234 3994 illi
1255 3940 1481 3995 tradere
1499 3939 1726 3995 colendi
1747 3938 1820 3994 ri-

152 4032 315 4091 tum,
336 4041 451 4097 quo
472 4025 756 4099 prolatius
778 4025 1127 4093 instructus,
1147 4026 1262 4083 voti
1283 4027 1374 4084 sui
1397 4043 1636 4099 compos
1657 4026 1820 4082 etfac-

62 4105 64 4130 l
155 4115 410 4186 tus,jam
424 4113 611 4170 ﬁdelis
631 4113 961 4172 Christiano
984 4115 1210 4188 corpori
1223 4116 1683 4188 jungeretur.Ad
1697 4115 1818 4172 hzec

161 4203 478 4276 episcopus
512 4221 525 4260 :
559 4204 804 4271 Recede,
839 4205 1100 4270 obsecro,
1133 4221 1167 4260 a
1199 4204 1368 4260 nobis
1389 4203 1696 4260 hominum
1719 4221 1817 4278 ge-

161 4310 278 4349 nus
312 4293 590 4364 invisum,
624 4293 846 4362 desine,
884 4299 947 4350 ut
987 4311 1114 4350 mos
1163 4297 1352 4350 vester
1392 4297 1500 4360 est,
1535 4297 1818 4349 attentare

164 4381 422 4455 maligne
473 4383 584 4440 Sed
625 4382 696 4451 si,
725 4389 794 4440 ut
840 4383 1074 4449 assolet,
1113 4382 1459 4438 necessitate
1507 4383 1822 4454 cujuslibet

60 4463 62 4480 ³
147 4459 446 4530 facinoris
476 4471 773 4546 obligaris,
803 4471 1072 4528 Ecclesiae
1104 4479 1158 4526 te
1191 4475 1566 4527 muneratam
1599 4470 1819 4543 stipen-

57 5353 68 5391 ι

57 5439 67 5478 l

57 5534 66 5570 ι

57 5619 68 5660 l

55 5707 68 5752 1

55 5799 65 5842 l

165 4563 260 4618 dio
287 4562 498 4634 gaude,
514 4562 832 4620 dummodo
857 4561 1060 4618 irrisor
1083 4567 1290 4618 nostra;
1314 4561 1446 4616 ﬁdei
1469 4578 1584 4618 non
1606 4561 1820 4618 existas

159 4652 245 4706 Ad
283 4650 405 4705 haec
439 4650 534 4706 ille
568 4666 580 4704 :
615 4649 766 4718 Non,
797 4649 1062 4723 inquam,
1097 4649 1263 4706 beate
1311 4649 1590 4722 pontifex,
1626 4654 1688 4706 ut
1717 4649 1818 4705 ho-

165 4745 318 4796 stem
349 4739 771 4796 exsecrandum
803 4738 1070 4812 protinus
1101 4753 1261 4809 agas.
1295 4737 1476 4810 Cupio
1509 4737 1664 4794 enim
1689 4738 1822 4794 ﬁdei

165 4834 370 4885 vestra:
423 4827 640 4884 initiari
689 4825 1006 4901 mysteriis,
1041 4829 1182 4899 quia
1231 4826 1517 4883 tremendi
1567 4827 1823 4882 nominis

167 4915 398 4972 Domini
423 4916 562 4971 Jesu
585 4915 797 4971 Christi
812 4920 867 4970 et
891 4916 1138 4970 formido
1154 4914 1471 4986 judicium,
1487 4921 1543 4970 et
1557 4915 1823 4970 desidero

167 5003 382 5060 habere
415 5003 772 5076 praesidium.
806 5005 941 5070 Sed,
977 5021 1112 5059 cum
1143 5009 1297 5060 esset
1341 5003 1607 5076 pertinax
1640 5005 1698 5058 in
1733 5021 1822 5058 ro-

166 5093 382 5164 gando,
415 5098 472 5148 et.
502 5092 909 5165 hujuscemodi
954 5091 1391 5164 pollicitationis
1433 5093 1822 5162 jurejurando

169 5181 484 5238 immodica
505 5199 565 5238 se
585 5181 901 5255 sponsione
925 5181 1203 5236 cinxisset
1225 5179 1388 5235 nulla
1409 5179 1467 5234 id
1495 5181 1650 5251 quod
1676 5185 1824 5252 pete-

169 5277 248 5326 ret
285 5271 596 5327 securitate
618 5269 932 5343 negligere,
951 5268 1113 5324 nulla
1132 5267 1535 5341 persecutione
1557 5268 1824 5323 deserere

170 5359 398 5416 nullave
434 5359 708 5416 facilitate
739 5359 1004 5433 prodere,
1039 5357 1436 5413 catechiznndi
1487 5356 1537 5413 ei
1587 5355 1822 5412 initium

169 5465 270 5520 per
299 5447 672 5523 signaculum
703 5447 893 5505 crucis
924 5448 1074 5504 tradi
1107 5447 1418 5519 episcopus
1441 5445 1825 5518 jussit.Venit

171 5537 422 5605 Pascha;
455 5555 708 5611 cumque
739 5538 809 5594 ad
843 5553 1044 5594 sacros
1076 5536 1207 5592 illos
1237 5535 1442 5590 latices
1477 5535 1695 5606 quibus
1726 5551 1823 5590 ex-

171 5626 406 5699 piantur
433 5626 681 5684 crimina
709 5627 1088 5700 pervenisset,
1112 5625 1285 5696 cmpit
1315 5623 1608 5691 reluctari,
1629 5629 1824 5679 etnon

170 5717 477 5774 verborum
508 5715 678 5772 edere
709 5719 993 5787 quaestus,
1025 5715 1128 5772 sed
1151 5713 1391 5788 rugiens
1412 5729 1517 5787 per
1535 5713 1824 5786 quosdam

454 5849 708 5914 Parnm.
751 5847 1060 5911 CXXXVII.

1855 4677 1898 4741 D

1929 3412 1994 3462 ut
2025 3405 2392 3472 immundus,
2425 3423 2530 3462 nec
2579 3406 2651 3462 ab
2699 3405 2784 3462 eis
2833 3407 3078 3464 ducerer
3122 3408 3428 3485 eluendus.
3465 3411 3578 3468 Sed

1925 3511 2062 3552 cum
2095 3494 2349 3568 pondere
2379 3493 2561 3550 nimio
2593 3495 2870 3552 oneribus
2893 3511 3090 3552 massa
3111 3496 3366 3573 infandis
3387 3496 3577 3554 invisa

1927 3582 2223 3650 crevisset,
2272 3581 2517 3654 quidam
2575 3599 2817 3654 pauper,
2863 3583 3038 3655 cujus
3095 3588 3231 3640 ante
3285 3585 3414 3641 dies
3467 3585 3573 3641 ali-

1927 3676 2070 3744 quot
2106 3687 2320 3742 corpus
2368 3687 2497 3726 meo
2543 3670 2924 3727 calefeceram
2977 3671 3346 3742 vestimento,
3379 3673 3581 3730 confe-

1927 3761 2067 3818 stim
2135 3757 2321 3825 atfuit,
2384 3759 2787 3832 prolatamque
2849 3764 3070 3816 vestem
3140 3759 3405 3833 praebuit
3455 3778 3586 3818 meo

1927 3847 2156 3922 corpori
2208 3848 2725 3920 compensandam.
2782 3846 2943 3904 Illico
3001 3847 3182 3922 igitur
3239 3849 3420 3906 veluti
3469 3850 3584 3924 ipsi

1925 3937 2272 3994 vestimento
2304 3935 2580 3991 immensi
2612 3936 2890 4008 ponderis
2921 3937 3188 4009 quedam
3239 3937 3449 3994 fuisset
3477 3925 3580 3994 ad-

1926 4027 2086 4084 dicta
2113 4024 2408 4090 materies,
2443 4025 2806 4097 supercrevit
2839 4043 3020 4098 pensa
3052 4026 3164 4082 mei
3188 4026 3587 4100 corporis,eje-

1927 4117 2153 4188 ctisque
2175 4113 2291 4170 illis
2313 4113 2702 4186 rEthiopibus,
2718 4131 2786 4171 ac
2808 4115 3046 4187 fugatis,
3067 4117 3345 4173 manibus
3365 4116 3484 4172 huc
3506 4134 3591 4172 re-

1927 4204 2120 4261 ductis
2149 4220 2283 4260 sum
2316 4203 2642 4260 beatorum.
2677 4204 2944 4276 Cumque
2975 4205 3056 4260 ita
3087 4222 3149 4261 se
3181 4205 3396 4262 habere
3414 4207 3588 4278 jura-

1930 4293 2144 4350 mentis
2174 4291 2536 4348 terribilibus
2568 4293 2910 4361 afﬁrmaret,
2945 4293 3244 4350 admissus
3275 4293 3347 4348 ad
3391 4295 3582 4366 bapti-

1929 4398 2123 4438 smum
2145 4380 2500 4437 sacrosancti
2515 4381 2726 4436 lavacri
2751 4397 2969 4436 munus
2993 4380 3584 4454 excepit.lgiturcum

1929 4470 2001 4526 ad
2034 4471 2350 4526 missarum
2387 4469 2594 4526 fuisset
2621 4471 2898 4543 mysteria
2927 4473 3192 4536 ventum,
3211 4474 3416 4524 sancta
3446 4485 3584 4526 san-

1929 4565 2158 4616 ctorum
2177 4558 2352 4629 coepit
2369 4574 2596 4625 rursus,
2613 4557 2767 4614 sicut
2785 4558 2844 4612 in
2866 4558 3157 4630 baptismo
3176 4555 3340 4630 prius
3359 4563 3583 4630 egerat,

1931 4650 2212 4720 refugere,
2245 4654 2301 4702 et
2329 4645 2560 4720 rugitus
2589 4646 2764 4703 validi
2794 4647 3052 4719 gemitus
3073 4647 3231 4713 dare,
3257 4652 3432 4718 atque
3454 4645 3586 4703 hor-

1933 4755 2056 4794 rere
2087 4736 2394 4792 videbatur
2409 4735 2618 4790 acriter
2635 4735 2824 4808 ipsius
2842 4735 3102 4807 mysterii
3125 4739 3583 4792 sacramentum.

1931 4825 2145 4882 Verum
2161 4825 2232 4880 ad
2248 4823 2366 4878 haec
2383 4823 2694 4896 episcopus
2715 4823 2921 4879 iterum
2944 4825 3368 4897 obstupescens
3386 4840 3399 4878 :
3415 4823 3585 4894 Quid,

1933 4915 2033 4982 ait,
2067 4915 2175 4969 iste
2206 4918 2443 4968 vexatus
2475 4911 2715 4980 insanit,
2748 4919 2804 4967 et
2835 4915 3028 4968 furore
3057 4912 3373 4968 immodico
3406 4913 3586 4986 rugit.

1935 5003 2116 5076 Igitur
2132 5019 2266 5057 cum
2290 5001 2662 5072 aliquatenus
2685 5001 2871 5057 simus
2897 5003 3140 5058 aderant
3161 5001 3336 5058 simul
3360 5000 3592 5057 attoniti

1933 5109 2174 5165 prorsus
2209 5091 2511 5157 I'IZDI‘OPOIII,
2548 5091 2834 5145 accedunt
2866 5091 2935 5145 ad
2969 5108 3104 5146 eum
3127 5091 3370 5164 quidam
3393 5091 3591 5148 dicen-

1933 5188 2019 5236 tes
2044 5197 2057 5234 :
2082 5180 2229 5246 Quid
2253 5185 2312 5233 tu
2340 5195 2574 5233 rursum
2600 5178 2950 5251 deprimeris
2971 5185 3211 5252 stupore
3228 5180 3255 5234 ‘2
3275 5180 3334 5234 Si
3355 5179 3595 5234 credere

1933 5287 2048 5324 non
2081 5268 2188 5334 vis,
2223 5267 2364 5338 quid
2399 5283 2500 5337 per
2530 5265 2866 5339 hypocrisin
2903 5273 3126 5324 tentare
3159 5269 3247 5323 vis
3286 5267 3434 5324 tanti
3469 5283 3601 5338 my-

1933 5357 2092 5414 sterii
2127 5361 2584 5411 sacramentum.
2604 5358 2676 5410 At
2697 5355 2793 5410 ille
2819 5372 2831 5411 :
2859 5354 3594 5428 Maximo,inquit,pavore,

1933 5449 1990 5501 et
2020 5450 2272 5500 tremore
2315 5443 2612 5511 conficior,
2655 5461 2792 5500 nam
2841 5445 3006 5501 video
3057 5461 3271 5517 corpus
3324 5443 3591 5516 perfecta:

1935 5535 2125 5589 aetatis
2157 5533 2263 5588 viri
2295 5549 2473 5604 super
2501 5533 2609 5588 hoc
2641 5532 2918 5590 altarium
2953 5533 3130 5590 fuisse
3153 5533 3511 5606 depositum,
3533 5527 3599 5588 et

1935 5641 2038 5696 per
2065 5627 2262 5696 partes
2291 5621 2617 5694 diruptam,
2643 5639 2860 5680 manus
2890 5630 3116 5680 vestras
3134 5622 3325 5695 ipsius
3345 5617 3593 5692 inspicio

1935 5729 2137 5772 cruore
2170 5711 2524 5781 madescere,
2559 5717 2616 5770 et
2646 5728 2762 5770 non
2793 5711 3092 5773 advertitis
3139 5709 3458 5786 digitorum
3486 5721 3583 5779 ve-_

3315 5840 3385 5903 13
