3912 6360
355 447 473 509 395

1399 441 1732 506 GEZONIS
1777 442 2106 506 ABBATIS
2151 443 2726 508 DERTONENSIS.

3659 443 3787 503 396

352 587 614 642 atrorum
643 581 830 641 nodos
859 579 1148 653 sanguine
1178 578 1426 636 infectos
1453 578 1699 634 rubrum
1741 583 2004 636 mutasse
2033 579 2089 648 Α
2117 579 2308 653 Disce,
2341 580 2611 654 inquam,
2641 587 2700 638 et
2731 580 2976 637 Veritati
3008 579 3097 636 vel
3143 580 3317 636 modo
3357 579 3483 652 jam
3541 578 3788 634 credere

353 670 608 728 colorem
623 669 652 727 τ
674 669 841 726 Tunc
869 684 1078 725 omnes
1097 683 1233 724 cum
1255 665 1528 740 episcopo
1543 665 1606 722 in
1631 666 1838 723 ﬂetum
1856 668 2010 726 versi

354 762 658 832 coeperunt
687 756 1009 814 clamantes
1037 772 1176 812 voce
1203 755 1399 812 valida
1428 753 1536 810 fari
1569 771 1582 811 :
1617 756 1734 812 Deo
1765 755 2006 830 gratias,

355 846 472 904 Deo
501 847 726 916 laudes,
763 845 862 920 qui
894 845 977 902 ait
1005 862 1239 920 magna,
1265 850 1320 902 et
1349 845 1756 902 inscrutabilia
1786 847 2009 919 absque

355 952 623 1006 numero,
654 936 932 994 Hosanna
961 933 1080 992 filio
1111 933 1315 1001 David,
1347 935 1622 991 Hosanna
1653 935 1709 990 in
1743 935 2006 992 excelsis.

353 1026 729 1083 Admirantes
759 1025 998 1100 pariter,
1031 1031 1088 1082 et
1116 1025 1415 1082 dicentes:
1448 1025 1594 1082 Vere
1625 1025 1685 1080 in
1717 1026 1827 1082 isto
1859 1044 2012 1082 com-

357 1113 583 1188 pletum
601 1119 690 1172 est
703 1113 1044 1171 vaticinium
1064 1113 1277 1187 psalmi
1293 1114 1545 1170 dicentis
1568 1130 1582 1169 :
1605 1115 1759 1170 Bruti
1780 1132 2012 1187 quorum

358 1204 602 1260 remissae
626 1211 759 1260 sunt
794 1204 1132 1276 iniquitates,
1165 1211 1218 1260 et
1262 1219 1495 1276 quorum
1541 1211 1676 1260 tecta
1720 1211 1848 1260 sunt
1893 1221 2012 1277 pec-

355 1300 498 1349 cata.
529 1292 658 1350 Non
703 1291 1004 1350 incassum
1050 1291 1165 1364 ipsi
1213 1291 1361 1347 tanti
1411 1291 1672 1365 mystcrii
1723 1293 2013 1349 revelatur

357 1397 663 1448 arcanum,
693 1381 755 1436 in
786 1379 914 1454 ipso
943 1381 1101 1437 enim
1135 1384 1200 1436 ut
1245 1381 1552 1447 referebat,
1585 1379 1645 1435 ni
1695 1381 1880 1450 fallor,
1916 1381 2012 1440 ille

359 1469 458 1542 qui
491 1469 738 1540 dixerat,
757 1468 852 1526 die
881 1469 1154 1544 septimo,
1176 1485 1312 1525 cum
1343 1469 1490 1542 ipsis
1517 1469 1668 1526 albis
1697 1471 2010 1526 candidam

357 1558 619 1616 animam
649 1558 750 1615 lux
778 1558 936 1616 alma
965 1557 1260 1632 suscepit;
1285 1575 1422 1614 nam
1445 1557 1732 1616 absolutis
1762 1559 2012 1617 vinculis

358 1647 552 1706 carnis
567 1647 802 1704 beatam
816 1647 996 1706 vitam
1018 1645 1262 1720 pulchro
1283 1648 1398 1704 ﬁne
1418 1645 1850 1706 conclusit.Hoc
1876 1664 2012 1723 ergo

358 1735 645 1795 miraculo
675 1735 908 1807 claruit,
941 1734 1080 1809 quia
1112 1751 1230 1794 non
1261 1734 1457 1794 solum
1488 1735 1548 1794 in
1577 1736 1874 1810 mysterio,
1911 1738 2011 1794 sed

359 1841 465 1900 per
488 1823 749 1882 veritatis
778 1823 1098 1900 imaginem
1129 1823 1225 1882 ille
1255 1839 1431 1882 suum
1461 1829 1656 1882 sacrat
1697 1823 1758 1880 in
1807 1823 2013 1882 altario

359 1930 594 1988 corpus,
627 1913 728 1988 qui
758 1912 954 1989 ipsum
986 1911 1294 1988 discipulis
1324 1913 1385 1969 in
1417 1912 1688 1987 passione
1738 1915 2010 1972 sacravit.
2044 1956 2094 2024 B

361 2019 724 2096 CA1}._XLI_II.
754 2052 822 2064 —
855 2021 1013 2096 item
1037 2020 1102 2079 de
1141 2019 1374 2096 quodam
1415 2037 1544 2096 sene
1587 2023 1830 2096 ιξνίλιηίιαΔ
1861 2023 2016 2096 cujus

429 2091 826 2236 gubimtionem
857 2093 1120 2150 Dominus
1147 2091 1356 2152 'eadem
1395 2095 1640 2151 veritatis
1690 2091 2018 2152 rere-latione

471 2180 648 2220 rmavz
676 2205 689 2220 .

433 2268 514 2344 (4)
543 2269 812 2328 Narravit
857 2269 1041 2330 abbas
1089 2269 1314 2342 Daniel,
1365 2271 1566 2329 dicens
1601 2287 1615 2328 :
1647 2271 1804 2328 Dixit
1854 2275 2020 2345 pater

362 2363 564 2418 noster
591 2359 774 2417 abbas
803 2359 1109 2431 Arsenius,
1137 2361 1210 2420 de
1241 2362 1497 2435 quodam
1548 2377 1686 2418 sene
1716 2361 1785 2416 de
1816 2359 2015 2428 Scitin,

363 2447 824 2518 ubi'habitabat,
856 2450 958 2524 qui
988 2455 1114 2508 erat
1145 2467 1396 2526 magnus
1428 2451 1488 2507 in
1519 2451 1628 2508 hac
1662 2450 1849 2506 activa
1879 2449 2014 2518 vita,

363 2537 613 2613 simplex
641 2543 836 2596 autem
869 2538 929 2594 in
962 2539 1096 2597 fide.
1129 2541 1199 2596 Et
1231 2541 1482 2611 errabat,
1515 2544 1622 2596 etc.

508 2645 645 2704 Car.
671 2645 863 2704 XLIV.
890 2678 958 2688 —
989 2647 1122 2705 Item
1156 2647 1491 2705 miraculum
1520 2645 1660 2720 quod
1690 2647 1880 2704 Romae

1035 2727 1219 2776 actum
1247 2727 1346 2776 est.

438 2807 517 2880 (5)
547 2807 990 2866 Materfamilias
1019 2808 1290 2880 quaedam
1333 2805 1547 2864 nobilis
1595 2809 1720 2864 erat
1763 2804 1824 2861 in
1876 2803 2020 2860 urbe

363 2896 568 2967 Roma,
603 2915 731 2970 quae
763 2895 1062 2969 religionis
1092 2901 1150 2953 et
1181 2893 1507 2952 devotionis
1547 2895 1741 2952 studio
1773 2891 2017 2950 oblatio-

361 3002 466 3042 nes
497 2985 707 3055 facere,
738 2989 798 3042 et
826 2985 919 3040 die
958 2985 1265 3040 Dominica
1293 2985 1365 3040 ad
1415 2981 1723 3040 ecclesiam
1769 2980 2016 3052 deferre,

359 3089 716 3146 summoque
735 3072 1017 3146 pontiﬁci,
1037 3077 1096 3128 et
1113 3071 1520 3128 ecclesiastica:
1543 3067 2011 3138 consuetudinis,

352 3165 412 3218 et
437 3161 854 3218 familiaritatis
883 3160 1150 3232 ejusdem
1181 3159 1369 3234 gratia
1397 3159 1602 3216 offerre
1623 3157 2010 3223 solebat.Quaa

353 3265 493 3307 cum
523 3249 780 3322 quadam
808 3249 902 3306 die
931 3266 1002 3305 ex
1033 3265 1194 3306 more
1224 3249 1296 3306 ad
1342 3247 1902 3305 communicandum
1935 3247 2006 3302 de

2117 671 2474 726 centestauti
2507 686 2520 726 :
2557 671 2730 727 Panis
2779 686 2938 742 quem
2985 685 3078 741 ego
3123 668 3190 724 do
3237 684 3363 724 caro
3413 685 3537 724 mea
3581 676 3688 732 est,
3736 676 3790 723 et

2117 760 2344 830 sanguis
2366 775 2519 816 meus
2551 776 2672 816 vero
2700 768 2780 816 est
2804 768 2981 832 potus.
3017 759 3128 814 Sed
3171 759 3449 831 prmscius
3497 757 3789 812 Conditor

2122 853 2319 903 noster
2351 848 2710 904 infirmitatis
2743 859 2952 903 nostra:
2986 865 3052 904 ea
3085 852 3374 920 potestate
3415 865 3532 919 qua
3563 849 3789 902 cuncta

2118 935 2257 991 fecit
2285 954 2351 991 ex
2383 936 2586 1008 nihilo,
2621 942 2677 992 et
2709 955 2919 1009 corpus
2953 937 3064 991 sibi
3099 953 3164 991 ex
3197 953 3366 992 carne
3395 955 3630 1009 semper
3648 935 3785 991 Vir-

2119 1024 2276 1097 ginis
2307 1031 2582 1096 operante
2615 1030 2818 1082 sancto
2852 1027 3072 1097 Spiritu
3107 1026 3409 1080 fabricavit
3459 1042 3704 1098 panem,
3731 1031 3787 1080 et

2118 1113 2319 1168 vinum
2353 1131 2507 1186 aqua
2555 1115 2826 1181 mistum,
2878 1119 3152 1169 manente
3203 1115 3438 1187 propria
3489 1115 3691 1185 specie
3725 1113 3785 1168 in

2121 1219 2358 1258 carnem
2389 1207 2446 1258 et
2476 1203 2824 1277 sanguinem
2859 1221 3054 1270 suum,
3077 1205 3145 1259 ad
3169 1203 3516 1258 catholicam
3541 1219 3784 1274 precem

2119 1292 2194 1346 ob
2228 1293 2656 1363 reparationem
2699 1299 2958 1348 nostram
3011 1293 3264 1365 Spiritus
3313 1291 3786 1347 sanctificatione

2119 1381 2684 1454 convertit.lndeque
2717 1383 3020 1437 universos
3047 1382 3228 1452 jussit
3260 1380 3518 1436 divinam
3549 1381 3784 1453 precari

2119 1469 2465 1540 potentiam,
2501 1471 2653 1526 utin
2685 1471 2934 1526 formam
2967 1470 3278 1543 pristinam
3330 1475 3783 1526 sacrosanctum

2121 1557 2497 1614 reformasset
2514 1559 2884 1632 mysterium,
2905 1564 3196 1632 quatenus
3221 1558 3449 1614 mulieri
3475 1576 3790 1614 assumen—

2121 1645 2266 1702 dum
2299 1646 2507 1704 fuisset
2550 1647 2850 1720 possibile.
2884 1649 3046 1715 Quod
3099 1653 3154 1704 et
3198 1647 3420 1703 factum
3469 1651 3579 1702 est.
3614 1647 3787 1704 Unde

2123 1735 2398 1807 schefata
2428 1736 2642 1792 mulier
2670 1735 2993 1810 plurimum
3025 1737 3084 1792 in
3125 1741 3328 1793 sancta
3375 1735 3684 1809 religione,
3720 1754 3788 1793 ac

2123 1823 2238 1880 ﬁde
2267 1825 2596 1897 perﬁcicus,
2629 1826 3072 1900 participatione
3104 1825 3390 1882 Dominici
3423 1827 3787 1882 sacramenti

2125 1919 2463 1970 consecrata
2514 1920 2624 1986 est,
2653 1921 2709 1972 et
2741 1933 2968 1982 omnes,
3001 1915 3100 1987 qui
3151 1915 3438 1982 viderant,
3472 1914 3532 1969 in
3585 1915 3788 1971 divino

2127 2017 2324 2058 amore
2355 2006 2408 2058 et
2458 2004 2777 2061 orthodoxa
2825 2003 3165 2060 credulitate
3218 2001 3534 2059 ferventius
3586 2021 3789 2060 excre-

2123 2095 2352 2150 verunt.

2547 2228 2682 2284 CAP.
2715 2227 2877 2284 XLV.
2914 2259 2980 2270 —
3017 2229 3150 2284 Item
3178 2228 3354 2284 aliud.

2191 2342 2439 2408 Quidam
2454 2341 2858 2401 nobilissimus
2871 2344 3195 2400 secundum
3210 2343 3404 2400 carnis
3419 2345 3792 2416 prosapiam,

2129 2435 2186 2484 et
2215 2431 2662 2502 potentissimus
2685 2433 2856 2504 juxta
2885 2433 3107 2505 regiam
3137 2432 3196 2488 in
3229 2449 3334 2488 suo
3369 2433 3543 2488 modo
3562 2433 3800 2506 magni-

2129 2519 2444 2589 ﬁcentiam,
2465 2537 2600 2576 cum
2623 2537 2726 2593 per
2745 2522 3140 2577 internuntios
3161 2520 3629 2577 familiaritatem
3657 2540 3798 2594 apo-

2129 2607 2345 2664 stolica:
2376 2610 2534 2665 sedis
2565 2611 2811 2682 adeptus
2855 2615 3027 2675 esset,
3061 2615 3118 2664 et
3170 2611 3456 2680 frequenti
3509 2612 3795 2668 admoni-

2128 2695 2286 2754 tione
2315 2697 2696 2770 epistolarum
2729 2697 2904 2754 etiam
2936 2713 2969 2752 a
3002 2699 3064 2752 B.
3098 2697 3373 2768 Gregorio
3407 2700 3800 2757 transmissa-

2127 2801 2261 2841 rum
2291 2785 2696 2854 instructione,
2727 2801 2865 2857 erga
2903 2783 3004 2840 Dei
3054 2789 3110 2840 et
3159 2788 3500 2838 sanctorum
3552 2787 3798 2845 cultum

2127 2873 2486 2929 sufﬁcienter
2511 2873 2720 2928 fuisset
2759 2871 3218 2938 imbutus,misit
3263 2887 3367 2942 per
3418 2877 3704 2932 strenuos
3738 2883 3800 2933 et

2126 2959 2362 3016 devotos
2393 2960 2606 3016 missos
2637 2960 2928 3033 condigna
2955 2962 3153 3016 exenia
3183 2961 3252 3015 ad
3285 2961 3486 3016 sedem
3542 2966 3797 3034 pontiﬁ-

2123 3047 2329 3116 calem,
2355 3053 2559 3120 petens
2599 3047 2879 3122 reliquias
2927 3050 3232 3106 beatorum
3283 3049 3689 3120 apostolorum
3724 3071 3797 3109 ac

2121 3140 2444 3209 martyrum
2483 3137 2596 3192 sibi
2645 3127 2988 3193 transmitti.
3024 3138 3209 3210 Cujus
3260 3137 3485 3210 legatos
3537 3147 3796 3199 sanctus

2115 3224 2485 3297 Apostolicus
2514 3226 2936 3283 honorabiliter
2961 3232 3020 3283 et
3065 3231 3366 3299 gratanter
3421 3229 3801 3319 suscipiens,

353 3315 854 3412 manuapostolici
864 3337 1070 3395 ordine
1081 3354 1188 3394 suo
1205 3335 1734 3408 accederet,illiquc
1745 3333 2009 3409 pontifex

2192 3315 2459 3388 quandiu
2493 3332 2693 3372 secum
2725 3315 2939 3372 morari
2972 3317 3130 3384 fecit,
3158 3321 3332 3388 atque
3365 3315 3786 3374 indesinenter

351 3427 531 3486 eﬂ'am
559 3425 850 3486 Dominici
871 3425 1129 3501 corporis
1150 3425 1505 3502 perrexisset
1523 3425 1722 3483 dicens
1746 3441 1759 3481 :
1785 3424 2008 3496 Corpus

351 3516 588 3576 Domini
617 3517 814 3575 Nostri
843 3516 898 3575 J.
928 3515 991 3574 C.
1023 3515 1211 3592 prosit
1240 3515 1347 3574 tibi
1369 3516 1430 3573 in
1450 3515 1629 3571 vitam
1653 3518 1929 3571 aeternam
1951 3517 2012 3570 et

354 3606 764 3665 remissionem
803 3605 1070 3664 omnium
1120 3609 1513 3679 peccatorum,
1548 3603 1811 3660 subrisit.
1845 3603 2008 3670 Quod

351 3696 442 3753 vir
469 3695 704 3755 Domini
730 3712 998 3765 cernens,
1027 3693 1114 3751 illi
1144 3710 1373 3752 sacram
1421 3692 1897 3750 communionem
1929 3708 2013 3749 re-

352 3785 548 3857 traxit,
583 3791 640 3844 et
682 3784 1002 3860 separatim
1055 3800 1234 3857 super
1283 3782 1466 3840 altare
1513 3782 1729 3855 posuit,
1761 3798 2011 3854 eamque

351 3874 596 3932 diacono
627 3873 971 3934 servandam
1003 3889 1192 3945 usque
1223 3873 1367 3928 dum
1393 3871 1588 3928 cuncti
1617 3871 2013 3928 communica-

352 3967 483 4021 rent
511 3963 714 4021 fideles
743 3962 1006 4020 tradidit.
1041 3960 1281 4034 Expleta
1309 3978 1442 4019 vero
1493 3977 1660 4018 sacra
1709 3961 2007 4034 mysteria,

349 4051 729 4125 interrogavit
773 4067 905 4108 eam
937 4051 1001 4108 B.
1035 4050 1352 4124 Gregorius
1400 4050 1604 4108 dicens
1639 4066 1652 4104 :
1689 4049 1812 4118 Dic,
1846 4065 2006 4121 rogo,

349 4139 443 4196 dic
465 4139 608 4212 quid
637 4139 799 4196 cordi
829 4143 930 4197 tuo
963 4138 1285 4210 emerserit,
1321 4155 1457 4196 cum
1503 4137 2012 4195 communicatura

348 4227 576 4287 risisti?
598 4230 672 4286 At
700 4226 804 4287 llla
835 4242 850 4284 :
884 4228 1211 4302 Recognovi
1261 4226 1702 4302 portiunculam
1751 4225 1912 4282 illam
1943 4243 2013 4282 ex

349 4317 556 4376 eadem
584 4317 877 4376 oblatione
928 4317 1116 4376 fuisse
1165 4333 1344 4390 quam
1395 4317 1544 4372 meis
1593 4315 1869 4372 manibus
1901 4314 2011 4370 feci

351 4412 411 4466 et
436 4407 544 4466 tibi
574 4407 782 4478 obtuli,
814 4413 1035 4467 etcum
1082 4423 1211 4464 eam
1260 4411 1317 4462 te
1364 4405 1750 4462 intellexerim
1799 4420 2012 4476 corpus

353 4496 587 4556 Domini
618 4496 948 4572 appellasse
995 4494 1234 4554 subrisi.
1267 4496 1432 4551 Tunc
1485 4499 1728 4551 sanctus
1779 4491 2012 4550 Domini

353 4586 614 4658 pontifex
669 4603 1008 4645 sermonem
1058 4585 1264 4642 exinde
1312 4583 1448 4640 fecit
1496 4583 1569 4640 ad
1618 4581 1924 4656 populum,
1957 4585 2016 4638 et

351 4673 624 4733 hortatus
653 4680 743 4734 est
771 4691 906 4734 eum
941 4679 1008 4732 ut
1030 4672 1396 4764 suppliciter
1447 4671 1764 4764 Dominum
1811 4687 2012 4764 exora-
2044 4695 2093 4764 D

351 4768 460 4837 ret,
495 4768 786 4838 quatenus
819 4764 892 4822 ad
923 4763 1246 4821 multorum
1292 4763 1468 4819 fidem
1514 4761 2014 4818 corroborandam

349 4854 549 4912 carnis
581 4851 768 4912 oculis
797 4853 1134 4911 ostenderet
1163 4851 1305 4924 quid
1329 4850 1647 4907 infidelitas
1675 4851 1856 4922 hujus
1883 4865 2013 4905 mu-

351 4941 514 5001 lieris
544 4943 759 5000 mentis
789 4941 976 5000 oculis
1004 4941 1202 4999 videre
1233 4946 1289 4997 et
1319 4941 1453 4997 ﬁdei
1499 4939 1828 4996 luminibus
1875 4955 2014 4995 con-

353 5029 580 5104 8picere
606 5030 928 5088 debuisset.
964 5031 1129 5099 Quod
1156 5046 1293 5086 cum
1343 5030 1556 5086 fuisset
1601 5033 1854 5096 oratum,
1889 5027 2015 5102 ipse

355 5135 476 5176 una
503 5135 639 5177 cum
669 5119 906 5194 populo,
931 5125 988 5177 et
1019 5119 1222 5176 eadem
1249 5119 1492 5176 muliere
1515 5119 1586 5176 ab
1611 5117 1871 5175 oratione
1893 5135 2017 5174 sur-

352 5208 522 5280 rexit,
570 5212 629 5266 et
685 5207 869 5266 altare
927 5207 1157 5265 cunctis
1213 5208 1613 5274 cernentibus,
1661 5211 1718 5265 et
1765 5223 1892 5264 sese
1942 5207 2014 5264 ad

353 5298 714 5356 cernendum
752 5297 984 5356 cmleste
1031 5297 1438 5371 spectaculum
1487 5296 2014 5370 comprimentibus

354 5386 717 5460 corporalem
774 5386 991 5460 pallam
1049 5387 1285 5459 revelat,
1338 5391 1396 5444 et
1443 5386 1714 5446 universe
1773 5384 2010 5460 populo,

351 5472 601 5550 ipsaque
630 5475 877 5535 muliere
909 5481 1201 5546 cernente,
1227 5482 1454 5550 partem
1476 5475 1644 5549 digiti
1666 5473 2015 5532 auricularis

354 5565 645 5640 sanguine
686 5569 1054 5626 cruentatam
1115 5565 1354 5636 invenit,
1405 5582 1472 5622 ac
1523 5562 1756 5622 mulieri
1817 5563 2011 5619 dixit:

429 5706 515 5782 (4)
542 5707 689 5782 Yide
735 5708 889 5768 Edit.
923 5723 1016 5782 ap.
1041 5709 1327 5782 ,Bosweid
1376 5709 1436 5769 in
1483 5707 1600 5764 Vit.
1636 5706 1738 5766 SS.
1771 5704 2010 5766 Patrum

361 5778 716 5864 Patrqlogie
745 5784 888 5848 tom.
917 5778 1186 5860 LXXIII.)

2117 3407 2454 3460 sanctorum
2487 3404 2886 3476 apostolorum
2909 3404 3243 3470 memorias,
3263 3422 3328 3461 ac
3352 3410 3679 3478 martyrum
3719 3411 3797 3464 ex

2119 3509 2280 3550 more
2309 3493 2500 3566 prisco
2533 3511 2636 3568 pro
2680 3493 3022 3567 hujusmodi
3071 3494 3301 3567 negotio
3351 3494 3566 3551 missas
3619 3494 3795 3552 cele-

2119 3583 2365 3649 brando,
2403 3587 2458 3638 et
2505 3581 2784 3654 reliquias
2837 3582 2897 3637 in
2946 3597 3150 3638 eorum
3209 3583 3791 3640 commemoratione

2117 3673 2513 3728 consecrando
2570 3671 2948 3735 circumiens,
2998 3671 3383 3743 prrefatosque
3440 3669 3668 3744 legatos
3722 3678 3792 3728 et
3865 3663 3871 3670 ’

2119 3761 2364 3816 comites
2395 3777 2626 3832 semper
2667 3776 2870 3818 secum
2916 3759 3160 3816 habens.
3195 3760 3342 3816 Cum
3397 3760 3788 3832 explicuisset

2119 3867 2321 3908 eorum
2354 3848 2792 3916 celebrationes,
2825 3865 3074 3921 quorum
3109 3849 3365 3921 reliquiae
3399 3851 3787 3922 petebantur,

2119 3937 2517 4012 particulatim
2541 3939 2776 3994 eosdem
2802 3955 3025 4010 pannos
3043 3943 3434 4009 consecratos,
3454 3955 3637 4010 super
3659 3941 3792 4012 qui-

2120 4030 2233 4086 bus
2281 4033 2483 4085 sancta
2541 4027 2948 4095 celebraverat,
2985 4027 3204 4093 divisit,
3236 4031 3291 4083 et
3344 4027 3599 4101 singulis
3652 4029 3789 4085 sin-

2121 4116 2368 4191 gillatim
2394 4115 2690 4190 pixidibus
2723 4115 3022 4188 imposuit.
3057 4116 3416 4188 Munitisque
3448 4117 3535 4174 cis
3583 4116 3788 4190 sigillo

2121 4223 2238 4264 suae
2257 4213 2470 4262 sanctas
2490 4204 2854 4261 auctoritatis
2878 4203 3224 4278 petitoribus
3249 4222 3359 4260 usu
3384 4204 3790 4262 ecclesiastico

2119 4295 2382 4352 tradidit.
2403 4294 2509 4360 Qui
2535 4294 2731 4350 debita
2752 4310 2885 4349 cum
2906 4293 3281 4350 veneratione
3310 4295 3788 4351 benedictionem

2122 4385 2384 4457 petitam,
2417 4388 2470 4439 et
2501 4388 2799 4455 acceptam
2833 4383 3245 4455 suscipientes,
3279 4383 3524 4456 profecti
3563 4387 3704 4440 sunt
3727 4385 3790 4440 in

2120 4475 2275 4530 viam
2326 4489 2496 4530 suam
2547 4473 2888 4546 gaudentes.
2937 4473 3049 4528 Sed
3101 4473 3240 4528 dum
3293 4489 3398 4546 per
3449 4472 3790 4546 aliquantos

2122 4563 2246 4620 dies
2275 4562 2658 4635 regressionis
2698 4579 2816 4617 suae
2866 4561 2976 4616 iter
3024 4567 3348 4633 carperent,
3382 4561 3456 4628 ei,
3491 4561 3594 4633 qui
3626 4559 3793 4634 prior

2123 4652 2344 4708 caeteris
2395 4651 2744 4719 habebatur,
2785 4649 3052 4722 quaedam
3099 4649 3397 4722 subripuit
3444 4649 3788 4718 curiositas,

2125 4741 2326 4798 dicens
2359 4740 2661 4798 sodalibus
2706 4755 2766 4795 se
2817 4737 2993 4796 stulte
3040 4738 3187 4794 tanti
3248 4737 3478 4794 itineris
3527 4737 3789 4794 subiisse

2122 4831 2406 4899 laborem,
2437 4847 2572 4887 cum
2603 4829 2896 4885 nescirent
2939 4827 3037 4898 qui
3088 4826 3326 4900 pretiosi
3379 4826 3623 4883 domino
3674 4844 3788 4882 suo

2125 4923 2426 4978 referrent.
2469 4919 2830 4976 Pedetentim
2882 4921 3078 4972 autem
3127 4920 3422 4972 crescente
3472 4914 3788 4972 collatione

2121 5011 2455 5079 verborum,
2502 5009 2575 5064 ad
2629 5005 3066 5080 suggestionem
3124 5005 3417 5060 sociorum
3468 5004 3788 5060 confractis

2125 5097 2454 5172 apostolica:
2489 5095 2797 5170 dignitatis
2832 5093 3084 5166 singulis
3134 5093 3363 5168 sigillis,
3398 5099 3609 5166 aperta:
3641 5098 3788 5149 sunt

2126 5188 2373 5262 pixides,
2404 5191 2461 5243 et
2492 5187 2552 5242 in
2586 5185 2835 5258 singulis
2865 5183 3114 5256 singulas
3147 5184 3326 5256 panni
3359 5186 3599 5254 repertae
3643 5187 3790 5238 sunt

2125 5275 2529 5350 portiunculae.
2559 5274 2804 5346 Moxque
2831 5290 2965 5328 cum
3001 5271 3404 5346 indignatione
3428 5271 3676 5327 Romam
3703 5288 3787 5328 re.

2123 5367 2309 5440 gressi
2331 5363 2810 5422 archidiaconum
2831 5362 3054 5419 adeunt
3070 5361 3483 5434 conquirentes
3503 5376 3516 5416 :
3538 5359 3788 5432 thuid,

2123 5456 2424 5530 inquiunt,
2447 5455 2702 5512 domnus
2723 5451 3096 5525 Apostolicus
3119 5457 3240 5508 tam
3261 5449 3360 5506 vili
3381 5448 3584 5522 pendit.
3601 5449 3790 5506 domi-

2125 5563 2266 5602 num
2288 5549 2576 5613 nostrum,
2596 5543 2698 5616 qui
2716 5545 2941 5598 tantam
2965 5541 3215 5614 gratiam
3230 5556 3290 5596 se
3305 5538 3458 5612 apud
3475 5554 3612 5594 eum
3629 5537 3792 5594 obti-

2123 5635 2326 5692 nuisse
2339 5631 2857 5708 speraverat,quod
2873 5629 2955 5688 sic
2967 5627 3214 5686 voluerit
3228 5627 3313 5684 illi
3327 5626 3592 5698 illudere,
3611 5630 3670 5684 et
3681 5644 3791 5688 nos

2193 5779 2268 5861 (5)
2298 5777 2442 5839 Vide
2473 5775 2811 5841 JoamDiac.
2834 5775 2896 5838 in
2918 5773 3053 5858 Yita
3082 5773 3253 5855 Greg.
3287 5771 3390 5848 M.,
3427 5769 3470 5836 Ι.
3503 5787 3564 5848 n,
3603 5788 3657 5834 c.
3694 5774 3786 5834 41.
