3912 6360
162 471 276 533 397

990 470 1224 537 LIBER
1269 472 1370 531 DE
1415 471 1781 533 CORPORE
1825 466 1927 531 ET
1973 470 2371 535 SANGUINE
2415 471 2746 534 CHRISTI.

3462 470 3581 531 398

163 605 605 661 dehonorationi
641 609 696 659 et
726 604 1030 659 otl'ensioni
1056 622 1173 660 suae
1206 604 1472 660 addicere
1494 604 1521 659 (ἲ
1551 604 1819 659 ίΕδὶὶιηίι-
1845 603 1901 671 Α
1933 602 2087 658 niam
2108 604 2346 675 quidam
2370 604 2457 659 vel
2480 602 2929 677 ignoranter,vel
2953 603 3300 676 simpliciter
3319 603 3378 661 in
3402 603 3582 661 calice

162 694 355 750 vimus
387 692 679 765 siquidem
711 710 817 749 nos
861 710 996 748 ossa
1039 693 1458 765 apostolorum,
1481 692 1569 748 vel
1601 696 1817 763 marty-

165 800 321 853 rum,
373 782 629 855 pretiosa
686 780 825 837 hinc
883 782 1116 849 referre,
1170 782 1322 837 sicut
1370 783 1643 837 decuerat
1690 786 1818 835 tan-

163 876 292 927 tum
352 871 545 926 virum
618 870 703 925 uti
773 871 1050 925 dominus
1121 876 1320 926 noster
1382 877 1489 925 est.
1552 873 1597 925 A
1656 874 1821 924 tanta

163 959 550 1015 nihilominus
592 960 746 1029 sede,
782 978 909 1031 qua:
962 961 1076 1015 sita
1124 977 1155 1014 a
1203 965 1323 1014 tam
1376 960 1545 1029 longe
1578 966 1633 1014 et
1666 961 1816 1013 (Μ’ίῖ-

163 1049 383 1105 cillimo
437 1050 582 1104 satis
640 1049 867 1116 itinere,
920 1053 976 1104 et
1025 1050 1171 1103 data:
1234 1054 1372 1103 sunt
1422 1050 1588 1103 nobis
1642 1048 1816 1119 panni

161 1138 403 1195 modica:
456 1138 861 1209 portiunculzr,
913 1156 975 1192 ac
1027 1139 1071 1192 si
1126 1139 1467 1208 hujusinodi
1522 1138 1818 1208 panniculi

161 1245 349 1301 genus
408 1229 562 1299 apud
624 1246 730 1281 nos
803 1228 1103 1299 nequisset
1163 1226 1424 1281 inveniri.
1478 1227 1601 1280 Nisi
1660 1225 1813 1279 enim

161 1335 352 1373 causa:
412 1315 748 1373 sollicitudo
806 1317 1195 1383 subvenisset,
1248 1319 1312 1370 ut
1370 1316 1526 1386 quod
1580 1315 1816 1385 gereba-

161 1423 298 1461 mus
356 1422 865 1477 cognosceremus,
915 1411 972 1460 et
1031 1406 1113 1459 sic
1165 1404 1375 1459 stolide
1425 1405 1493 1458 ad
1551 1409 1816 1458 nostrum

162 1495 472 1550 dominum
534 1494 703 1550 nobis
761 1494 1104 1566 contigisset
1153 1492 1369 1563 venire,
1420 1493 1668 1547 dubium
1700 1510 1816 1546 non

161 1588 253 1640 est
310 1582 640 1655 periculum
700 1582 939 1638 honoris
995 1588 1051 1637 et
1109 1582 1308 1655 gratim
1374 1600 1491 1637 sum
1552 1599 1659 1636 nos
1717 1581 1815 1635 dc-

160 1674 362 1729 buisse
440 1673 757 1726 incurrere.
818 1672 975 1736 Quod
1042 1670 1491 1725 archidiaconus
1552 1670 1819 1724 modesta

159 1761 560 1833 increpatione
620 1759 938 1830 redarguit,
981 1776 1085 1813 cur
1133 1759 1191 1812 in
1248 1763 1469 1813 tantam
1534 1776 1814 1830 praesum-

158 1849 422 1923 ptionem
471 1847 771 1921 eruperint
810 1853 874 1903 ut
916 1846 1237 1919 apostolica
1286 1847 1479 1920 sigilla
1527 1848 1812 1919 ruperint,

159 1939 404 1995 hortans
452 1954 552 1993 eos
600 1942 666 1992 ut
724 1936 1000 2004 redirent,
1043 1941 1102 1992 et
1145 1954 1271 2008 quae
1322 1942 1663 2008 acceperant
1709 1937 1812 1990 do-

159 2026 322 2081 mino
353 2044 459 2082 suo
493 2043 625 2082 cum
660 2026 877 2081 honore
909 2026 1219 2080 deferrent.
1246 2026 1357 2080 Sed
1387 2026 1445 2079 hi
1478 2023 1817 2079 nullatenus

157 2115 403 2171 monitis
423 2116 552 2187 ejus
573 2113 1013 2186 acquiescentes
1032 2130 1216 2184 usque
1241 2114 1313 2168 ad
1336 2113 1537 2169 domni
1554 2112 1815 2184 Gregorii

153 2209 444 2260 venerunt
484 2203 880 2276 prmsentiam,
916 2204 1186 2274 factoque
1234 2208 1549 2274 comperto,
1585 2201 1814 2274 patien-

156 2294 390 2350 tissime
421 2309 624 2349 eorum
658 2289 795 2348 tulit
821 2290 1155 2360 stultitiam,
1179 2308 1395 2362 eosque
1426 2289 1813 2346 sacrosanctis

156 2382 480 2438 missarum
512 2380 817 2437 solemniis
848 2380 1121 2453 prieccpit
1152 2380 1643 2447 interesse.Unde,
1678 2396 1811 2433 eum

153 2473 233 2528 ad
266 2471 459 2528 locum
491 2470 581 2527 sui
613 2470 901 2525 sermonis
947 2474 1037 2525 est
1066 2473 1325 2537 ventum,
1359 2469 1567 2523 suadet
1597 2467 1812 2539 populo

155 2560 263 2617 Dei
281 2564 337 2615 ct
354 2564 689 2616 sanctorum
708 2559 957 2631 gratiam
979 2561 1528 2630 cxorare,quatenus
1546 2558 1603 2611 in
1624 2558 1731 2611 hac
1753 2572 1811 2612 re

153 2650 546 2723 dignarentur
565 2647 931 2719 apertissime
953 2646 1035 2701 sic
1057 2664 1225 2702 suam
1259 2646 1577 2717 potentiam
1601 2647 1812 2717 pateta-

151 2756 321 2806 cere;
345 2742 411 2793 ut
433 2738 575 2809 quid
608 2740 903 2792 mereatur
931 2736 1438 2804 tides,evidentius
1466 2735 1664 2790 minus
1694 2752 1811 2788 cre-

152 2827 283 2883 duli
307 2832 365 2882 et
392 2827 727 2899 ignorantes
758 2826 987 2898 possint
1016 2842 1384 2896 cognoscere.
1408 2825 1477 2878 Et
1517 2825 1652 2878 data
1682 2840 1808 2878 ora-

150 2918 316 2972 tione
338 2916 562 2987 aCcepit
583 2916 655 2969 ab
678 2931 743 2969 eo
765 2914 1197 2986 cultellum,qui
1218 2918 1597 2969 temeraverat
1619 2929 1807 2983 Signa,

148 3011 217 3061 et
238 3022 417 3077 super
437 3003 620 3059 altare
641 3003 901 3075 corporis
922 3004 1111 3059 sancti
1135 3003 1286 3057 Petri
1311 3007 1607 3073 acceptam
1631 3019 1811 3057 unam

150 3093 338 3167 panni
371 3091 802 3165 portiunculam
842 3109 946 3163 per
986 3091 1243 3146 medium
1277 3109 1544 3163 pungens
1575 3091 1807 3146 secavit.

150 3185 237 3239 Ex
270 3199 387 3255 qua
416 3181 615 3237 statim
648 3181 889 3252 sanguis
920 3182 1274 3247 decucurrit,
1306 3185 1363 3235 et
1392 3197 1626 3234 omnem
1658 3195 1813 3233 eam-

154 3273 293 3328 dem
327 3270 677 3343 particulam
709 3269 1053 3325 cruentavit.
1078 3269 1356 3324 Videntes
1387 3274 1580 3324 autem
1612 3286 1813 3339 supra-

154 3339 361 3431 scripti
392 3359 589 3431 legati,
613 3363 672 3413 et
702 3358 894 3414 omnis
926 3356 1176 3429 populus
1199 3359 1555 3429 stupendum
1579 3362 1635 3413 et
1654 3375 1809 3413 area-
1837 3339 1883 3408 (ἶ

153 3466 301 3507 num
336 3448 469 3503 ﬁdei
501 3466 678 3504 sacra:
710 3448 1083 3515 miraculum,
1119 3446 1375 3503 cecidere
1408 3446 1571 3518 proni
1605 3446 1663 3501 in
1696 3451 1810 3500 ter-

150 3556 308 3608 ram,
362 3538 670 3594 adorantes
718 3537 1058 3604 Dominum,
1099 3541 1155 3591 et
1202 3535 1460 3590 dicentes
1495 3552 1507 3589 :
1541 3535 1812 3590 Mirabilis

153 3630 301 3684 Deus
333 3628 394 3682 in
422 3628 624 3682 sanctis
668 3628 808 3692 suis,
839 3626 979 3680 Deus
1022 3625 1210 3694 Israel,
1241 3627 1353 3695 ipse
1379 3624 1533 3679 dabit
1559 3626 1812 3679 virtutem

152 3725 207 3774 et
234 3715 619 3788 fortitudinem
655 3715 802 3786 plebi
846 3729 986 3777 sum,
1022 3713 1328 3769 benedictus
1357 3715 1517 3768 Deus.
1550 3715 1619 3768 Et
1662 3714 1810 3769 facto

155 3803 396 3863 silentio
429 3804 582 3860 inter
600 3802 717 3859 alia
740 3803 873 3858 fidei
902 3804 1255 3857 documenta
1278 3801 1423 3857 dixit
1453 3803 1524 3856 ad
1555 3819 1653 3857 eos
1685 3802 1813 3857 bea-

154 3901 259 3951 tus
301 3894 633 3967 Gregorius,
685 3893 786 3965 qui
837 3892 1082 3948 antehac
1131 3892 1488 3946 venerandus
1538 3890 1814 3963 reliquias

154 3983 324 4057 parvi
357 3983 641 4038 duxerant
673 3999 685 4038 :
722 3982 958 4049 Scitote,
994 3981 1221 4048 fratres,
1259 3980 1397 4051 quia
1428 3980 1485 4035 in
1519 3996 1817 4037 consecra-

153 4074 322 4129 tione
344 4072 604 4144 corporis
625 4076 682 4126 et
709 4070 1015 4144 sanguinis
1046 4069 1277 4125 Domini
1299 4070 1492 4125 Nostri
1513 4074 1565 4125 J.
1592 4070 1651 4125 C.
1677 4087 1814 4126 cum

154 4163 234 4218 ob
267 4160 792 4217 sanctiﬁcationem
834 4159 1212 4230 reliquiarum
1245 4158 1303 4212 in
1336 4159 1552 4215 honore
1581 4165 1812 4232 aposto-

154 4250 375 4318 lorum,
402 4249 488 4306 vel
519 4253 842 4321 martyrum
876 4248 1317 4321 ipsius,quibus
1361 4249 1692 4319 specialiter
1722 4267 1813 4304 as-

155 4340 550 4412 signabantur
593 4356 773 4411 supra
805 4343 1244 4393 sacrosanctum
1296 4337 1481 4393 altare
1533 4338 1817 4393 libamina

157 4428 576 4496 otI'erebantur,
601 4444 835 4499 semper
864 4426 1099 4481 illorum
1150 4427 1392 4499 sanguis
1433 4428 1539 4483 hos
1588 4444 1816 4500 pannos

155 4516 424 4585 intravit,
449 4517 551 4589 qui
585 4517 807 4572 eﬂ‘usus
830 4520 920 4571 est
948 4532 1051 4587 pro
1084 4517 1319 4573 nomine
1341 4516 1555 4572 Christi
1575 4517 1642 4572 D.
1668 4518 1736 4572 N.
1760 4517 1813 4572 J.

155 4604 483 4662 Ediﬁcatis
532 4606 591 4661 in
624 4605 737 4661 {ide
770 4606 1000 4661 cunctis
1032 4605 1132 4677 qui
1165 4606 1425 4673 aderant,
1456 4605 1817 4677 munitisque

1930 692 2231 747 Dominico
2266 694 2689 749 sanctiﬁcando
2721 697 2779 748 et
2817 692 2973 764 plebi
3021 692 3413 749 ministrando
3463 709 3582 749 non

1930 780 2037 835 hoc
2067 781 2288 835 faciunt
2318 784 2473 852 quod
2504 783 2677 837 Jesus
2710 781 2977 839 Christus
3023 781 3309 837 Dominus
3339 784 3398 837 et
3426 780 3583 837 Deus

1930 874 2145 936 noster,
2180 869 2449 925 sacrilicii
2500 870 2679 942 hujus
2731 874 2934 926 auctor
2981 874 3038 925 et
3084 870 3304 938 doctor,
3340 868 3478 925 fecit
3526 872 3586 925 et

1931 959 2147 1026 decuit,
2176 959 2515 1031 religiosum
2552 960 2766 1031 pariter
2797 977 2861 1014 ac
2907 958 3306 1014 necessarium
3339 957 3477 1014 duxi
3511 958 3583 1014 de

1929 1046 2037 1101 hoc
2070 1049 2141 1101 ad
2174 1066 2274 1102 VOS
2310 1048 2527 1102 litteras
2562 1049 2768 1117 facere,
2802 1055 2910 1104 etc.

1929 1137 2063 1190 CAP.
2098 1137 2312 1190 XLVII.
2342 1170 2405 1176 ——
2430 1140 2683 1207 Qualiter
2708 1141 2762 1192 in
2787 1139 3006 1192 Domini
3033 1140 3209 1192 nostri
3230 1138 3357 1193 Jesu
3376 1136 3582 1191 Christi

1997 1210 2249 1277 passione
2280 1212 2565 1279 mysticum
2606 1211 2679 1263 sit
2726 1210 2936 1263 Pascha
2982 1209 3266 1276 abolitum,
3298 1216 3349 1265 et
3376 1210 3431 1263 in
3463 1210 3579 1281 ejus

2002 1281 2372 1335 inmutatione
2402 1283 2484 1335 rei
2515 1283 2713 1335 veritas
2736 1283 2809 1335 sit
2839 1290 3063 1335 ostensa.

2000 1368 2074 1437 (7)
2110 1368 2373 1422 Diximus
2404 1369 2462 1423 in
2496 1369 2898 1441 superioribus
2938 1370 3080 1425 satis
3111 1369 3182 1423 de
3213 1370 3577 1424 sacramento

1927 1456 2149 1524 calicis,
2185 1458 2508 1512 secundum
2534 1458 2687 1529 quod
2712 1459 2775 1513 B.
2800 1458 3085 1530 Cypriane
3116 1458 3356 1530 martyri
3388 1456 3580 1513 Domi-

1928 1562 2039 1598 nus
2069 1544 2319 1600 revelare
2350 1546 2628 1617 (lignatus
2654 1550 2761 1600 est.
2787 1548 3062 1618 Superest
3082 1551 3147 1602 ut
3176 1563 3333 1602 nunc
3363 1547 3434 1602 de
3461 1563 3581 1620 my-

1927 1634 2102 1687 sterio
2161 1634 2448 1688 Dominici
2505 1635 2763 1706 corporis
2813 1635 3138 1707 nostrique,
3198 1634 3256 1690 id
3308 1639 3399 1690 est
3444 1634 3577 1691 novi

1928 1721 2160 1775 Pascha}
2212 1722 2610 1777 immolatione
2657 1722 2928 1795 qualiier,
2957 1724 3043 1779 vel
3094 1741 3129 1777 a
3166 1724 3382 1795 quibus
3427 1722 3575 1779 cele-

1929 1811 2218 1865 brandum
2253 1811 2349 1865 sit.
2386 1811 2754 1867 Sanctissimi
2785 1829 2946 1885 papae
2978 1812 3236 1885 Gregorii
3260 1829 3501 1868 sensum
3518 1817 3577 1869 et

1925 1899 2099 1954 verba
2128 1916 2439 1970 ponamus,
2459 1904 2523 1954 ut
2547 1902 2702 1973 quod
2734 1902 2844 1956 sub
2874 1900 3161 1956 velamine
3189 1900 3394 1957 litterae
3424 1905 3578 1974 tege-

1844 1971 1894 2037 B
1926 1989 2098 2042 batur
2132 1988 2188 2041 in
2222 1987 2365 2060 lege,
2402 1989 2460 2042 in
2497 1971 2805 2061 Eviangelio
2836 1990 2938 2045 fiat
2966 1990 3048 2044 rei
3078 1989 3318 2045 veritate
3350 1971 3574 2063 perspi-

1925 2094 2099 2131 cuum
2128 2092 2140 2129 :
2165 2078 2394 2143 Pascha,
2417 2077 2624 2148 inquit,
2644 2086 2913 2146 nostrum,
2935 2078 3236 2150 apostolis,
3262 2079 3576 2134 immolatus

1926 2174 2005 2221 est
2030 2166 2296 2220 Christus.
2330 2165 2389 2219 Si
2427 2166 2606 2238 igitur
2635 2166 2857 2221 Pascha
2885 2167 3170 2236 Christus,
3203 2167 3573 2238 pensandum

1925 2256 2093 2310 nobis
2126 2259 2214 2310 est
2245 2256 2398 2327 quod
2433 2255 2503 2310 de
2535 2255 2758 2311 Pascha
2777 2255 2869 2310 lex
2896 2255 3176 2328 loquitur,
3201 2260 3267 2311 ut
3296 2255 3575 2312 subtilius
3630 2274 3635 2279 '

1924 2348 2359 2415 perscrutantes
2409 2344 2706 2415 possimus
2757 2361 3069 2417 agnoscere
3099 2362 3172 2400 an
3226 2345 3297 2400 de
3345 2343 3574 2401 Christo

1923 2433 2078 2488 dicta
2105 2434 2431 2487 videantur.
2464 2434 2690 2505 Moyses
2721 2434 2937 2506 quippe
2956 2434 3039 2490 ait
3070 2451 3083 2490 :
3109 2435 3335 2491 Sument
3361 2433 3426 2491 de
3451 2449 3576 2491 san-

1919 2524 2087 2594 guine
2114 2523 2266 2592 agni,
2299 2526 2410 2577 etc.

1993 2611 2127 2666 CAP.
2179 2611 2422 2665 XLVIII.
2464 2643 2532 2651 —
2575 2612 2763 2668 Utrum
2813 2612 3023 2668 Pascha
3070 2612 3217 2668 istud
3267 2613 3573 2684 legitimum

1986 2692 2109 2753 post
2133 2684 2273 2736 anni
2299 2684 2539 2755 spatium
2568 2685 2649 2738 vel
2691 2694 2807 2755 post
2854 2685 3013 2755 longa
3042 2686 3101 2739 in
3133 2686 3425 2740 intervalla
3456 2685 3570 2739 die-

1990 2771 2138 2817 rum,
2169 2771 2240 2808 an
2271 2754 2511 2825 quotidie
2538 2772 2571 2809 α
2599 2754 2852 2825 ﬁdelibus
2880 2754 2955 2810 sit
2979 2755 3265 2811 edendum.

1994 2842 2223 2897 Pascha}
2254 2846 2450 2897 autem
2482 2842 2661 2912 hujus
2693 2843 3143 2913 observantiam,
3168 2844 3227 2899 id
3260 2848 3350 2900 est
3378 2845 3570 2900 Domi-

1922 2932 2032 2987 nici
2059 2931 2315 3003 corporis
2339 2948 2401 2986 ac
2424 2931 2733 3003 sanguinis
2758 2934 3189 3004 perceptionem
3213 2934 3570 3006 quibusdam

1922 3022 2101 3075 moris
2133 3024 2220 3076 est
2253 3024 2383 3091 post
2412 3021 2549 3074 anni
2583 3021 2861 3093 spatium,
2889 3023 3247 3093 quibusdam
3277 3040 3410 3080 vero
3441 3027 3575 3096 post

1921 3114 2077 3165 certa
2106 3109 2409 3164 intervalla
2450 3110 2697 3179 dierum,
2723 3111 3075 3182 quibusdam
3109 3129 3341 3185 quoque
3373 3113 3572 3185 quoti-

1922 3199 2013 3254 die
2044 3215 2146 3269 pro
2169 3215 2483 3252 causarum
2505 3197 2838 3255 diversitate
2863 3199 3175 3255 celebrare.
3192 3201 3355 3268 Quod
3376 3204 3573 3257 tamen

1922 3288 2110 3359 magis
2129 3288 2361 3342 videtur
2389 3286 2660 3341 humanm
2693 3287 2866 3344 saluti
2891 3306 3229 3360 congruere,
3263 3290 3312 3345 si
3347 3307 3496 3362 pura
3516 3293 3575 3345 et

1922 3377 2129 3431 devota
2160 3393 2326 3431 mens
2362 3375 2535 3430 fuerit
2573 3377 2976 3433 accedentium
3008 3380 3080 3434 ad
3127 3379 3275 3435 tanti
3308 3380 3571 3452 mysterii

1922 3470 2376 3519 sacramentum.
2406 3464 2579 3521 Panis
2612 3465 2905 3537 siquidem
2936 3467 3065 3521 vitm
3090 3467 3357 3523 Christus
3387 3471 3495 3535 est,
3518 3467 3571 3523 ei

1922 3554 2090 3625 panis
2120 3553 2214 3607 hic
2247 3552 2512 3607 omnium
2548 3570 2662 3608 non
2695 3558 2802 3618 est,
2831 3554 2931 3608 sed
2961 3554 3222 3609 fidelium
3248 3555 3459 3627 pieque
3479 3572 3573 3611 su-

1922 3642 2232 3695 mentium.
2265 3641 2429 3695 Sicut
2474 3639 2629 3695 enim
2678 3642 2832 3697 Deus
2865 3642 3031 3698 Pater
3078 3643 3308 3715 proprie
3355 3642 3570 3698 intelli-

1921 3730 2183 3802 gentium
2217 3734 2274 3785 et
2303 3729 2664 3785 credentium
2695 3734 2861 3802 pater
2885 3735 2992 3799 est,
3020 3731 3104 3786 sic
3126 3731 3394 3787 Christus
3416 3732 3571 3788 Deus

1922 3825 1979 3874 et
1999 3818 2283 3874 Dominus
2308 3818 2640 3883 noster,Dei
2665 3818 2846 3876 Filius
2868 3836 3069 3875 eorum
3088 3820 3185 3892 qui
3210 3837 3423 3893 corpus
3444 3822 3572 3893 ejus

1922 3926 2056 3964 cum
2081 3908 2192 3961 fide
2212 3907 2562 3979 suscipiunt,
2581 3908 2767 3963 Patris
2795 3912 2901 3965 est.
2919 3911 3098 3975 Quem
3122 3927 3332 3982 panem
3353 3928 3422 3966 ex
3444 3912 3573 3983 ejus

1922 3998 2306 4069 praiceptione
2339 3996 2463 4051 dari
2509 3998 2679 4052 nobis
2710 3999 2970 4071 quotidie
3000 3998 3373 4071 postulamus
3404 4018 3439 4057 a
3469 4000 3576 4056 Pa-

1924 4091 2031 4152 tre,
2067 4102 2137 4141 ne
2170 4086 2267 4157 qui
2302 4086 2359 4140 in
2394 4103 2460 4141 eo
2506 4103 2734 4154 sumus,
2767 4092 2825 4143 et
2867 4087 3283 4145 eucharistiam
3318 4090 3578 4163 corporis

1924 4175 2052 4245 cjus
2079 4174 2339 4246 quotidie
2371 4175 2443 4229 ad
2476 4173 2673 4229 cibum
2708 4175 2916 4232 salutis
2948 4178 3293 4250 accipimus,
3328 4178 3575 4236 interce-

1926 4263 2097 4318 dente
2129 4263 2325 4334 aliquo
2356 4263 2616 4335 graviore
2648 4263 2879 4333 delicto,
2913 4266 3054 4321 dum
3087 4266 3340 4322 abstenti
3373 4271 3431 4322 et
3460 4283 3577 4321 non

1926 4351 2452 4419 communicantes,
2485 4356 2542 4406 et
2572 4369 2605 4407 a
2636 4351 2854 4407 caelesti
2896 4370 3045 4426 pane
3084 4354 3275 4425 jejuni
3325 4355 3400 4410 ab
3448 4356 3576 4426 ejus

1926 4458 2164 4515 corpore
2216 4458 2573 4513 separemur,
2608 4442 2733 4513 ipso
2784 4443 3157 4513 praedicante,
3192 4446 3250 4498 et
3298 4444 3572 4500 dicente:

1924 4533 2032 4603 Ego
2061 4548 2183 4586 sum
2211 4533 2371 4603 panis
2401 4534 2575 4598 vivus,
2602 4533 2698 4603 qui
2725 4531 2789 4586 de
2816 4532 2944 4587 ca’lo
2973 4531 3256 4601 descendi;
3286 4534 3384 4607 qui
3409 4533 3580 4591 ederit

1926 4621 1990 4676 de
2020 4637 2135 4676 meo
2162 4636 2304 4691 pane
2346 4622 2490 4675 vivet
2538 4621 2599 4674 in
2647 4628 2952 4687 aeternum,-
2977 4623 3143 4693 panis
3184 4630 3387 4692 autem,
3418 4639 3580 4696 quem

156 4696 376 4750 iterum
410 4694 707 4767 pixidibus
738 4694 906 4768 signo
938 4712 1066 4762 suo,
1090 4695 1330 4750 tradidit
1350 4696 1433 4750 eis
1457 4696 1817 4767 incompara—
1847 4712 1893 4777 D
1923 4727 2017 4782 ego
2060 4709 2272 4777 dedero,
2324 4725 2448 4764 caro
2494 4725 2615 4764 mea
2661 4717 2741 4764 est
2783 4726 2884 4782 pro
2924 4710 3123 4766 mundi
3167 4713 3300 4768 vita.
3335 4694 3577 4779 Quando

157 4782 306 4839 bilia
336 4800 582 4839 munera
610 4783 724 4840 voti
767 4782 881 4837 sui.
912 4784 981 4838 Et
1012 4799 1145 4839 cum
1179 4784 1393 4857 gaudio
1425 4785 1660 4852 reversi,
1696 4784 1816 4839 haec

158 4889 265 4944 per
295 4872 559 4928 ordinem
602 4872 839 4928 domino
888 4890 994 4927 suo
1045 4874 1402 4940 nuntiarent,
1438 4878 1493 4928 et
1524 4874 1613 4928 sui
1663 4874 1813 4927 desi-

159 4961 306 5016 derii
340 4965 670 5033 compotem
701 4960 1025 5015 reddidere.
1050 4961 1155 5027 Qui
1192 4962 1446 5039 pretiosa
1478 4968 1814 5017 sanctorum

159 5049 486 5123 patrocinia
532 5054 857 5106 reverenter
903 5050 1182 5121 suscepit,
1209 5055 1264 5105 et
1312 5051 1729 5106 honorabiliter
1758 5053 1816 5107 in

159 5141 288 5195 loco
317 5139 632 5197 venerabili
657 5139 941 5209 condidit,
968 5139 1066 5194 ubi
1102 5140 1256 5194 Deus
1279 5140 1561 5195 miracula
1591 5141 1815 5211 operari

162 5229 445 5302 dignatur
473 5228 545 5283 ad
585 5227 820 5284 laudem
853 5232 909 5283 et
939 5227 1183 5299 gloriam
1219 5230 1475 5284 nominis
1507 5230 1595 5283 sui
1632 5247 1817 5301 usque

163 5318 224 5372 in
258 5318 607 5373 hodiernum
637 5318 815 5373 diem.

199 5425 335 5482 CAP.
360 5425 634 5481 XLVl.-—
653 5426 727 5481 De
754 5434 1090 5485 sacramento
1112 5428 1299 5482 mliris
1331 5427 1461 5498 quid
1491 5428 1781 5483 revelatum

698 5499 774 5554 sit
804 5498 950 5554 beato
984 5498 1058 5570 Cy
1062 5501 1278 5570 priano.

237 5597 312 5671 (6)
334 5596 609 5653 Scribens
643 5596 932 5667 siquidem
966 5597 1170 5651 beatus
1194 5596 1517 5669 Cyprianus
1550 5597 1621 5651 ad
1644 5596 1816 5651 Caeci-

167 5684 316 5742 lium
348 5686 421 5741 de
451 5689 819 5742 sacramento
849 5683 1068 5753 calieis,
1105 5685 1248 5741 dicit
1292 5687 1443 5742 inter
1472 5685 1585 5742 alia
1620 5703 1632 5739 :
1668 5687 1817 5754 Quo-

237 5786 314 5870 (6)
344 5784 490 5842 Vide
519 5784 672 5844 inter
702 5782 978 5864 epistolas
1010 5784 1065 5843 S.
1104 5782 1397 5862 Cypriani.

1926 4819 2061 4874 ergo
2095 4800 2238 4854 dicit
2269 4799 2325 4853 in
2359 4803 2640 4853 internum
2692 4799 2897 4866 vivere,
2934 4800 2982 4856 si
3014 4800 3148 4872 quis
3196 4801 3382 4858 ederit
3410 4803 3482 4858 de
3511 4819 3578 4859 eo

1929 4910 2096 4962 pane,
2135 4889 2511 4943 manifestum
2554 4892 2643 4943 est
2684 4905 2782 4944 eos
2813 4889 3021 4959 vivere,
3056 4891 3155 4961 qui
3188 4908 3400 4964 corpus
3450 4894 3580 4965 ejus

1927 4980 2243 5051 attingunt,
2275 4982 2329 5032 et
2380 4977 2796 5032 eucharistiam
2842 4995 2986 5033 verre
3026 4982 3580 5039 communicationis

1929 5068 2243 5138 accipiunt.
2277 5067 2361 5121 Ita
2386 5071 2587 5120 contra
2608 5066 2938 5122 timendum
2970 5073 3059 5123 est
3079 5073 3135 5125 et
3155 5072 3465 5141 orandum,
3485 5088 3579 5141 ne,

1930 5156 2070 5209 dum
2120 5154 2253 5224 quis
2304 5154 2610 5207 abstentus
2659 5158 3029 5225 separatura
3058 5156 3269 5213 Christi
3319 5176 3581 5232 corpore,

1927 5260 2147 5298 vacuus
2180 5246 2475 5295 remaneat
2525 5258 2558 5295 a
2605 5240 2813 5311 salute,
2851 5246 3325 5303 communicante
3370 5248 3499 5321 ipso
3526 5253 3584 5306 et

1930 5333 2156 5388 dicente
2191 5348 2203 5385 :
2238 5332 2361 5386 Nisi
2388 5329 2608 5386 oderitis
2637 5347 2858 5387 carnem
2898 5334 3032 5390 Filii
3069 5334 3329 5407 hominis,
3361 5345 3416 5393 et
3443 5337 3585 5394 bibe-

1928 5425 2052 5478 ritis
2090 5423 2416 5493 sanguinem
2444 5422 2580 5493 ejus,
2614 5437 2726 5476 non
2774 5421 2979 5479 habetis
3025 5426 3194 5480 vitam
3224 5427 3283 5482 in
3312 5424 3479 5484 vobis.
3512 5426 3584 5483 Et

1929 5512 2058 5567 ideo
2092 5527 2303 5582 panem
2344 5514 2633 5578 nostrum,
2670 5510 2729 5565 id
2779 5515 2869 5567 est
2899 5511 3219 5583 Christum,
3256 5514 3379 5571 dari
3410 5515 3580 5572 nobis

1930 5602 2191 5674 quotidie
2212 5601 2487 5674 petimus,
2504 5603 2571 5656 ut
2591 5600 2689 5672 qui
2715 5600 2775 5656 in
2797 5618 2864 5658 eo
2887 5607 3287 5672 manemus,ct
3307 5603 3575 5673 vivimus,

1930 5710 1963 5749 a
1996 5691 2456 5747 sanctiﬁcatione
2484 5690 2613 5761 ejus
2651 5707 2889 5764 corpore
2918 5708 3035 5748 non
3078 5692 3441 5761 recedamus,
3469 5693 3575 5769 Arg

2002 5789 2076 5875 (7)
2104 5788 2250 5851 Vide
2280 5792 2422 5851 tom.
2455 5787 2533 5853 III
2562 5788 2703 5870 Opp.
2739 5791 2797 5852 Β.
2829 5787 3107 5874 Gregorii.
