  <div class='ocr_page' id='page_1' title='image "/cluster/home/n/w/nwhite01/storage/ocr_20150623/136-137/uc1.31175019686917/881.png"; bbox 0 0 3912 6362; ppageno 0'>
   <div class='ocr_carea' id='block_1_1' title="bbox 442 408 559 465">
    <p class='ocr_par' dir='ltr' id='par_1_1' title="bbox 442 408 559 465">
     <span class='ocr_line' id='line_1_1' title="bbox 442 408 559 465; baseline 0.009 -1"><span class='ocrx_word' id='word_1_1' title='bbox 442 408 559 465; x_wconf 80' lang='grc'>399</span> 
     </span>
    </p>
   </div>
   <div class='ocr_carea' id='block_1_2' title="bbox 1488 401 3838 468">
    <p class='ocr_par' dir='ltr' id='par_1_2' title="bbox 1488 401 3838 468">
     <span class='ocr_line' id='line_1_2' title="bbox 1488 401 3838 468; baseline -0.001 0"><span class='ocrx_word' id='word_1_2' title='bbox 1488 406 1816 468; x_wconf 80' lang='lat' dir='ltr'><strong>GEZONIS</strong></span> <span class='ocrx_word' id='word_1_3' title='bbox 1860 401 2198 464; x_wconf 81' lang='lat' dir='ltr'><strong>ABBATIS</strong></span> <span class='ocrx_word' id='word_1_4' title='bbox 2244 402 2809 464; x_wconf 73' lang='lat' dir='ltr'><strong>DERTONENSIS.</strong></span> <span class='ocrx_word' id='word_1_5' title='bbox 3744 406 3838 466; x_wconf 72' lang='lat'><strong>400</strong></span> 
     </span>
    </p>
   </div>
   <div class='ocr_carea' id='block_1_3' title="bbox 440 533 3814 608">
    <p class='ocr_par' dir='ltr' id='par_1_3' title="bbox 440 533 3814 608">
     <span class='ocr_line' id='line_1_3' title="bbox 440 533 3814 608; baseline -0.001 -18"><span class='ocrx_word' id='word_1_6' title='bbox 440 545 641 591; x_wconf 84' lang='lat' dir='ltr'><strong>serunt</strong></span> <span class='ocrx_word' id='word_1_7' title='bbox 669 539 774 591; x_wconf 77' lang='lat' dir='ltr'><strong>hoc</strong></span> <span class='ocrx_word' id='word_1_8' title='bbox 798 552 1029 608; x_wconf 86' lang='lat' dir='ltr'><strong>semper</strong></span> <span class='ocrx_word' id='word_1_9' title='bbox 1051 536 1337 592; x_wconf 83' lang='lat' dir='ltr'><strong>desiderio</strong></span> <span class='ocrx_word' id='word_1_10' title='bbox 1360 537 1544 592; x_wconf 84' lang='lat' dir='ltr'><strong>sancti</strong></span> <span class='ocrx_word' id='word_1_11' title='bbox 1570 537 1785 607; x_wconf 86' lang='lat' dir='ltr'><strong>quique</strong></span> <span class='ocrx_word' id='word_1_12' title='bbox 1823 542 1881 590; x_wconf 90' lang='lat' dir='ltr'><strong>ut</strong></span> <span class='ocrx_word' id='word_1_13' title='bbox 1915 535 2091 605; x_wconf 80' lang='lat' dir='ltr'><strong>hujus</strong></span> <span class='ocrx_word' id='word_1_14' title='bbox 2121 535 2173 600; x_wconf 77' lang='grc' dir='ltr'><strong>Α</strong></span> <span class='ocrx_word' id='word_1_15' title='bbox 2242 534 2374 588; x_wconf 52' lang='lat' dir='ltr'><strong>Cap.</strong></span> <span class='ocrx_word' id='word_1_16' title='bbox 2413 534 2552 590; x_wconf 86' lang='lat' dir='ltr'><strong>LIII.</strong></span> <span class='ocrx_word' id='word_1_17' title='bbox 2590 566 2657 575; x_wconf 59' lang='grc' dir='ltr'><strong><em>η-</em></strong></span> <span class='ocrx_word' id='word_1_18' title='bbox 2692 533 2898 603; x_wconf 79' lang='lat' dir='ltr'><strong>Quibus</strong></span> <span class='ocrx_word' id='word_1_19' title='bbox 2939 534 3237 591; x_wconf 76' lang='lat' dir='ltr'><strong>immutatio</strong></span> <span class='ocrx_word' id='word_1_20' title='bbox 3275 536 3550 592; x_wconf 79' lang='lat' dir='ltr'><strong>Dominici</strong></span> <span class='ocrx_word' id='word_1_21' title='bbox 3580 539 3814 607; x_wconf 83' lang='lat' dir='ltr'><strong>corporis</strong></span> 
     </span>
    </p>
   </div>
   <div class='ocr_carea' id='block_1_4' title="bbox 438 622 2097 695">
    <p class='ocr_par' dir='ltr' id='par_1_4' title="bbox 438 622 2097 695">
     <span class='ocr_line' id='line_1_4' title="bbox 438 622 2097 695; baseline -0.002 -16"><span class='ocrx_word' id='word_1_22' title='bbox 438 627 610 695; x_wconf 85' lang='lat' dir='ltr'><strong>panis</strong></span> <span class='ocrx_word' id='word_1_23' title='bbox 630 623 911 679; x_wconf 89' lang='lat' dir='ltr'><strong>alimonia</strong></span> <span class='ocrx_word' id='word_1_24' title='bbox 932 624 1048 679; x_wconf 91' lang='lat' dir='ltr'><strong>Deo</strong></span> <span class='ocrx_word' id='word_1_25' title='bbox 1077 624 1354 690; x_wconf 78' lang='lat' dir='ltr'><strong>viverent,</strong></span> <span class='ocrx_word' id='word_1_26' title='bbox 1381 624 1595 695; x_wconf 82' lang='lat' dir='ltr'><strong>quibus</strong></span> <span class='ocrx_word' id='word_1_27' title='bbox 1617 622 1955 695; x_wconf 78' lang='lat' dir='ltr'><strong>temporalis</strong></span> <span class='ocrx_word' id='word_1_28' title='bbox 1976 623 2097 676; x_wconf 84' lang='lat' dir='ltr'><strong>vita</strong></span> 
     </span>
    </p>
   </div>
   <div class='ocr_carea' id='block_1_5' title="bbox 437 712 2095 783">
    <p class='ocr_par' dir='ltr' id='par_1_5' title="bbox 437 712 2095 783">
     <span class='ocr_line' id='line_1_5' title="bbox 437 712 2095 783; baseline 0.001 -19"><span class='ocrx_word' id='word_1_29' title='bbox 437 713 838 783; x_wconf 70' lang='lat' dir='ltr'><strong>dispendium,</strong></span> <span class='ocrx_word' id='word_1_30' title='bbox 866 717 923 767; x_wconf 84' lang='lat' dir='ltr'><strong>et</strong></span> <span class='ocrx_word' id='word_1_31' title='bbox 953 713 1142 767; x_wconf 86' lang='lat' dir='ltr'><strong>vivere</strong></span> <span class='ocrx_word' id='word_1_32' title='bbox 1171 712 1435 766; x_wconf 76' lang='lat' dir='ltr'><strong>Christus</strong></span> <span class='ocrx_word' id='word_1_33' title='bbox 1470 712 1605 779; x_wconf 80' lang='lat' dir='ltr'><strong>fuit;</strong></span> <span class='ocrx_word' id='word_1_34' title='bbox 1640 729 1668 767; x_wconf 91' lang='lat' dir='ltr'><strong>e</strong></span> <span class='ocrx_word' id='word_1_35' title='bbox 1704 713 1917 783; x_wconf 88' lang='lat' dir='ltr'><strong>quibus</strong></span> <span class='ocrx_word' id='word_1_36' title='bbox 1941 728 2095 766; x_wconf 86' lang='lat' dir='ltr'><strong>unus</strong></span> 
     </span>
    </p>
   </div>
   <div class='ocr_carea' id='block_1_6' title="bbox 433 799 2089 871">
    <p class='ocr_par' dir='ltr' id='par_1_6' title="bbox 433 799 2089 871">
     <span class='ocr_line' id='line_1_6' title="bbox 433 799 2089 871; baseline 0 -20"><span class='ocrx_word' id='word_1_37' title='bbox 433 799 789 853; x_wconf 82' lang='lat' dir='ltr'><strong>venerabilis</strong></span> <span class='ocrx_word' id='word_1_38' title='bbox 812 800 941 853; x_wconf 82' lang='lat' dir='ltr'><strong>vitae</strong></span> <span class='ocrx_word' id='word_1_39' title='bbox 961 800 1217 861; x_wconf 76' lang='lat' dir='ltr'><strong>Cassius,</strong></span> <span class='ocrx_word' id='word_1_40' title='bbox 1234 800 1470 856; x_wconf 79' lang='lat' dir='ltr'><strong>nomine</strong></span> <span class='ocrx_word' id='word_1_41' title='bbox 1492 799 1854 864; x_wconf 80' lang='lat' dir='ltr'><strong>Narniensis,</strong></span> <span class='ocrx_word' id='word_1_42' title='bbox 1881 799 2089 871; x_wconf 67' lang='lat' dir='ltr'><strong>praesul</strong></span> 
     </span>
    </p>
   </div>
   <div class='ocr_carea' id='block_1_7' title="bbox 443 886 2095 961">
    <p class='ocr_par' dir='ltr' id='par_1_7' title="bbox 443 886 2095 961">
     <span class='ocr_line' id='line_1_7' title="bbox 443 886 2095 961; baseline 0.002 -21"><span class='ocrx_word' id='word_1_43' title='bbox 443 886 735 954; x_wconf 63' lang='lat' dir='ltr'><strong>Ecclesiae,</strong></span> <span class='ocrx_word' id='word_1_44' title='bbox 766 894 828 941; x_wconf 86' lang='lat' dir='ltr'><strong>ut</strong></span> <span class='ocrx_word' id='word_1_45' title='bbox 861 889 921 942; x_wconf 87' lang='lat' dir='ltr'><strong>B.</strong></span> <span class='ocrx_word' id='word_1_46' title='bbox 948 889 1261 960; x_wconf 80' lang='lat' dir='ltr'><strong>Gregorius</strong></span> <span class='ocrx_word' id='word_1_47' title='bbox 1297 890 1487 954; x_wconf 80' lang='lat' dir='ltr'><strong>refert,</strong></span> <span class='ocrx_word' id='word_1_48' title='bbox 1514 905 1645 941; x_wconf 86' lang='lat' dir='ltr'><strong>cum</strong></span> <span class='ocrx_word' id='word_1_49' title='bbox 1687 889 2095 961; x_wconf 87' lang='lat' dir='ltr'><strong>quotidianum</strong></span> 
     </span>
    </p>
   </div>
   <div class='ocr_carea' id='block_1_8' title="bbox 439 975 2095 1050">
    <p class='ocr_par' dir='ltr' id='par_1_8' title="bbox 439 975 2095 1050">
     <span class='ocr_line' id='line_1_8' title="bbox 439 975 2095 1050; baseline 0.001 -19"><span class='ocrx_word' id='word_1_50' title='bbox 439 975 795 1031; x_wconf 81' lang='lat' dir='ltr'><strong>sacriﬁcium</strong></span> <span class='ocrx_word' id='word_1_51' title='bbox 829 978 1080 1043; x_wconf 80' lang='lat' dir='ltr'><strong>otferret,</strong></span> <span class='ocrx_word' id='word_1_52' title='bbox 1106 994 1283 1049; x_wconf 86' lang='lat' dir='ltr'><strong>seque</strong></span> <span class='ocrx_word' id='word_1_53' title='bbox 1308 979 1502 1050; x_wconf 86' lang='lat' dir='ltr'><strong>ipsum</strong></span> <span class='ocrx_word' id='word_1_54' title='bbox 1535 978 1687 1032; x_wconf 83' lang='lat' dir='ltr'><strong>inter</strong></span> <span class='ocrx_word' id='word_1_55' title='bbox 1716 979 1844 1050; x_wconf 82' lang='lat' dir='ltr'><strong>ipsa</strong></span> <span class='ocrx_word' id='word_1_56' title='bbox 1874 979 2095 1033; x_wconf 80' lang='lat' dir='ltr'><strong>sacrifi-</strong></span> 
     </span>
    </p>
   </div>
   <div class='ocr_carea' id='block_1_9' title="bbox 438 1065 2097 1139">
    <p class='ocr_par' dir='ltr' id='par_1_9' title="bbox 438 1065 2097 1139">
     <span class='ocr_line' id='line_1_9' title="bbox 438 1065 2097 1139; baseline 0 -20"><span class='ocrx_word' id='word_1_57' title='bbox 438 1065 663 1120; x_wconf 81' lang='lat' dir='ltr'><strong>ciorum</strong></span> <span class='ocrx_word' id='word_1_58' title='bbox 687 1082 901 1121; x_wconf 88' lang='lat' dir='ltr'><strong>arcana</strong></span> <span class='ocrx_word' id='word_1_59' title='bbox 931 1072 1158 1139; x_wconf 79' lang='lat' dir='ltr'><strong>gratam</strong></span> <span class='ocrx_word' id='word_1_60' title='bbox 1192 1068 1308 1122; x_wconf 86' lang='lat' dir='ltr'><strong>Deo</strong></span> <span class='ocrx_word' id='word_1_61' title='bbox 1334 1067 1630 1121; x_wconf 83' lang='lat' dir='ltr'><strong>victimam</strong></span> <span class='ocrx_word' id='word_1_62' title='bbox 1670 1066 1902 1131; x_wconf 77' lang='lat' dir='ltr'><strong>faceret;</strong></span> <span class='ocrx_word' id='word_1_63' title='bbox 1926 1083 2097 1121; x_wconf 89' lang='lat' dir='ltr'><strong>man-</strong></span> 
     </span>
    </p>
   </div>
   <div class='ocr_carea' id='block_1_10' title="bbox 442 1154 2097 1228">
    <p class='ocr_par' dir='ltr' id='par_1_10' title="bbox 442 1154 2097 1228">
     <span class='ocr_line' id='line_1_10' title="bbox 442 1154 2097 1228; baseline 0.001 -20"><span class='ocrx_word' id='word_1_64' title='bbox 442 1154 643 1209; x_wconf 83' lang='lat' dir='ltr'><strong>datum</strong></span> <span class='ocrx_word' id='word_1_65' title='bbox 664 1155 897 1210; x_wconf 87' lang='lat' dir='ltr'><strong>Domini</strong></span> <span class='ocrx_word' id='word_1_66' title='bbox 917 1172 1022 1228; x_wconf 85' lang='lat' dir='ltr'><strong>per</strong></span> <span class='ocrx_word' id='word_1_67' title='bbox 1037 1156 1345 1227; x_wconf 82' lang='lat' dir='ltr'><strong>cujusdam</strong></span> <span class='ocrx_word' id='word_1_68' title='bbox 1366 1156 1454 1209; x_wconf 87' lang='lat' dir='ltr'><strong>sui</strong></span> <span class='ocrx_word' id='word_1_69' title='bbox 1474 1155 1757 1210; x_wconf 87' lang='lat' dir='ltr'><strong>visionem</strong></span> <span class='ocrx_word' id='word_1_70' title='bbox 1777 1154 2097 1228; x_wconf 78' lang='lat' dir='ltr'><strong>presbyteri</strong></span> 
     </span>
    </p>
   </div>
   <div class='ocr_carea' id='block_1_11' title="bbox 444 1243 2096 1317">
    <p class='ocr_par' dir='ltr' id='par_1_11' title="bbox 444 1243 2096 1317">
     <span class='ocr_line' id='line_1_11' title="bbox 444 1243 2096 1317; baseline 0.001 -20"><span class='ocrx_word' id='word_1_71' title='bbox 444 1243 723 1315; x_wconf 73' lang='lat' dir='ltr'><strong>suscepit,</strong></span> <span class='ocrx_word' id='word_1_72' title='bbox 751 1243 951 1299; x_wconf 88' lang='lat' dir='ltr'><strong>dicens</strong></span> <span class='ocrx_word' id='word_1_73' title='bbox 976 1261 989 1298; x_wconf 87' lang='lat'>:</span> <span class='ocrx_word' id='word_1_74' title='bbox 1011 1246 1130 1317; x_wconf 87' lang='lat' dir='ltr'><strong>Age</strong></span> <span class='ocrx_word' id='word_1_75' title='bbox 1153 1244 1305 1316; x_wconf 88' lang='lat' dir='ltr'><strong>quod</strong></span> <span class='ocrx_word' id='word_1_76' title='bbox 1340 1244 1493 1316; x_wconf 81' lang='lat' dir='ltr'><strong>agis;</strong></span> <span class='ocrx_word' id='word_1_77' title='bbox 1526 1261 1764 1315; x_wconf 88' lang='lat' dir='ltr'><strong>operare</strong></span> <span class='ocrx_word' id='word_1_78' title='bbox 1786 1246 1941 1316; x_wconf 88' lang='lat' dir='ltr'><strong>quod</strong></span> <span class='ocrx_word' id='word_1_79' title='bbox 1963 1261 2096 1317; x_wconf 89' lang='lat' dir='ltr'><strong>ope-</strong></span> 
     </span>
    </p>
   </div>
   <div class='ocr_carea' id='block_1_12' title="bbox 446 1332 2094 1404">
    <p class='ocr_par' dir='ltr' id='par_1_12' title="bbox 446 1332 2094 1404">
     <span class='ocr_line' id='line_1_12' title="bbox 446 1332 2094 1404; baseline 0.001 -20"><span class='ocrx_word' id='word_1_80' title='bbox 446 1332 613 1386; x_wconf 88' lang='lat' dir='ltr'><strong>raris.</strong></span> <span class='ocrx_word' id='word_1_81' title='bbox 640 1332 764 1385; x_wconf 85' lang='lat' dir='ltr'><strong>Non</strong></span> <span class='ocrx_word' id='word_1_82' title='bbox 796 1335 983 1387; x_wconf 87' lang='lat' dir='ltr'><strong>cesset</strong></span> <span class='ocrx_word' id='word_1_83' title='bbox 1016 1349 1117 1404; x_wconf 89' lang='lat' dir='ltr'><strong>pes</strong></span> <span class='ocrx_word' id='word_1_84' title='bbox 1156 1339 1313 1401; x_wconf 87' lang='lat' dir='ltr'><strong>tuus,</strong></span> <span class='ocrx_word' id='word_1_85' title='bbox 1352 1351 1465 1388; x_wconf 88' lang='lat' dir='ltr'><strong>non</strong></span> <span class='ocrx_word' id='word_1_86' title='bbox 1508 1337 1693 1388; x_wconf 87' lang='lat' dir='ltr'><strong>cesset</strong></span> <span class='ocrx_word' id='word_1_87' title='bbox 1734 1350 1944 1388; x_wconf 85' lang='lat' dir='ltr'><strong>manus</strong></span> <span class='ocrx_word' id='word_1_88' title='bbox 1976 1338 2094 1388; x_wconf 84' lang='lat' dir='ltr'><strong>tua.</strong></span> 
     </span>
    </p>
   </div>
   <div class='ocr_carea' id='block_1_13' title="bbox 445 1419 2097 1491">
    <p class='ocr_par' dir='ltr' id='par_1_13' title="bbox 445 1419 2097 1491">
     <span class='ocr_line' id='line_1_13' title="bbox 445 1419 2097 1491; baseline 0.001 -18"><span class='ocrx_word' id='word_1_89' title='bbox 445 1419 633 1475; x_wconf 83' lang='lat' dir='ltr'><strong>Natali</strong></span> <span class='ocrx_word' id='word_1_90' title='bbox 670 1420 1065 1491; x_wconf 87' lang='lat' dir='ltr'><strong>apostolorum</strong></span> <span class='ocrx_word' id='word_1_91' title='bbox 1097 1423 1293 1477; x_wconf 89' lang='lat' dir='ltr'><strong>venies</strong></span> <span class='ocrx_word' id='word_1_92' title='bbox 1327 1423 1398 1477; x_wconf 88' lang='lat' dir='ltr'><strong>ad</strong></span> <span class='ocrx_word' id='word_1_93' title='bbox 1432 1439 1544 1487; x_wconf 86' lang='lat' dir='ltr'><strong>me,</strong></span> <span class='ocrx_word' id='word_1_94' title='bbox 1570 1428 1626 1477; x_wconf 82' lang='lat' dir='ltr'><strong>et</strong></span> <span class='ocrx_word' id='word_1_95' title='bbox 1650 1424 1968 1477; x_wconf 77' lang='lat' dir='ltr'><strong>retribuam</strong></span> <span class='ocrx_word' id='word_1_96' title='bbox 1997 1422 2097 1477; x_wconf 82' lang='lat' dir='ltr'><strong>tibi</strong></span> 
     </span>
    </p>
   </div>
   <div class='ocr_carea' id='block_1_14' title="bbox 446 1510 2100 1585">
    <p class='ocr_par' dir='ltr' id='par_1_14' title="bbox 446 1510 2100 1585">
     <span class='ocr_line' id='line_1_14' title="bbox 446 1510 2100 1585; baseline 0.001 -22"><span class='ocrx_word' id='word_1_97' title='bbox 446 1510 774 1564; x_wconf 84' lang='lat' dir='ltr'><strong>mercedem</strong></span> <span class='ocrx_word' id='word_1_98' title='bbox 807 1514 990 1565; x_wconf 90' lang='lat' dir='ltr'><strong>tuam.</strong></span> <span class='ocrx_word' id='word_1_99' title='bbox 1018 1512 1123 1577; x_wconf 89' lang='lat' dir='ltr'><strong>Qui</strong></span> <span class='ocrx_word' id='word_1_100' title='bbox 1159 1517 1289 1582; x_wconf 77' lang='lat' dir='ltr'><strong>post.</strong></span> <span class='ocrx_word' id='word_1_101' title='bbox 1317 1529 1501 1566; x_wconf 87' lang='lat' dir='ltr'><strong>annos</strong></span> <span class='ocrx_word' id='word_1_102' title='bbox 1536 1518 1756 1584; x_wconf 84' lang='lat' dir='ltr'><strong>septem</strong></span> <span class='ocrx_word' id='word_1_103' title='bbox 1792 1512 1918 1585; x_wconf 87' lang='lat' dir='ltr'><strong>ipso</strong></span> <span class='ocrx_word' id='word_1_104' title='bbox 1942 1517 2100 1566; x_wconf 56' lang='lat' dir='ltr'><strong>nata.</strong></span> 
     </span>
    </p>
   </div>
   <div class='ocr_carea' id='block_1_15' title="bbox 446 1596 2103 1673">
    <p class='ocr_par' dir='ltr' id='par_1_15' title="bbox 446 1596 2103 1673">
     <span class='ocr_line' id='line_1_15' title="bbox 446 1596 2103 1673; baseline 0.002 -23"><span class='ocrx_word' id='word_1_105' title='bbox 446 1596 572 1651; x_wconf 90' lang='lat' dir='ltr'><strong>litio</strong></span> <span class='ocrx_word' id='word_1_106' title='bbox 605 1597 1004 1670; x_wconf 76' lang='lat' dir='ltr'><strong>apostolorum</strong></span> <span class='ocrx_word' id='word_1_107' title='bbox 1029 1600 1122 1656; x_wconf 89' lang='lat' dir='ltr'><strong>die</strong></span> <span class='ocrx_word' id='word_1_108' title='bbox 1144 1616 1280 1655; x_wconf 88' lang='lat' dir='ltr'><strong>cum</strong></span> <span class='ocrx_word' id='word_1_109' title='bbox 1316 1600 1635 1657; x_wconf 87' lang='lat' dir='ltr'><strong>missarum</strong></span> <span class='ocrx_word' id='word_1_110' title='bbox 1662 1600 1947 1657; x_wconf 83' lang='lat' dir='ltr'><strong>solemnia</strong></span> <span class='ocrx_word' id='word_1_111' title='bbox 1980 1616 2103 1673; x_wconf 88' lang='lat' dir='ltr'><strong>per-</strong></span> 
     </span>
    </p>
   </div>
   <div class='ocr_carea' id='block_1_16' title="bbox 445 1687 2098 1763">
    <p class='ocr_par' dir='ltr' id='par_1_16' title="bbox 445 1687 2098 1763">
     <span class='ocr_line' id='line_1_16' title="bbox 445 1687 2098 1763; baseline 0.003 -24"><span class='ocrx_word' id='word_1_112' title='bbox 445 1687 681 1758; x_wconf 78' lang='lat' dir='ltr'><strong>egisset,</strong></span> <span class='ocrx_word' id='word_1_113' title='bbox 715 1694 767 1742; x_wconf 90' lang='lat' dir='ltr'><strong>et</strong></span> <span class='ocrx_word' id='word_1_114' title='bbox 806 1687 1084 1759; x_wconf 79' lang='lat' dir='ltr'><strong>mysteria</strong></span> <span class='ocrx_word' id='word_1_115' title='bbox 1106 1705 1280 1743; x_wconf 69' lang='lat' dir='ltr'><strong>sacra:</strong></span> <span class='ocrx_word' id='word_1_116' title='bbox 1304 1691 1736 1746; x_wconf 83' lang='lat' dir='ltr'><strong>communionis</strong></span> <span class='ocrx_word' id='word_1_117' title='bbox 1760 1691 2098 1763; x_wconf 75' lang='lat' dir='ltr'><strong>accepisset,</strong></span> 
     </span>
    </p>
   </div>
   <div class='ocr_carea' id='block_1_17' title="bbox 447 1775 974 1848">
    <p class='ocr_par' dir='ltr' id='par_1_17' title="bbox 447 1775 974 1848">
     <span class='ocr_line' id='line_1_17' title="bbox 447 1775 974 1848; baseline 0.006 -21"><span class='ocrx_word' id='word_1_118' title='bbox 447 1789 478 1827; x_wconf 89' lang='lat' dir='ltr'><strong>e</strong></span> <span class='ocrx_word' id='word_1_119' title='bbox 511 1791 748 1848; x_wconf 88' lang='lat' dir='ltr'><strong>corpore</strong></span> <span class='ocrx_word' id='word_1_120' title='bbox 780 1775 974 1830; x_wconf 77' lang='lat' dir='ltr'><strong>exivit.</strong></span> 
     </span>
    </p>
   </div>
   <div class='ocr_carea' id='block_1_18' title="bbox 2810 608 3257 679">
    <p class='ocr_par' dir='ltr' id='par_1_18' title="bbox 2810 608 3257 679">
     <span class='ocr_line' id='line_1_18' title="bbox 2810 608 3257 679; baseline 0 -17"><span class='ocrx_word' id='word_1_121' title='bbox 2810 608 3039 662; x_wconf 77' lang='lat' dir='ltr'><strong>mortuis</strong></span> <span class='ocrx_word' id='word_1_122' title='bbox 3070 609 3257 679; x_wconf 87' lang='lat' dir='ltr'><strong>prosit.</strong></span> 
     </span>
    </p>
   </div>
   <div class='ocr_carea' id='block_1_19' title="bbox 2278 694 3837 767">
    <p class='ocr_par' dir='ltr' id='par_1_19' title="bbox 2278 694 3837 767">
     <span class='ocr_line' id='line_1_19' title="bbox 2278 694 3837 767; baseline 0.001 -19"><span class='ocrx_word' id='word_1_123' title='bbox 2278 694 2391 749; x_wconf 84' lang='lat' dir='ltr'><strong>Sed</strong></span> <span class='ocrx_word' id='word_1_124' title='bbox 2419 696 2723 750; x_wconf 85' lang='lat' dir='ltr'><strong>sciendum</strong></span> <span class='ocrx_word' id='word_1_125' title='bbox 2747 700 2836 751; x_wconf 86' lang='lat' dir='ltr'><strong>est</strong></span> <span class='ocrx_word' id='word_1_126' title='bbox 2857 696 2995 767; x_wconf 89' lang='lat' dir='ltr'><strong>quia</strong></span> <span class='ocrx_word' id='word_1_127' title='bbox 3026 695 3143 751; x_wconf 90' lang='lat' dir='ltr'><strong>illis</strong></span> <span class='ocrx_word' id='word_1_128' title='bbox 3173 695 3413 751; x_wconf 89' lang='lat' dir='ltr'><strong>victima</strong></span> <span class='ocrx_word' id='word_1_129' title='bbox 3442 695 3703 752; x_wconf 83' lang='lat' dir='ltr'><strong>mortuis</strong></span> <span class='ocrx_word' id='word_1_130' title='bbox 3734 712 3837 767; x_wconf 88' lang='lat' dir='ltr'><strong>pro-</strong></span> 
     </span>
    </p>
   </div>
   <div class='ocr_carea' id='block_1_20' title="bbox 2206 782 3839 855">
    <p class='ocr_par' dir='ltr' id='par_1_20' title="bbox 2206 782 3839 855">
     <span class='ocr_line' id='line_1_20' title="bbox 2206 782 3839 855; baseline 0.001 -19"><span class='ocrx_word' id='word_1_131' title='bbox 2206 782 2357 847; x_wconf 82' lang='lat' dir='ltr'><strong>dest,</strong></span> <span class='ocrx_word' id='word_1_132' title='bbox 2391 784 2487 855; x_wconf 89' lang='lat' dir='ltr'><strong>qui</strong></span> <span class='ocrx_word' id='word_1_133' title='bbox 2515 784 2607 837; x_wconf 85' lang='lat' dir='ltr'><strong>hic</strong></span> <span class='ocrx_word' id='word_1_134' title='bbox 2630 784 3012 838; x_wconf 80' lang='lat' dir='ltr'><strong>obtinuerunt</strong></span> <span class='ocrx_word' id='word_1_135' title='bbox 3031 784 3292 849; x_wconf 89' lang='lat' dir='ltr'><strong>vivendo,</strong></span> <span class='ocrx_word' id='word_1_136' title='bbox 3323 789 3385 839; x_wconf 88' lang='lat' dir='ltr'><strong>ut</strong></span> <span class='ocrx_word' id='word_1_137' title='bbox 3405 801 3504 839; x_wconf 83' lang='lat' dir='ltr'><strong>eos</strong></span> <span class='ocrx_word' id='word_1_138' title='bbox 3528 785 3708 839; x_wconf 84' lang='lat' dir='ltr'><strong>etiam</strong></span> <span class='ocrx_word' id='word_1_139' title='bbox 3739 796 3839 855; x_wconf 70' lang='lat' dir='ltr'><strong>post</strong></span> 
     </span>
    </p>
   </div>
   <div class='ocr_carea' id='block_1_21' title="bbox 2208 872 3838 944">
    <p class='ocr_par' dir='ltr' id='par_1_21' title="bbox 2208 872 3838 944">
     <span class='ocr_line' id='line_1_21' title="bbox 2208 872 3838 944; baseline 0.002 -20"><span class='ocrx_word' id='word_1_140' title='bbox 2208 878 2452 925; x_wconf 85' lang='lat' dir='ltr'><strong>mortem</strong></span> <span class='ocrx_word' id='word_1_141' title='bbox 2490 873 2641 926; x_wconf 88' lang='lat' dir='ltr'><strong>bona</strong></span> <span class='ocrx_word' id='word_1_142' title='bbox 2672 873 2967 939; x_wconf 83' lang='lat' dir='ltr'><strong>adjuvent,</strong></span> <span class='ocrx_word' id='word_1_143' title='bbox 3003 890 3128 943; x_wconf 63' lang='lat' dir='ltr'><strong>quae</strong></span> <span class='ocrx_word' id='word_1_144' title='bbox 3160 872 3256 927; x_wconf 88' lang='lat' dir='ltr'><strong>hic</strong></span> <span class='ocrx_word' id='word_1_145' title='bbox 3303 890 3404 944; x_wconf 90' lang='lat' dir='ltr'><strong>pro</strong></span> <span class='ocrx_word' id='word_1_146' title='bbox 3448 873 3596 943; x_wconf 57' lang='lat' dir='ltr'><strong>ipsis</strong></span> <span class='ocrx_word' id='word_1_147' title='bbox 3632 876 3703 927; x_wconf 80' lang='lat' dir='ltr'><strong>ab</strong></span> <span class='ocrx_word' id='word_1_148' title='bbox 3736 873 3838 927; x_wconf 64' lang='lat' dir='ltr'><strong>aliis</strong></span> 
     </span>
    </p>
   </div>
   <div class='ocr_carea' id='block_1_22' title="bbox 2206 960 3839 1032">
    <p class='ocr_par' dir='ltr' id='par_1_22' title="bbox 2206 960 3839 1032">
     <span class='ocr_line' id='line_1_22' title="bbox 2206 960 3839 1032; baseline 0.002 -19"><span class='ocrx_word' id='word_1_149' title='bbox 2206 960 2376 1013; x_wconf 84' lang='lat' dir='ltr'><strong>ﬁunt.</strong></span> <span class='ocrx_word' id='word_1_150' title='bbox 2404 961 2560 1014; x_wconf 87' lang='lat' dir='ltr'><strong>Inter</strong></span> <span class='ocrx_word' id='word_1_151' title='bbox 2589 960 2706 1015; x_wconf 78' lang='lat' dir='ltr'><strong>haec</strong></span> <span class='ocrx_word' id='word_1_152' title='bbox 2743 967 2935 1015; x_wconf 80' lang='lat' dir='ltr'><strong>autem</strong></span> <span class='ocrx_word' id='word_1_153' title='bbox 2970 962 3336 1032; x_wconf 81' lang='lat' dir='ltr'><strong>pensandum</strong></span> <span class='ocrx_word' id='word_1_154' title='bbox 3361 970 3463 1020; x_wconf 85' lang='lat' dir='ltr'><strong>est.</strong></span> <span class='ocrx_word' id='word_1_155' title='bbox 3496 965 3649 1032; x_wconf 67' lang='lat' dir='ltr'><strong>quod</strong></span> <span class='ocrx_word' id='word_1_156' title='bbox 3691 964 3839 1016; x_wconf 78' lang='lat' dir='ltr'><strong>tutior</strong></span> 
     </span>
    </p>
   </div>
   <div class='ocr_carea' id='block_1_23' title="bbox 2203 1049 3838 1123">
    <p class='ocr_par' dir='ltr' id='par_1_23' title="bbox 2203 1049 3838 1123">
     <span class='ocr_line' id='line_1_23' title="bbox 2203 1049 3838 1123; baseline 0.002 -20"><span class='ocrx_word' id='word_1_157' title='bbox 2203 1049 2298 1104; x_wconf 86' lang='lat' dir='ltr'><strong>via</strong></span> <span class='ocrx_word' id='word_1_158' title='bbox 2327 1049 2424 1116; x_wconf 87' lang='lat' dir='ltr'><strong>sit,</strong></span> <span class='ocrx_word' id='word_1_159' title='bbox 2453 1053 2520 1104; x_wconf 88' lang='lat' dir='ltr'><strong>ut</strong></span> <span class='ocrx_word' id='word_1_160' title='bbox 2549 1049 2791 1116; x_wconf 90' lang='lat' dir='ltr'><strong>bonum,</strong></span> <span class='ocrx_word' id='word_1_161' title='bbox 2817 1050 2972 1122; x_wconf 89' lang='lat' dir='ltr'><strong>quod</strong></span> <span class='ocrx_word' id='word_1_162' title='bbox 2995 1050 3245 1123; x_wconf 88' lang='lat' dir='ltr'><strong>quisque</strong></span> <span class='ocrx_word' id='word_1_163' title='bbox 3267 1056 3397 1121; x_wconf 88' lang='lat' dir='ltr'><strong>post</strong></span> <span class='ocrx_word' id='word_1_164' title='bbox 3419 1056 3672 1106; x_wconf 87' lang='lat' dir='ltr'><strong>mortem</strong></span> <span class='ocrx_word' id='word_1_165' title='bbox 3698 1068 3838 1106; x_wconf 84' lang='lat' dir='ltr'><strong>suam</strong></span> 
     </span>
    </p>
   </div>
   <div class='ocr_carea' id='block_1_24' title="bbox 2207 1138 3837 1211">
    <p class='ocr_par' dir='ltr' id='par_1_24' title="bbox 2207 1138 3837 1211">
     <span class='ocr_line' id='line_1_24' title="bbox 2207 1138 3837 1211; baseline 0.002 -19"><span class='ocrx_word' id='word_1_166' title='bbox 2207 1142 2403 1209; x_wconf 85' lang='lat' dir='ltr'><strong>sperat</strong></span> <span class='ocrx_word' id='word_1_167' title='bbox 2432 1138 2525 1211; x_wconf 87' lang='lat' dir='ltr'><strong>agi</strong></span> <span class='ocrx_word' id='word_1_168' title='bbox 2559 1156 2662 1209; x_wconf 85' lang='lat' dir='ltr'><strong>per</strong></span> <span class='ocrx_word' id='word_1_169' title='bbox 2691 1139 2858 1205; x_wconf 88' lang='lat' dir='ltr'><strong>alios,</strong></span> <span class='ocrx_word' id='word_1_170' title='bbox 2883 1144 3018 1210; x_wconf 84' lang='lat' dir='ltr'><strong>agat</strong></span> <span class='ocrx_word' id='word_1_171' title='bbox 3064 1139 3211 1211; x_wconf 89' lang='lat' dir='ltr'><strong>ipse,</strong></span> <span class='ocrx_word' id='word_1_172' title='bbox 3258 1140 3399 1196; x_wconf 90' lang='lat' dir='ltr'><strong>dum</strong></span> <span class='ocrx_word' id='word_1_173' title='bbox 3446 1141 3611 1207; x_wconf 83' lang='lat' dir='ltr'><strong>vivit,</strong></span> <span class='ocrx_word' id='word_1_174' title='bbox 3650 1158 3752 1211; x_wconf 80' lang='lat' dir='ltr'><strong>per</strong></span> <span class='ocrx_word' id='word_1_175' title='bbox 3778 1158 3837 1197; x_wconf 86' lang='lat' dir='ltr'><strong>se.</strong></span> 
     </span>
    </p>
   </div>
   <div class='ocr_carea' id='block_1_25' title="bbox 2208 1226 3840 1301">
    <p class='ocr_par' dir='ltr' id='par_1_25' title="bbox 2208 1226 3840 1301">
     <span class='ocr_line' id='line_1_25' title="bbox 2208 1226 3840 1301; baseline 0.002 -21"><span class='ocrx_word' id='word_1_176' title='bbox 2208 1226 2443 1283; x_wconf 84' lang='lat' dir='ltr'><strong>Beatius</strong></span> <span class='ocrx_word' id='word_1_177' title='bbox 2465 1226 2678 1298; x_wconf 89' lang='lat' dir='ltr'><strong>quippe</strong></span> <span class='ocrx_word' id='word_1_178' title='bbox 2698 1231 2786 1283; x_wconf 84' lang='lat' dir='ltr'><strong>est</strong></span> <span class='ocrx_word' id='word_1_179' title='bbox 2815 1227 3065 1282; x_wconf 84' lang='lat' dir='ltr'><strong>liberum</strong></span> <span class='ocrx_word' id='word_1_180' title='bbox 3099 1228 3253 1284; x_wconf 76' lang='lat' dir='ltr'><strong>exire</strong></span> <span class='ocrx_word' id='word_1_181' title='bbox 3276 1246 3450 1301; x_wconf 90' lang='lat' dir='ltr'><strong>quam</strong></span> <span class='ocrx_word' id='word_1_182' title='bbox 3478 1235 3618 1301; x_wconf 88' lang='lat' dir='ltr'><strong>post</strong></span> <span class='ocrx_word' id='word_1_183' title='bbox 3636 1229 3840 1285; x_wconf 78' lang='lat' dir='ltr'><strong>vincula</strong></span> 
     </span>
    </p>
   </div>
   <div class='ocr_carea' id='block_1_26' title="bbox 2207 1313 3840 1389">
    <p class='ocr_par' dir='ltr' id='par_1_26' title="bbox 2207 1313 3840 1389">
     <span class='ocr_line' id='line_1_26' title="bbox 2207 1313 3840 1389; baseline 0.003 -21"><span class='ocrx_word' id='word_1_184' title='bbox 2207 1313 2535 1371; x_wconf 87' lang='lat' dir='ltr'><strong>libertatem</strong></span> <span class='ocrx_word' id='word_1_185' title='bbox 2559 1333 2832 1387; x_wconf 65' lang='lat' dir='ltr'><strong>qurercre.</strong></span> <span class='ocrx_word' id='word_1_186' title='bbox 2861 1317 3153 1371; x_wconf 83' lang='lat' dir='ltr'><strong>Debemus</strong></span> <span class='ocrx_word' id='word_1_187' title='bbox 3182 1316 3378 1389; x_wconf 84' lang='lat' dir='ltr'><strong>itaque</strong></span> <span class='ocrx_word' id='word_1_188' title='bbox 3408 1335 3674 1389; x_wconf 63' lang='lat' dir='ltr'><strong>praesens</strong></span> <span class='ocrx_word' id='word_1_189' title='bbox 3697 1336 3840 1373; x_wconf 58' lang='grc' dir='ltr'><strong>δίρρυ-</strong></span> 
     </span>
    </p>
   </div>
   <div class='ocr_carea' id='block_1_27' title="bbox 2210 1402 3839 1476">
    <p class='ocr_par' dir='ltr' id='par_1_27' title="bbox 2210 1402 3839 1476">
     <span class='ocr_line' id='line_1_27' title="bbox 2210 1402 3839 1476; baseline 0.002 -19"><span class='ocrx_word' id='word_1_190' title='bbox 2210 1403 2356 1467; x_wconf 85' lang='lat' dir='ltr'><strong>lum,</strong></span> <span class='ocrx_word' id='word_1_191' title='bbox 2388 1402 2473 1457; x_wconf 88' lang='lat' dir='ltr'><strong>vel</strong></span> <span class='ocrx_word' id='word_1_192' title='bbox 2536 1405 2675 1476; x_wconf 87' lang='lat' dir='ltr'><strong>quia</strong></span> <span class='ocrx_word' id='word_1_193' title='bbox 2725 1406 2848 1476; x_wconf 88' lang='lat' dir='ltr'><strong>jam</strong></span> <span class='ocrx_word' id='word_1_194' title='bbox 2912 1405 3310 1475; x_wconf 83' lang='lat' dir='ltr'><strong>conspicimus</strong></span> <span class='ocrx_word' id='word_1_195' title='bbox 3368 1406 3708 1475; x_wconf 84' lang='lat' dir='ltr'><strong>deﬂuxisse,</strong></span> <span class='ocrx_word' id='word_1_196' title='bbox 3747 1413 3839 1462; x_wconf 86' lang='lat' dir='ltr'><strong>tota</strong></span> 
     </span>
    </p>
   </div>
   <div class='ocr_carea' id='block_1_28' title="bbox 2212 1493 3839 1568">
    <p class='ocr_par' dir='ltr' id='par_1_28' title="bbox 2212 1493 3839 1568">
     <span class='ocr_line' id='line_1_28' title="bbox 2212 1493 3839 1568; baseline 0.004 -22"><span class='ocrx_word' id='word_1_197' title='bbox 2212 1497 2406 1548; x_wconf 81' lang='lat' dir='ltr'><strong>mente</strong></span> <span class='ocrx_word' id='word_1_198' title='bbox 2431 1497 2830 1559; x_wconf 84' lang='lat' dir='ltr'><strong>contemnere;</strong></span> <span class='ocrx_word' id='word_1_199' title='bbox 2859 1493 3201 1564; x_wconf 82' lang='lat' dir='ltr'><strong>quotidiana</strong></span> <span class='ocrx_word' id='word_1_200' title='bbox 3225 1494 3337 1550; x_wconf 87' lang='lat' dir='ltr'><strong>Deo</strong></span> <span class='ocrx_word' id='word_1_201' title='bbox 3362 1494 3754 1568; x_wconf 70' lang='lat' dir='ltr'><strong>lacrymarum</strong></span> <span class='ocrx_word' id='word_1_202' title='bbox 3778 1514 3839 1552; x_wconf 84' lang='lat' dir='ltr'><strong>sa-</strong></span> 
     </span>
    </p>
   </div>
   <div class='ocr_carea' id='block_1_29' title="bbox 2210 1579 3838 1656">
    <p class='ocr_par' dir='ltr' id='par_1_29' title="bbox 2210 1579 3838 1656">
     <span class='ocr_line' id='line_1_29' title="bbox 2210 1579 3838 1656; baseline 0.004 -23"><span class='ocrx_word' id='word_1_203' title='bbox 2210 1579 2830 1652; x_wconf 82' lang='lat' dir='ltr'><strong>criticia,quotidianas</strong></span> <span class='ocrx_word' id='word_1_204' title='bbox 2852 1582 3044 1637; x_wconf 82' lang='lat' dir='ltr'><strong>carnis</strong></span> <span class='ocrx_word' id='word_1_205' title='bbox 3074 1583 3203 1653; x_wconf 85' lang='lat' dir='ltr'><strong>ejus</strong></span> <span class='ocrx_word' id='word_1_206' title='bbox 3230 1590 3284 1637; x_wconf 85' lang='lat' dir='ltr'><strong>et</strong></span> <span class='ocrx_word' id='word_1_207' title='bbox 3306 1585 3621 1656; x_wconf 80' lang='lat' dir='ltr'><strong>sanguinis</strong></span> <span class='ocrx_word' id='word_1_208' title='bbox 3645 1585 3838 1641; x_wconf 87' lang='lat' dir='ltr'><strong>hostias</strong></span> 
     </span>
    </p>
   </div>
   <div class='ocr_carea' id='block_1_30' title="bbox 2212 1669 3839 1743">
    <p class='ocr_par' dir='ltr' id='par_1_30' title="bbox 2212 1669 3839 1743">
     <span class='ocr_line' id='line_1_30' title="bbox 2212 1669 3839 1743; baseline 0.004 -20"><span class='ocrx_word' id='word_1_209' title='bbox 2212 1669 2538 1725; x_wconf 87' lang='lat' dir='ltr'><strong>immolare.</strong></span> <span class='ocrx_word' id='word_1_210' title='bbox 2591 1673 2721 1726; x_wconf 69' lang='lat' dir='ltr'><strong>Hzec</strong></span> <span class='ocrx_word' id='word_1_211' title='bbox 2774 1687 3032 1742; x_wconf 87' lang='lat' dir='ltr'><strong>namque</strong></span> <span class='ocrx_word' id='word_1_212' title='bbox 3083 1672 3458 1743; x_wconf 83' lang='lat' dir='ltr'><strong>singulariter</strong></span> <span class='ocrx_word' id='word_1_213' title='bbox 3502 1674 3747 1731; x_wconf 83' lang='lat' dir='ltr'><strong>victima</strong></span> <span class='ocrx_word' id='word_1_214' title='bbox 3788 1676 3839 1729; x_wconf 87' lang='lat' dir='ltr'><strong>ab</strong></span> 
     </span>
    </p>
   </div>
   <div class='ocr_carea' id='block_1_31' title="bbox 2212 1759 3841 1833">
    <p class='ocr_par' dir='ltr' id='par_1_31' title="bbox 2212 1759 3841 1833">
     <span class='ocr_line' id='line_1_31' title="bbox 2212 1759 3841 1833; baseline 0.003 -19"><span class='ocrx_word' id='word_1_215' title='bbox 2212 1764 2427 1814; x_wconf 78' lang='lat' dir='ltr'><strong>aeterno</strong></span> <span class='ocrx_word' id='word_1_216' title='bbox 2460 1760 2699 1815; x_wconf 89' lang='lat' dir='ltr'><strong>interitu</strong></span> <span class='ocrx_word' id='word_1_217' title='bbox 2728 1760 2957 1815; x_wconf 87' lang='lat' dir='ltr'><strong>animas</strong></span> <span class='ocrx_word' id='word_1_218' title='bbox 2979 1759 3170 1829; x_wconf 86' lang='lat' dir='ltr'><strong>solvit,</strong></span> <span class='ocrx_word' id='word_1_219' title='bbox 3188 1778 3313 1833; x_wconf 75' lang='lat' dir='ltr'><strong>quae</strong></span> <span class='ocrx_word' id='word_1_220' title='bbox 3338 1762 3496 1818; x_wconf 85' lang='lat' dir='ltr'><strong>illam</strong></span> <span class='ocrx_word' id='word_1_221' title='bbox 3522 1764 3701 1819; x_wconf 86' lang='lat' dir='ltr'><strong>nobis</strong></span> <span class='ocrx_word' id='word_1_222' title='bbox 3724 1781 3841 1819; x_wconf 82' lang='lat' dir='ltr'><strong>mor-</strong></span> 
     </span>
    </p>
   </div>
   <div class='ocr_carea' id='block_1_32' title="bbox 2212 1847 3839 1924">
    <p class='ocr_par' dir='ltr' id='par_1_32' title="bbox 2212 1847 3839 1924">
     <span class='ocr_line' id='line_1_32' title="bbox 2212 1847 3839 1924; baseline 0.004 -23"><span class='ocrx_word' id='word_1_223' title='bbox 2212 1851 2333 1902; x_wconf 87' lang='lat' dir='ltr'><strong>tem</strong></span> <span class='ocrx_word' id='word_1_224' title='bbox 2392 1847 2687 1920; x_wconf 84' lang='lat' dir='ltr'><strong>Unigeniti</strong></span> <span class='ocrx_word' id='word_1_225' title='bbox 2746 1865 2850 1920; x_wconf 91' lang='lat' dir='ltr'><strong>per</strong></span> <span class='ocrx_word' id='word_1_226' title='bbox 2897 1850 3246 1922; x_wconf 76' lang='lat' dir='ltr'><strong>mysterium</strong></span> <span class='ocrx_word' id='word_1_227' title='bbox 3293 1857 3542 1924; x_wconf 87' lang='lat' dir='ltr'><strong>reparat.</strong></span> <span class='ocrx_word' id='word_1_228' title='bbox 3580 1854 3690 1919; x_wconf 88' lang='lat' dir='ltr'><strong>Qui</strong></span> <span class='ocrx_word' id='word_1_229' title='bbox 3738 1854 3839 1908; x_wconf 83' lang='lat' dir='ltr'><strong>licet</strong></span> 
     </span>
    </p>
   </div>
   <div class='ocr_carea' id='block_1_33' title="bbox 448 1899 3840 2007">
    <p class='ocr_par' dir='ltr' id='par_1_33' title="bbox 448 1899 3840 2007">
     <span class='ocr_line' id='line_1_33' title="bbox 653 1899 3839 1924; baseline 0.002 -11"><span class='ocrx_word' id='word_1_230' title='bbox 653 1901 664 1913; x_wconf 86' lang='lat'><strong>.</strong></span> <span class='ocrx_word' id='word_1_231' title='bbox 775 1901 788 1917; x_wconf 76' lang='lat'><strong>,</strong></span> <span class='ocrx_word' id='word_1_232' title='bbox 1627 1906 1634 1916; x_wconf 92' lang='lat'><strong>.</strong></span> <span class='ocrx_word' id='word_1_233' title='bbox 1722 1906 1729 1914; x_wconf 93' lang='lat'><strong>.</strong></span> <span class='ocrx_word' id='word_1_234' title='bbox 1812 1906 1821 1915; x_wconf 91' lang='lat'><strong>.</strong></span> <span class='ocrx_word' id='word_1_235' title='bbox 2060 1904 2068 1913; x_wconf 93' lang='lat'><strong>.</strong></span> <span class='ocrx_word' id='word_1_236' title='bbox 2746 1899 2839 1920; x_wconf 63' lang='grc' dir='ltr'><strong>ι-ν-</strong></span> <span class='ocrx_word' id='word_1_237' title='bbox 2900 1899 3246 1922; x_wconf 71' lang='lat'><strong>-—-.~-----—---</strong></span> <span class='ocrx_word' id='word_1_238' title='bbox 3293 1899 3542 1924; x_wconf 66' lang='grc' dir='ltr'><strong>ηιμ-ηπ-</strong></span> <span class='ocrx_word' id='word_1_239' title='bbox 3584 1899 3690 1919; x_wconf 68' lang='grc' dir='ltr'><strong>κ--ι</strong></span> 
     </span>
     <span class='ocr_line' id='line_1_34' title="bbox 448 1899 3840 2007; baseline 0.003 -19"><span class='ocrx_word' id='word_1_240' title='bbox 448 1902 580 1957; x_wconf 62' lang='lat' dir='ltr'><strong>CM&quot;</strong></span> <span class='ocrx_word' id='word_1_241' title='bbox 624 1899 811 1957; x_wconf 58' lang='grc' dir='ltr'>λωλ·</span> <span class='ocrx_word' id='word_1_242' title='bbox 1802 1905 2100 1960; x_wconf 52' lang='lat' dir='ltr'><em>mmmam</em></span> <span class='ocrx_word' id='word_1_243' title='bbox 2138 1902 2187 1968; x_wconf 80' lang='grc' dir='ltr'>Β</span> <span class='ocrx_word' id='word_1_244' title='bbox 2213 1953 2441 2007; x_wconf 77' lang='lat' dir='ltr'><strong>surgens</strong></span> <span class='ocrx_word' id='word_1_245' title='bbox 2469 1940 2753 1993; x_wconf 73' lang='lat' dir='ltr'><strong>emortuis</strong></span> <span class='ocrx_word' id='word_1_246' title='bbox 2772 1940 2893 2007; x_wconf 85' lang='lat' dir='ltr'><strong>jam</strong></span> <span class='ocrx_word' id='word_1_247' title='bbox 2927 1955 3035 1994; x_wconf 84' lang='lat' dir='ltr'><strong>non</strong></span> <span class='ocrx_word' id='word_1_248' title='bbox 3063 1943 3320 2007; x_wconf 83' lang='lat' dir='ltr'><strong>moritur,</strong></span> <span class='ocrx_word' id='word_1_249' title='bbox 3349 1949 3401 1998; x_wconf 84' lang='lat' dir='ltr'><strong>et</strong></span> <span class='ocrx_word' id='word_1_250' title='bbox 3426 1958 3580 1998; x_wconf 85' lang='lat' dir='ltr'><strong>mors</strong></span> <span class='ocrx_word' id='word_1_251' title='bbox 3627 1946 3682 1999; x_wconf 80' lang='lat' dir='ltr'><strong>ei</strong></span> <span class='ocrx_word' id='word_1_252' title='bbox 3726 1944 3840 1998; x_wconf 82' lang='lat' dir='ltr'><strong>ultra</strong></span> 
     </span>
    </p>
   </div>
   <div class='ocr_carea' id='block_1_34' title="bbox 839 1976 1717 2048">
    <p class='ocr_par' dir='ltr' id='par_1_34' title="bbox 839 1976 1717 2048">
     <span class='ocr_line' id='line_1_35' title="bbox 839 1976 1717 2048; baseline 0.005 -21"><span class='ocrx_word' id='word_1_253' title='bbox 839 1981 1179 2031; x_wconf 79' lang='lat' dir='ltr'><strong>mortuorum</strong></span> <span class='ocrx_word' id='word_1_254' title='bbox 1207 1976 1496 2047; x_wconf 75' lang='lat' dir='ltr'><strong>spiritibus</strong></span> <span class='ocrx_word' id='word_1_255' title='bbox 1523 1978 1717 2048; x_wconf 88' lang='lat' dir='ltr'><strong>prosit.</strong></span> 
     </span>
    </p>
   </div>
   <div class='ocr_carea' id='block_1_35' title="bbox 528 2061 2104 2137">
    <p class='ocr_par' dir='ltr' id='par_1_35' title="bbox 528 2061 2104 2137">
     <span class='ocr_line' id='line_1_36' title="bbox 528 2061 2104 2137; baseline 0.002 -23"><span class='ocrx_word' id='word_1_256' title='bbox 528 2064 598 2131; x_wconf 70' lang='lat'><strong>{8)</strong></span> <span class='ocrx_word' id='word_1_257' title='bbox 619 2061 729 2115; x_wconf 88' lang='lat' dir='ltr'><strong>Sed</strong></span> <span class='ocrx_word' id='word_1_258' title='bbox 757 2061 855 2132; x_wconf 86' lang='lat' dir='ltr'><strong>qui</strong></span> <span class='ocrx_word' id='word_1_259' title='bbox 887 2061 1105 2117; x_wconf 90' lang='lat' dir='ltr'><strong>mirum</strong></span> <span class='ocrx_word' id='word_1_260' title='bbox 1138 2062 1185 2118; x_wconf 91' lang='lat' dir='ltr'><strong>si</strong></span> <span class='ocrx_word' id='word_1_261' title='bbox 1219 2063 1461 2119; x_wconf 84' lang='lat' dir='ltr'><strong>humani</strong></span> <span class='ocrx_word' id='word_1_262' title='bbox 1509 2063 1738 2137; x_wconf 86' lang='lat' dir='ltr'><strong>generis</strong></span> <span class='ocrx_word' id='word_1_263' title='bbox 1764 2080 1967 2118; x_wconf 87' lang='lat' dir='ltr'><strong>verum</strong></span> <span class='ocrx_word' id='word_1_264' title='bbox 1994 2062 2104 2119; x_wconf 90' lang='lat' dir='ltr'><strong>hoc</strong></span> 
     </span>
    </p>
   </div>
   <div class='ocr_carea' id='block_1_36' title="bbox 454 2147 2106 2223">
    <p class='ocr_par' dir='ltr' id='par_1_36' title="bbox 454 2147 2106 2223">
     <span class='ocr_line' id='line_1_37' title="bbox 454 2147 2106 2223; baseline 0.002 -21"><span class='ocrx_word' id='word_1_265' title='bbox 454 2153 511 2202; x_wconf 88' lang='lat' dir='ltr'><strong>et</strong></span> <span class='ocrx_word' id='word_1_266' title='bbox 543 2147 840 2220; x_wconf 85' lang='lat' dir='ltr'><strong>singulare</strong></span> <span class='ocrx_word' id='word_1_267' title='bbox 864 2149 1199 2219; x_wconf 69' lang='lat' dir='ltr'><strong>praesidium</strong></span> <span class='ocrx_word' id='word_1_268' title='bbox 1226 2150 1283 2205; x_wconf 92' lang='lat' dir='ltr'><strong>in</strong></span> <span class='ocrx_word' id='word_1_269' title='bbox 1311 2166 1547 2223; x_wconf 87' lang='lat' dir='ltr'><strong>corpore</strong></span> <span class='ocrx_word' id='word_1_270' title='bbox 1570 2152 1948 2208; x_wconf 87' lang='lat' dir='ltr'><strong>manentibus</strong></span> <span class='ocrx_word' id='word_1_271' title='bbox 1970 2151 2106 2206; x_wconf 79' lang='lat' dir='ltr'><strong>fide-</strong></span> 
     </span>
    </p>
   </div>
   <div class='ocr_carea' id='block_1_37' title="bbox 454 2236 2104 2313">
    <p class='ocr_par' dir='ltr' id='par_1_37' title="bbox 454 2236 2104 2313">
     <span class='ocr_line' id='line_1_38' title="bbox 454 2236 2104 2313; baseline 0.003 -22"><span class='ocrx_word' id='word_1_272' title='bbox 454 2236 610 2292; x_wconf 88' lang='lat' dir='ltr'><strong>libus</strong></span> <span class='ocrx_word' id='word_1_273' title='bbox 655 2242 711 2291; x_wconf 89' lang='lat' dir='ltr'><strong>ct</strong></span> <span class='ocrx_word' id='word_1_274' title='bbox 755 2237 871 2291; x_wconf 91' lang='lat' dir='ltr'><strong>Deo</strong></span> <span class='ocrx_word' id='word_1_275' title='bbox 902 2236 1095 2293; x_wconf 88' lang='lat' dir='ltr'><strong>charis</strong></span> <span class='ocrx_word' id='word_1_276' title='bbox 1144 2239 1215 2293; x_wconf 88' lang='lat' dir='ltr'><strong>ad</strong></span> <span class='ocrx_word' id='word_1_277' title='bbox 1262 2245 1608 2309; x_wconf 67' lang='lat' dir='ltr'><strong>prcesentem</strong></span> <span class='ocrx_word' id='word_1_278' title='bbox 1659 2244 1715 2296; x_wconf 88' lang='lat' dir='ltr'><strong>et</strong></span> <span class='ocrx_word' id='word_1_279' title='bbox 1764 2245 2104 2313; x_wconf 87' lang='lat' dir='ltr'><strong>perpetuam</strong></span> 
     </span>
    </p>
   </div>
   <div class='ocr_carea' id='block_1_38' title="bbox 456 2324 2109 2400">
    <p class='ocr_par' dir='ltr' id='par_1_38' title="bbox 456 2324 2109 2400">
     <span class='ocr_line' id='line_1_39' title="bbox 456 2324 2109 2400; baseline 0.002 -19"><span class='ocrx_word' id='word_1_280' title='bbox 456 2324 779 2398; x_wconf 85' lang='lat' dir='ltr'><strong>opitulatur</strong></span> <span class='ocrx_word' id='word_1_281' title='bbox 802 2325 1073 2393; x_wconf 83' lang='lat' dir='ltr'><strong>salutem,</strong></span> <span class='ocrx_word' id='word_1_282' title='bbox 1097 2327 1331 2398; x_wconf 83' lang='lat' dir='ltr'><strong>quando</strong></span> <span class='ocrx_word' id='word_1_283' title='bbox 1354 2328 1499 2383; x_wconf 90' lang='lat' dir='ltr'><strong>illud</strong></span> <span class='ocrx_word' id='word_1_284' title='bbox 1523 2328 1630 2400; x_wconf 87' lang='lat' dir='ltr'><strong>ipsi</strong></span> <span class='ocrx_word' id='word_1_285' title='bbox 1657 2329 1830 2384; x_wconf 89' lang='lat' dir='ltr'><strong>etiam</strong></span> <span class='ocrx_word' id='word_1_286' title='bbox 1857 2333 2109 2385; x_wconf 87' lang='lat' dir='ltr'><strong>mortuo-</strong></span> 
     </span>
    </p>
   </div>
   <div class='ocr_carea' id='block_1_39' title="bbox 458 2414 2110 2491">
    <p class='ocr_par' dir='ltr' id='par_1_39' title="bbox 458 2414 2110 2491">
     <span class='ocr_line' id='line_1_40' title="bbox 458 2414 2110 2491; baseline 0.002 -22"><span class='ocrx_word' id='word_1_287' title='bbox 458 2430 587 2469; x_wconf 89' lang='lat' dir='ltr'><strong>rum</strong></span> <span class='ocrx_word' id='word_1_288' title='bbox 623 2414 866 2487; x_wconf 88' lang='lat' dir='ltr'><strong>spiritus</strong></span> <span class='ocrx_word' id='word_1_289' title='bbox 898 2433 929 2468; x_wconf 90' lang='lat' dir='ltr'><strong>a</strong></span> <span class='ocrx_word' id='word_1_290' title='bbox 958 2414 1287 2471; x_wconf 83' lang='lat' dir='ltr'><strong>viventibus</strong></span> <span class='ocrx_word' id='word_1_291' title='bbox 1318 2422 1546 2488; x_wconf 85' lang='lat' dir='ltr'><strong>petunt,</strong></span> <span class='ocrx_word' id='word_1_292' title='bbox 1569 2421 1625 2472; x_wconf 85' lang='lat' dir='ltr'><strong>et</strong></span> <span class='ocrx_word' id='word_1_293' title='bbox 1656 2418 1824 2491; x_wconf 83' lang='lat' dir='ltr'><strong>signa</strong></span> <span class='ocrx_word' id='word_1_294' title='bbox 1848 2418 2110 2474; x_wconf 87' lang='lat' dir='ltr'><strong>indicant</strong></span> 
     </span>
    </p>
   </div>
   <div class='ocr_carea' id='block_1_40' title="bbox 462 2503 2111 2575">
    <p class='ocr_par' dir='ltr' id='par_1_40' title="bbox 462 2503 2111 2575">
     <span class='ocr_line' id='line_1_41' title="bbox 462 2503 2111 2575; baseline 0.004 -19"><span class='ocrx_word' id='word_1_295' title='bbox 462 2505 677 2575; x_wconf 88' lang='lat' dir='ltr'><strong>quibus</strong></span> <span class='ocrx_word' id='word_1_296' title='bbox 712 2521 812 2575; x_wconf 86' lang='lat' dir='ltr'><strong>per</strong></span> <span class='ocrx_word' id='word_1_297' title='bbox 842 2504 948 2559; x_wconf 87' lang='lat' dir='ltr'><strong>hoc</strong></span> <span class='ocrx_word' id='word_1_298' title='bbox 982 2503 1233 2560; x_wconf 82' lang='lat' dir='ltr'><strong>absoluti</strong></span> <span class='ocrx_word' id='word_1_299' title='bbox 1284 2522 1412 2561; x_wconf 90' lang='lat' dir='ltr'><strong>esse</strong></span> <span class='ocrx_word' id='word_1_300' title='bbox 1460 2506 1807 2562; x_wconf 83' lang='lat' dir='ltr'><strong>videantur?</strong></span> <span class='ocrx_word' id='word_1_301' title='bbox 1837 2508 2111 2564; x_wconf 84' lang='lat' dir='ltr'><strong>Testatur</strong></span> 
     </span>
    </p>
   </div>
   <div class='ocr_carea' id='block_1_41' title="bbox 460 2593 2106 2670">
    <p class='ocr_par' dir='ltr' id='par_1_41' title="bbox 460 2593 2106 2670">
     <span class='ocr_line' id='line_1_42' title="bbox 460 2593 2106 2670; baseline 0.003 -24"><span class='ocrx_word' id='word_1_302' title='bbox 460 2593 753 2664; x_wconf 86' lang='lat' dir='ltr'><strong>siquidem</strong></span> <span class='ocrx_word' id='word_1_303' title='bbox 777 2610 928 2666; x_wconf 62' lang='lat' dir='ltr'><strong>saepe</strong></span> <span class='ocrx_word' id='word_1_304' title='bbox 951 2593 1142 2649; x_wconf 89' lang='lat' dir='ltr'><strong>dictus</strong></span> <span class='ocrx_word' id='word_1_305' title='bbox 1165 2595 1577 2650; x_wconf 80' lang='lat' dir='ltr'><strong>sanctissimus</strong></span> <span class='ocrx_word' id='word_1_306' title='bbox 1600 2612 1751 2668; x_wconf 88' lang='lat' dir='ltr'><strong>papa</strong></span> <span class='ocrx_word' id='word_1_307' title='bbox 1771 2597 2106 2670; x_wconf 83' lang='lat' dir='ltr'><strong>Gregorius,</strong></span> 
     </span>
    </p>
   </div>
   <div class='ocr_carea' id='block_1_42' title="bbox 460 2682 2107 2756">
    <p class='ocr_par' dir='ltr' id='par_1_42' title="bbox 460 2682 2107 2756">
     <span class='ocr_line' id='line_1_43' title="bbox 460 2682 2107 2756; baseline 0.004 -21"><span class='ocrx_word' id='word_1_308' title='bbox 460 2699 566 2736; x_wconf 87' lang='lat' dir='ltr'><strong>suo</strong></span> <span class='ocrx_word' id='word_1_309' title='bbox 599 2686 855 2755; x_wconf 88' lang='lat' dir='ltr'><strong>tempore</strong></span> <span class='ocrx_word' id='word_1_310' title='bbox 897 2682 1078 2739; x_wconf 90' lang='lat' dir='ltr'><strong>fuisse</strong></span> <span class='ocrx_word' id='word_1_311' title='bbox 1111 2683 1425 2756; x_wconf 89' lang='lat' dir='ltr'><strong>quemdam</strong></span> <span class='ocrx_word' id='word_1_312' title='bbox 1468 2690 1679 2740; x_wconf 78' lang='lat' dir='ltr'><strong>sancta:</strong></span> <span class='ocrx_word' id='word_1_313' title='bbox 1721 2685 2107 2741; x_wconf 83' lang='lat' dir='ltr'><strong>conversatio-</strong></span> 
     </span>
    </p>
   </div>
   <div class='ocr_carea' id='block_1_43' title="bbox 460 2771 2109 2837">
    <p class='ocr_par' dir='ltr' id='par_1_43' title="bbox 460 2771 2109 2837">
     <span class='ocr_line' id='line_1_44' title="bbox 460 2771 2109 2837; baseline 0.003 -12"><span class='ocrx_word' id='word_1_314' title='bbox 460 2771 551 2825; x_wconf 86' lang='lat' dir='ltr'><strong>nis</strong></span> <span class='ocrx_word' id='word_1_315' title='bbox 610 2773 993 2837; x_wconf 85' lang='lat' dir='ltr'><strong>sacerdotem,</strong></span> <span class='ocrx_word' id='word_1_316' title='bbox 1044 2771 1138 2827; x_wconf 91' lang='lat' dir='ltr'><strong>cui</strong></span> <span class='ocrx_word' id='word_1_317' title='bbox 1208 2775 1567 2829; x_wconf 88' lang='lat' dir='ltr'><strong>consuetudo</strong></span> <span class='ocrx_word' id='word_1_318' title='bbox 1629 2775 1811 2830; x_wconf 81' lang='lat' dir='ltr'><strong>fuerat</strong></span> <span class='ocrx_word' id='word_1_319' title='bbox 1868 2774 1925 2829; x_wconf 89' lang='lat' dir='ltr'><strong>in</strong></span> <span class='ocrx_word' id='word_1_320' title='bbox 1986 2774 2109 2830; x_wconf 91' lang='lat' dir='ltr'><strong>loco</strong></span> 
     </span>
    </p>
   </div>
   <div class='ocr_carea' id='block_1_44' title="bbox 464 2860 2106 2935">
    <p class='ocr_par' dir='ltr' id='par_1_44' title="bbox 464 2860 2106 2935">
     <span class='ocr_line' id='line_1_45' title="bbox 464 2860 2106 2935; baseline 0.002 -23"><span class='ocrx_word' id='word_1_321' title='bbox 464 2861 519 2913; x_wconf 86' lang='lat' dir='ltr'><strong>in</strong></span> <span class='ocrx_word' id='word_1_322' title='bbox 579 2877 693 2932; x_wconf 86' lang='lat' dir='ltr'><strong>quo</strong></span> <span class='ocrx_word' id='word_1_323' title='bbox 766 2878 930 2934; x_wconf 62' lang='lat' dir='ltr'><strong>aqua:</strong></span> <span class='ocrx_word' id='word_1_324' title='bbox 990 2860 1190 2916; x_wconf 64' lang='lat' dir='ltr'><strong>calidae</strong></span> <span class='ocrx_word' id='word_1_325' title='bbox 1262 2878 1505 2935; x_wconf 87' lang='lat' dir='ltr'><strong>vapores</strong></span> <span class='ocrx_word' id='word_1_326' title='bbox 1578 2863 1793 2918; x_wconf 89' lang='lat' dir='ltr'><strong>nimios</strong></span> <span class='ocrx_word' id='word_1_327' title='bbox 1866 2863 2106 2931; x_wconf 88' lang='lat' dir='ltr'><strong>faciunt,</strong></span> 
     </span>
    </p>
   </div>
   <div class='ocr_carea' id='block_1_45' title="bbox 459 2949 2108 3022">
    <p class='ocr_par' dir='ltr' id='par_1_45' title="bbox 459 2949 2108 3022">
     <span class='ocr_line' id='line_1_46' title="bbox 459 2949 2108 3022; baseline 0.002 -19"><span class='ocrx_word' id='word_1_328' title='bbox 459 2950 685 3021; x_wconf 84' lang='lat' dir='ltr'><strong>quoties</strong></span> <span class='ocrx_word' id='word_1_329' title='bbox 747 2949 1065 3006; x_wconf 85' lang='lat' dir='ltr'><strong>necessitas</strong></span> <span class='ocrx_word' id='word_1_330' title='bbox 1114 2949 1468 3022; x_wconf 81' lang='lat' dir='ltr'><strong>postulabat,</strong></span> <span class='ocrx_word' id='word_1_331' title='bbox 1522 2951 1749 3007; x_wconf 82' lang='lat' dir='ltr'><strong>lavandi</strong></span> <span class='ocrx_word' id='word_1_332' title='bbox 1801 2968 1975 3007; x_wconf 88' lang='lat' dir='ltr'><strong>causa</strong></span> <span class='ocrx_word' id='word_1_333' title='bbox 2014 2969 2108 3006; x_wconf 86' lang='lat' dir='ltr'><strong>vc-</strong></span> 
     </span>
    </p>
   </div>
   <div class='ocr_carea' id='block_1_46' title="bbox 457 3039 745 3108">
    <p class='ocr_par' dir='ltr' id='par_1_46' title="bbox 457 3039 745 3108">
     <span class='ocr_line' id='line_1_47' title="bbox 457 3039 745 3108; baseline -0.003 -17"><span class='ocrx_word' id='word_1_334' title='bbox 457 3039 603 3108; x_wconf 88' lang='lat' dir='ltr'><strong>nire,</strong></span> <span class='ocrx_word' id='word_1_335' title='bbox 637 3042 745 3092; x_wconf 85' lang='lat' dir='ltr'><strong>etc.</strong></span> 
     </span>
    </p>
   </div>
   <div class='ocr_carea' id='block_1_47' title="bbox 513 3159 2056 3233">
    <p class='ocr_par' dir='ltr' id='par_1_47' title="bbox 513 3159 2056 3233">
     <span class='ocr_line' id='line_1_48' title="bbox 513 3159 2056 3233; baseline 0.001 -18"><span class='ocrx_word' id='word_1_336' title='bbox 513 3162 643 3216; x_wconf 79' lang='lat' dir='ltr'><strong>CAP.</strong></span> <span class='ocrx_word' id='word_1_337' title='bbox 682 3161 744 3215; x_wconf 92' lang='lat' dir='ltr'><strong>L.</strong></span> <span class='ocrx_word' id='word_1_338' title='bbox 770 3191 835 3201; x_wconf 88' lang='lat'><strong>——</strong></span> <span class='ocrx_word' id='word_1_339' title='bbox 862 3162 936 3233; x_wconf 76' lang='lat' dir='ltr'><strong>De</strong></span> <span class='ocrx_word' id='word_1_340' title='bbox 965 3159 1196 3233; x_wconf 81' lang='lat' dir='ltr'><strong>quodam</strong></span> <span class='ocrx_word' id='word_1_341' title='bbox 1223 3161 1484 3233; x_wconf 78' lang='lat' dir='ltr'><strong>monacho</strong></span> <span class='ocrx_word' id='word_1_342' title='bbox 1515 3165 1612 3233; x_wconf 87' lang='lat' dir='ltr'><strong>qui</strong></span> <span class='ocrx_word' id='word_1_343' title='bbox 1634 3178 1733 3232; x_wconf 84' lang='lat' dir='ltr'><strong>per</strong></span> <span class='ocrx_word' id='word_1_344' title='bbox 1759 3161 2056 3218; x_wconf 79' lang='lat' dir='ltr'><strong>salutarem</strong></span> 
     </span>
    </p>
   </div>
   <div class='ocr_carea' id='block_1_48' title="bbox 878 3231 1683 3303">
    <p class='ocr_par' dir='ltr' id='par_1_48' title="bbox 878 3231 1683 3303">
     <span class='ocr_line' id='line_1_49' title="bbox 878 3231 1683 3303; baseline 0.005 -20"><span class='ocrx_word' id='word_1_345' title='bbox 878 3231 1108 3286; x_wconf 73' lang='lat' dir='ltr'><strong>hostium</strong></span> <span class='ocrx_word' id='word_1_346' title='bbox 1136 3232 1470 3303; x_wconf 77' lang='lat' dir='ltr'><strong>supplicium</strong></span> <span class='ocrx_word' id='word_1_347' title='bbox 1498 3231 1683 3288; x_wconf 63' lang='lat' dir='ltr'><strong>erasit.</strong></span> 
     </span>
    </p>
   </div>
   <div class='ocr_carea' id='block_1_49' title="bbox 532 3319 2105 3391">
    <p class='ocr_par' dir='ltr' id='par_1_49' title="bbox 532 3319 2105 3391">
     <span class='ocr_line' id='line_1_50' title="bbox 532 3319 2105 3391; baseline 0.001 -15"><span class='ocrx_word' id='word_1_348' title='bbox 532 3320 643 3376; x_wconf 84' lang='lat' dir='ltr'><strong>Sed</strong></span> <span class='ocrx_word' id='word_1_349' title='bbox 676 3320 813 3391; x_wconf 88' lang='lat' dir='ltr'><strong>quia</strong></span> <span class='ocrx_word' id='word_1_350' title='bbox 845 3320 915 3375; x_wconf 89' lang='lat' dir='ltr'><strong>ad</strong></span> <span class='ocrx_word' id='word_1_351' title='bbox 948 3319 1478 3375; x_wconf 84' lang='lat' dir='ltr'><strong>commendandam</strong></span> <span class='ocrx_word' id='word_1_352' title='bbox 1511 3320 1784 3376; x_wconf 89' lang='lat' dir='ltr'><strong>virtutem</strong></span> <span class='ocrx_word' id='word_1_353' title='bbox 1817 3320 2105 3378; x_wconf 89' lang='lat' dir='ltr'><strong>Dominici</strong></span> 
     </span>
    </p>
   </div>
   <div class='ocr_carea' id='block_1_50' title="bbox 463 3407 2109 3483">
    <p class='ocr_par' dir='ltr' id='par_1_50' title="bbox 463 3407 2109 3483">
     <span class='ocr_line' id='line_1_51' title="bbox 463 3407 2109 3483; baseline 0.001 -18"><span class='ocrx_word' id='word_1_354' title='bbox 463 3410 721 3483; x_wconf 81' lang='lat' dir='ltr'><strong>corporis</strong></span> <span class='ocrx_word' id='word_1_355' title='bbox 746 3408 816 3463; x_wconf 90' lang='lat' dir='ltr'><strong>de</strong></span> <span class='ocrx_word' id='word_1_356' title='bbox 846 3409 908 3464; x_wconf 92' lang='lat' dir='ltr'><strong>B.</strong></span> <span class='ocrx_word' id='word_1_357' title='bbox 930 3408 1189 3480; x_wconf 84' lang='lat' dir='ltr'><strong>Gregorii</strong></span> <span class='ocrx_word' id='word_1_358' title='bbox 1225 3407 1453 3481; x_wconf 86' lang='lat' dir='ltr'><strong>dialogo</strong></span> <span class='ocrx_word' id='word_1_359' title='bbox 1479 3408 1675 3482; x_wconf 87' lang='lat' dir='ltr'><strong>aliqua</strong></span> <span class='ocrx_word' id='word_1_360' title='bbox 1698 3411 1823 3482; x_wconf 90' lang='lat' dir='ltr'><strong>jam</strong></span> <span class='ocrx_word' id='word_1_361' title='bbox 1852 3409 2109 3483; x_wconf 85' lang='lat' dir='ltr'><strong>capitula</strong></span> 
     </span>
    </p>
   </div>
   <div class='ocr_carea' id='block_1_51' title="bbox 460 3497 2106 3571">
    <p class='ocr_par' dir='ltr' id='par_1_51' title="bbox 460 3497 2106 3571">
     <span class='ocr_line' id='line_1_52' title="bbox 460 3497 2106 3571; baseline -0.002 -14"><span class='ocrx_word' id='word_1_362' title='bbox 460 3501 595 3557; x_wconf 89' lang='lat' dir='ltr'><strong>huic</strong></span> <span class='ocrx_word' id='word_1_363' title='bbox 627 3497 825 3556; x_wconf 87' lang='lat' dir='ltr'><strong>libello</strong></span> <span class='ocrx_word' id='word_1_364' title='bbox 874 3498 1183 3554; x_wconf 87' lang='lat' dir='ltr'><strong>inserenda</strong></span> <span class='ocrx_word' id='word_1_365' title='bbox 1232 3498 1586 3571; x_wconf 86' lang='lat' dir='ltr'><strong>putavimus,</strong></span> <span class='ocrx_word' id='word_1_366' title='bbox 1622 3517 1736 3554; x_wconf 90' lang='lat' dir='ltr'><strong>non</strong></span> <span class='ocrx_word' id='word_1_367' title='bbox 1769 3498 1872 3554; x_wconf 88' lang='lat' dir='ltr'><strong>abs</strong></span> <span class='ocrx_word' id='word_1_368' title='bbox 1905 3515 1964 3554; x_wconf 90' lang='lat' dir='ltr'><strong>re</strong></span> <span class='ocrx_word' id='word_1_369' title='bbox 1996 3504 2106 3568; x_wconf 85' lang='lat' dir='ltr'><strong>est,</strong></span> 
     </span>
    </p>
   </div>
   <div class='ocr_carea' id='block_1_52' title="bbox 463 3588 2112 3662">
    <p class='ocr_par' dir='ltr' id='par_1_52' title="bbox 463 3588 2112 3662">
     <span class='ocr_line' id='line_1_53' title="bbox 463 3588 2112 3662; baseline -0.001 -15"><span class='ocrx_word' id='word_1_370' title='bbox 463 3591 510 3647; x_wconf 87' lang='lat' dir='ltr'><strong>si</strong></span> <span class='ocrx_word' id='word_1_371' title='bbox 562 3606 766 3662; x_wconf 86' lang='lat' dir='ltr'><strong>pauca,</strong></span> <span class='ocrx_word' id='word_1_372' title='bbox 801 3605 927 3661; x_wconf 65' lang='lat' dir='ltr'><strong>qua:</strong></span> <span class='ocrx_word' id='word_1_373' title='bbox 976 3592 1218 3655; x_wconf 85' lang='lat' dir='ltr'><strong>restant,</strong></span> <span class='ocrx_word' id='word_1_374' title='bbox 1252 3588 1561 3661; x_wconf 78' lang='lat' dir='ltr'><strong>praeteritis</strong></span> <span class='ocrx_word' id='word_1_375' title='bbox 1612 3588 1785 3644; x_wconf 82' lang='lat' dir='ltr'><strong>ﬁdem</strong></span> <span class='ocrx_word' id='word_1_376' title='bbox 1840 3588 2112 3645; x_wconf 84' lang='lat' dir='ltr'><strong>facientia</strong></span> 
     </span>
    </p>
   </div>
   <div class='ocr_carea' id='block_1_53' title="bbox 463 3676 2110 3735">
    <p class='ocr_par' dir='ltr' id='par_1_53' title="bbox 463 3676 2110 3735">
     <span class='ocr_line' id='line_1_54' title="bbox 463 3676 2110 3735; baseline -0.001 0"><span class='ocrx_word' id='word_1_377' title='bbox 463 3683 901 3735; x_wconf 86' lang='lat' dir='ltr'><strong>conuectamus.</strong></span> <span class='ocrx_word' id='word_1_378' title='bbox 934 3677 1277 3732; x_wconf 85' lang='lat' dir='ltr'><strong>Corroborat</strong></span> <span class='ocrx_word' id='word_1_379' title='bbox 1335 3677 1491 3732; x_wconf 90' lang='lat' dir='ltr'><strong>enim</strong></span> <span class='ocrx_word' id='word_1_380' title='bbox 1543 3677 1797 3732; x_wconf 81' lang='lat' dir='ltr'><strong>maxime</strong></span> <span class='ocrx_word' id='word_1_381' title='bbox 1846 3676 2110 3733; x_wconf 77' lang='lat' dir='ltr'><strong>ﬁdelium</strong></span> 
     </span>
    </p>
   </div>
   <div class='ocr_carea' id='block_1_54' title="bbox 465 3765 2111 3842">
    <p class='ocr_par' dir='ltr' id='par_1_54' title="bbox 465 3765 2111 3842">
     <span class='ocr_line' id='line_1_55' title="bbox 465 3765 2111 3842; baseline -0.003 -16"><span class='ocrx_word' id='word_1_382' title='bbox 465 3786 629 3842; x_wconf 86' lang='lat' dir='ltr'><strong>spem</strong></span> <span class='ocrx_word' id='word_1_383' title='bbox 654 3769 723 3824; x_wconf 87' lang='lat' dir='ltr'><strong>de</strong></span> <span class='ocrx_word' id='word_1_384' title='bbox 745 3768 925 3823; x_wconf 87' lang='lat' dir='ltr'><strong>divini</strong></span> <span class='ocrx_word' id='word_1_385' title='bbox 951 3765 1407 3837; x_wconf 87' lang='lat' dir='ltr'><strong>semperjudicii</strong></span> <span class='ocrx_word' id='word_1_386' title='bbox 1437 3770 1595 3821; x_wconf 90' lang='lat' dir='ltr'><strong>metu</strong></span> <span class='ocrx_word' id='word_1_387' title='bbox 1620 3765 1932 3823; x_wconf 84' lang='lat' dir='ltr'><strong>sollicitam</strong></span> <span class='ocrx_word' id='word_1_388' title='bbox 1957 3766 2111 3839; x_wconf 90' lang='lat' dir='ltr'><strong>quod</strong></span> 
     </span>
    </p>
   </div>
   <div class='ocr_carea' id='block_1_55' title="bbox 464 3855 2111 3932">
    <p class='ocr_par' dir='ltr' id='par_1_55' title="bbox 464 3855 2111 3932">
     <span class='ocr_line' id='line_1_56' title="bbox 464 3855 2111 3932; baseline -0.001 -19"><span class='ocrx_word' id='word_1_389' title='bbox 464 3858 741 3932; x_wconf 65' lang='lat' dir='ltr'><strong>praefatus</strong></span> <span class='ocrx_word' id='word_1_390' title='bbox 797 3856 1175 3911; x_wconf 82' lang='lat' dir='ltr'><strong>beatissimus</strong></span> <span class='ocrx_word' id='word_1_391' title='bbox 1242 3872 1393 3927; x_wconf 84' lang='lat' dir='ltr'><strong>papa</strong></span> <span class='ocrx_word' id='word_1_392' title='bbox 1458 3855 1773 3928; x_wconf 83' lang='lat' dir='ltr'><strong>Gregorius</strong></span> <span class='ocrx_word' id='word_1_393' title='bbox 1839 3873 1901 3911; x_wconf 90' lang='lat' dir='ltr'><strong>se</strong></span> <span class='ocrx_word' id='word_1_394' title='bbox 1968 3875 2111 3930; x_wconf 65' lang='lat' dir='ltr'><strong>prer-</strong></span> 
     </span>
    </p>
   </div>
   <div class='ocr_carea' id='block_1_56' title="bbox 463 3944 2111 4018">
    <p class='ocr_par' dir='ltr' id='par_1_56' title="bbox 463 3944 2111 4018">
     <span class='ocr_line' id='line_1_57' title="bbox 463 3944 2111 4018; baseline -0.002 -15"><span class='ocrx_word' id='word_1_395' title='bbox 463 3952 627 4003; x_wconf 88' lang='lat' dir='ltr'><strong>sente</strong></span> <span class='ocrx_word' id='word_1_396' title='bbox 676 3946 885 4002; x_wconf 84' lang='lat' dir='ltr'><strong>asserit</strong></span> <span class='ocrx_word' id='word_1_397' title='bbox 933 3945 990 3997; x_wconf 91' lang='lat' dir='ltr'><strong>in</strong></span> <span class='ocrx_word' id='word_1_398' title='bbox 1042 3960 1147 3999; x_wconf 90' lang='lat' dir='ltr'><strong>suo</strong></span> <span class='ocrx_word' id='word_1_399' title='bbox 1199 3945 1552 4000; x_wconf 87' lang='lat' dir='ltr'><strong>monasterio</strong></span> <span class='ocrx_word' id='word_1_400' title='bbox 1602 3944 1940 4018; x_wconf 84' lang='lat' dir='ltr'><strong>contigisse.</strong></span> <span class='ocrx_word' id='word_1_401' title='bbox 1977 3945 2111 4012; x_wconf 87' lang='lat' dir='ltr'><strong>Qui-</strong></span> 
     </span>
    </p>
   </div>
   <div class='ocr_carea' id='block_1_57' title="bbox 464 4031 2114 4105">
    <p class='ocr_par' dir='ltr' id='par_1_57' title="bbox 464 4031 2114 4105">
     <span class='ocr_line' id='line_1_58' title="bbox 464 4031 2114 4105; baseline 0.001 -17"><span class='ocrx_word' id='word_1_402' title='bbox 464 4037 597 4090; x_wconf 85' lang='lat' dir='ltr'><strong>dam</strong></span> <span class='ocrx_word' id='word_1_403' title='bbox 632 4049 884 4105; x_wconf 84' lang='lat' dir='ltr'><strong>namque</strong></span> <span class='ocrx_word' id='word_1_404' title='bbox 926 4031 1270 4099; x_wconf 85' lang='lat' dir='ltr'><strong>monachus,</strong></span> <span class='ocrx_word' id='word_1_405' title='bbox 1304 4032 1509 4090; x_wconf 75' lang='lat' dir='ltr'><strong>Justus</strong></span> <span class='ocrx_word' id='word_1_406' title='bbox 1554 4033 1810 4101; x_wconf 85' lang='lat' dir='ltr'><strong>nomine,</strong></span> <span class='ocrx_word' id='word_1_407' title='bbox 1848 4039 1967 4091; x_wconf 84' lang='lat' dir='ltr'><strong>arte</strong></span> <span class='ocrx_word' id='word_1_408' title='bbox 2001 4051 2114 4089; x_wconf 81' lang='lat' dir='ltr'><strong>me-</strong></span> 
     </span>
    </p>
   </div>
   <div class='ocr_carea' id='block_1_58' title="bbox 465 4124 793 4189">
    <p class='ocr_par' dir='ltr' id='par_1_58' title="bbox 465 4124 793 4189">
     <span class='ocr_line' id='line_1_59' title="bbox 465 4124 793 4189; baseline -0.009 -11"><span class='ocrx_word' id='word_1_409' title='bbox 465 4124 650 4189; x_wconf 86' lang='lat' dir='ltr'><strong>dicus,</strong></span> <span class='ocrx_word' id='word_1_410' title='bbox 684 4126 793 4178; x_wconf 89' lang='lat' dir='ltr'><strong>etc.</strong></span> 
     </span>
    </p>
   </div>
   <div class='ocr_carea' id='block_1_59' title="bbox 500 4245 2081 4319">
    <p class='ocr_par' dir='ltr' id='par_1_59' title="bbox 500 4245 2081 4319">
     <span class='ocr_line' id='line_1_60' title="bbox 500 4245 2081 4319; baseline 0.002 -17"><span class='ocrx_word' id='word_1_411' title='bbox 500 4250 633 4303; x_wconf 75' lang='lat' dir='ltr'><strong>CAP.</strong></span> <span class='ocrx_word' id='word_1_412' title='bbox 673 4246 759 4303; x_wconf 91' lang='lat' dir='ltr'><strong>LI.</strong></span> <span class='ocrx_word' id='word_1_413' title='bbox 784 4277 851 4285; x_wconf 92' lang='lat'><strong>——</strong></span> <span class='ocrx_word' id='word_1_414' title='bbox 879 4246 952 4301; x_wconf 87' lang='lat' dir='ltr'><strong>De</strong></span> <span class='ocrx_word' id='word_1_415' title='bbox 982 4245 1213 4317; x_wconf 83' lang='lat' dir='ltr'><strong>quodam</strong></span> <span class='ocrx_word' id='word_1_416' title='bbox 1246 4248 1399 4318; x_wconf 83' lang='lat' dir='ltr'><strong>cujus</strong></span> <span class='ocrx_word' id='word_1_417' title='bbox 1431 4249 1653 4302; x_wconf 76' lang='lat' dir='ltr'><strong>vincula.</strong></span> <span class='ocrx_word' id='word_1_418' title='bbox 1684 4250 1742 4303; x_wconf 85' lang='lat' dir='ltr'><strong>in</strong></span> <span class='ocrx_word' id='word_1_419' title='bbox 1773 4252 2081 4319; x_wconf 79' lang='lat' dir='ltr'><strong>captivitate</strong></span> 
     </span>
    </p>
   </div>
   <div class='ocr_carea' id='block_1_60' title="bbox 678 4319 1899 4390">
    <p class='ocr_par' dir='ltr' id='par_1_60' title="bbox 678 4319 1899 4390">
     <span class='ocr_line' id='line_1_61' title="bbox 678 4319 1899 4390; baseline -0.001 -15"><span class='ocrx_word' id='word_1_420' title='bbox 678 4319 852 4375; x_wconf 78' lang='lat' dir='ltr'><strong>oblato</strong></span> <span class='ocrx_word' id='word_1_421' title='bbox 882 4326 1093 4388; x_wconf 75' lang='lat' dir='ltr'><strong>peracto</strong></span> <span class='ocrx_word' id='word_1_422' title='bbox 1126 4321 1396 4388; x_wconf 73' lang='lat' dir='ltr'><strong>sacri/icio</strong></span> <span class='ocrx_word' id='word_1_423' title='bbox 1426 4320 1772 4376; x_wconf 75' lang='lat' dir='ltr'><strong>solvebantur</strong></span> <span class='ocrx_word' id='word_1_424' title='bbox 1804 4321 1899 4390; x_wconf 79' lang='grc' dir='ltr'><strong>(υ).</strong></span> 
     </span>
    </p>
   </div>
   <div class='ocr_carea' id='block_1_61' title="bbox 534 4406 2112 4478">
    <p class='ocr_par' dir='ltr' id='par_1_61' title="bbox 534 4406 2112 4478">
     <span class='ocr_line' id='line_1_62' title="bbox 534 4406 2112 4478; baseline 0 -15"><span class='ocrx_word' id='word_1_425' title='bbox 534 4409 659 4464; x_wconf 73' lang='lat' dir='ltr'><strong>Non</strong></span> <span class='ocrx_word' id='word_1_426' title='bbox 691 4407 861 4478; x_wconf 86' lang='lat' dir='ltr'><strong>longe</strong></span> <span class='ocrx_word' id='word_1_427' title='bbox 894 4425 926 4463; x_wconf 86' lang='lat' dir='ltr'><strong>a</strong></span> <span class='ocrx_word' id='word_1_428' title='bbox 957 4406 1174 4463; x_wconf 86' lang='lat' dir='ltr'><strong>nostris</strong></span> <span class='ocrx_word' id='word_1_429' title='bbox 1224 4408 1408 4462; x_wconf 88' lang='lat' dir='ltr'><strong>fertur</strong></span> <span class='ocrx_word' id='word_1_430' title='bbox 1456 4408 1820 4478; x_wconf 86' lang='lat' dir='ltr'><strong>temporibus</strong></span> <span class='ocrx_word' id='word_1_431' title='bbox 1872 4411 2112 4475; x_wconf 82' lang='lat' dir='ltr'><strong>factum,</strong></span> 
     </span>
    </p>
   </div>
   <div class='ocr_carea' id='block_1_62' title="bbox 463 4496 2119 4570">
    <p class='ocr_par' dir='ltr' id='par_1_62' title="bbox 463 4496 2119 4570">
     <span class='ocr_line' id='line_1_63' title="bbox 463 4496 2119 4570; baseline 0.001 -18"><span class='ocrx_word' id='word_1_432' title='bbox 463 4499 618 4570; x_wconf 86' lang='lat' dir='ltr'><strong>quod</strong></span> <span class='ocrx_word' id='word_1_433' title='bbox 650 4498 890 4570; x_wconf 87' lang='lat' dir='ltr'><strong>quidam</strong></span> <span class='ocrx_word' id='word_1_434' title='bbox 916 4498 986 4553; x_wconf 85' lang='lat' dir='ltr'><strong>ab</strong></span> <span class='ocrx_word' id='word_1_435' title='bbox 1010 4496 1279 4552; x_wconf 82' lang='lat' dir='ltr'><strong>hostibus</strong></span> <span class='ocrx_word' id='word_1_436' title='bbox 1302 4502 1507 4567; x_wconf 82' lang='lat' dir='ltr'><strong>captus</strong></span> <span class='ocrx_word' id='word_1_437' title='bbox 1540 4496 1711 4569; x_wconf 87' lang='lat' dir='ltr'><strong>longe</strong></span> <span class='ocrx_word' id='word_1_438' title='bbox 1737 4498 2119 4554; x_wconf 85' lang='lat' dir='ltr'><strong>transductus</strong></span> 
     </span>
    </p>
   </div>
   <div class='ocr_carea' id='block_1_63' title="bbox 463 4592 712 4661">
    <p class='ocr_par' dir='ltr' id='par_1_63' title="bbox 463 4592 712 4661">
     <span class='ocr_line' id='line_1_64' title="bbox 463 4592 712 4661; baseline -0.008 -18"><span class='ocrx_word' id='word_1_439' title='bbox 463 4594 573 4661; x_wconf 85' lang='lat' dir='ltr'><strong>est,</strong></span> <span class='ocrx_word' id='word_1_440' title='bbox 606 4592 712 4645; x_wconf 86' lang='lat' dir='ltr'><strong>etc.</strong></span> 
     </span>
    </p>
   </div>
   <div class='ocr_carea' id='block_1_64' title="bbox 460 4701 2115 4773">
    <p class='ocr_par' dir='ltr' id='par_1_64' title="bbox 460 4701 2115 4773">
     <span class='ocr_line' id='line_1_65' title="bbox 460 4701 2115 4773; baseline -0.002 -12"><span class='ocrx_word' id='word_1_441' title='bbox 460 4705 592 4762; x_wconf 74' lang='lat' dir='ltr'><strong>CAP.</strong></span> <span class='ocrx_word' id='word_1_442' title='bbox 632 4703 749 4759; x_wconf 91' lang='lat' dir='ltr'><strong>Lll.</strong></span> <span class='ocrx_word' id='word_1_443' title='bbox 788 4731 844 4739; x_wconf 58' lang='grc' dir='ltr'><strong>--η</strong></span> <span class='ocrx_word' id='word_1_444' title='bbox 868 4703 945 4758; x_wconf 87' lang='lat' dir='ltr'><strong>De</strong></span> <span class='ocrx_word' id='word_1_445' title='bbox 970 4701 1199 4772; x_wconf 78' lang='lat' dir='ltr'><strong>quodam</strong></span> <span class='ocrx_word' id='word_1_446' title='bbox 1246 4710 1414 4756; x_wconf 83' lang='lat' dir='ltr'><strong>nauta</strong></span> <span class='ocrx_word' id='word_1_447' title='bbox 1447 4704 1543 4773; x_wconf 85' lang='lat' dir='ltr'><strong>qui</strong></span> <span class='ocrx_word' id='word_1_448' title='bbox 1578 4710 1699 4773; x_wconf 86' lang='lat' dir='ltr'><strong>post</strong></span> <span class='ocrx_word' id='word_1_449' title='bbox 1738 4702 1895 4773; x_wconf 79' lang='lat' dir='ltr'><strong>longa</strong></span> <span class='ocrx_word' id='word_1_450' title='bbox 1943 4706 2115 4758; x_wconf 84' lang='lat' dir='ltr'><strong>maris</strong></span> 
     </span>
    </p>
   </div>
   <div class='ocr_carea' id='block_1_65' title="bbox 529 4776 2112 4832">
    <p class='ocr_par' dir='ltr' id='par_1_65' title="bbox 529 4776 2112 4832">
     <span class='ocr_line' id='line_1_66' title="bbox 529 4776 2112 4832; baseline -0.001 -3"><span class='ocrx_word' id='word_1_451' title='bbox 529 4776 856 4832; x_wconf 67' lang='lat' dir='ltr'><strong>discrimina.</strong></span> <span class='ocrx_word' id='word_1_452' title='bbox 912 4776 1184 4828; x_wconf 77' lang='lat' dir='ltr'><strong>Dominici</strong></span> <span class='ocrx_word' id='word_1_453' title='bbox 1244 4776 1438 4828; x_wconf 68' lang='lat' dir='ltr'><strong>virtute</strong></span> <span class='ocrx_word' id='word_1_454' title='bbox 1500 4777 1829 4829; x_wconf 75' lang='lat' dir='ltr'><strong>sacramenti</strong></span> <span class='ocrx_word' id='word_1_455' title='bbox 1886 4783 2112 4831; x_wconf 78' lang='lat' dir='ltr'><strong>mortem</strong></span> 
     </span>
    </p>
   </div>
   <div class='ocr_carea' id='block_1_66' title="bbox 528 4849 715 4902">
    <p class='ocr_par' dir='ltr' id='par_1_66' title="bbox 528 4849 715 4902">
     <span class='ocr_line' id='line_1_67' title="bbox 528 4849 715 4902; baseline -0.016 0"><span class='ocrx_word' id='word_1_456' title='bbox 528 4849 715 4902; x_wconf 77' lang='lat' dir='ltr'><strong>erasit.</strong></span> 
     </span>
    </p>
   </div>
   <div class='ocr_carea' id='block_1_67' title="bbox 532 4933 2108 5009">
    <p class='ocr_par' dir='ltr' id='par_1_67' title="bbox 532 4933 2108 5009">
     <span class='ocr_line' id='line_1_68' title="bbox 532 4933 2108 5009; baseline -0.002 -17"><span class='ocrx_word' id='word_1_457' title='bbox 532 4938 639 5009; x_wconf 57' lang='lat'>{10)</span> <span class='ocrx_word' id='word_1_458' title='bbox 681 4933 905 5006; x_wconf 77' lang='lat' dir='ltr'><strong>Agatho</strong></span> <span class='ocrx_word' id='word_1_459' title='bbox 966 4934 1205 4995; x_wconf 87' lang='lat' dir='ltr'><strong>etenim,</strong></span> <span class='ocrx_word' id='word_1_460' title='bbox 1268 4933 1719 4990; x_wconf 46' lang='lat' dir='ltr'><strong>intuormitanus</strong></span> <span class='ocrx_word' id='word_1_461' title='bbox 1779 4935 2108 5007; x_wconf 81' lang='lat' dir='ltr'><strong>episcopus,</strong></span> 
     </span>
    </p>
   </div>
   <div class='ocr_carea' id='block_1_68' title="bbox 456 5021 2112 5095">
    <p class='ocr_par' dir='ltr' id='par_1_68' title="bbox 456 5021 2112 5095">
     <span class='ocr_line' id='line_1_69' title="bbox 456 5021 2112 5095; baseline 0.001 -17"><span class='ocrx_word' id='word_1_462' title='bbox 456 5025 607 5081; x_wconf 86' lang='lat' dir='ltr'><strong>sicut</strong></span> <span class='ocrx_word' id='word_1_463' title='bbox 652 5022 853 5079; x_wconf 74' lang='lat' dir='ltr'><strong>fideles</strong></span> <span class='ocrx_word' id='word_1_464' title='bbox 906 5023 1045 5078; x_wconf 86' lang='lat' dir='ltr'><strong>mihi</strong></span> <span class='ocrx_word' id='word_1_465' title='bbox 1101 5021 1471 5095; x_wconf 73' lang='lat' dir='ltr'><strong>religiosique</strong></span> <span class='ocrx_word' id='word_1_466' title='bbox 1519 5025 1623 5077; x_wconf 86' lang='lat' dir='ltr'><strong>viri</strong></span> <span class='ocrx_word' id='word_1_467' title='bbox 1687 5023 1855 5079; x_wconf 88' lang='lat' dir='ltr'><strong>multi</strong></span> <span class='ocrx_word' id='word_1_468' title='bbox 1914 5025 2112 5080; x_wconf 86' lang='lat' dir='ltr'><strong>testati</strong></span> 
     </span>
    </p>
   </div>
   <div class='ocr_carea' id='block_1_69' title="bbox 456 5118 759 5183">
    <p class='ocr_par' dir='ltr' id='par_1_69' title="bbox 456 5118 759 5183">
     <span class='ocr_line' id='line_1_70' title="bbox 456 5118 759 5183; baseline -0.003 -16"><span class='ocrx_word' id='word_1_469' title='bbox 456 5118 615 5183; x_wconf 76' lang='lat' dir='ltr'><strong>sunt,</strong></span> <span class='ocrx_word' id='word_1_470' title='bbox 652 5119 759 5169; x_wconf 81' lang='lat' dir='ltr'><strong>etc.</strong></span> 
     </span>
    </p>
   </div>
   <div class='ocr_carea' id='block_1_70' title="bbox 528 5202 2106 5275">
    <p class='ocr_par' dir='ltr' id='par_1_70' title="bbox 528 5202 2106 5275">
     <span class='ocr_line' id='line_1_71' title="bbox 528 5202 2106 5275; baseline -0.003 -15"><span class='ocrx_word' id='word_1_471' title='bbox 528 5206 655 5260; x_wconf 68' lang='lat' dir='ltr'><strong>Haec</strong></span> <span class='ocrx_word' id='word_1_472' title='bbox 690 5202 933 5274; x_wconf 71' lang='lat' dir='ltr'><strong>exempli</strong></span> <span class='ocrx_word' id='word_1_473' title='bbox 970 5203 1159 5275; x_wconf 77' lang='lat' dir='ltr'><strong>gratia</strong></span> <span class='ocrx_word' id='word_1_474' title='bbox 1192 5203 1343 5257; x_wconf 79' lang='lat' dir='ltr'><strong>dicta</strong></span> <span class='ocrx_word' id='word_1_475' title='bbox 1378 5207 1530 5263; x_wconf 73' lang='lat' dir='ltr'><strong>sunt,</strong></span> <span class='ocrx_word' id='word_1_476' title='bbox 1566 5208 1623 5257; x_wconf 86' lang='lat' dir='ltr'><strong>ut</strong></span> <span class='ocrx_word' id='word_1_477' title='bbox 1657 5203 1847 5259; x_wconf 83' lang='lat' dir='ltr'><strong>cuncti</strong></span> <span class='ocrx_word' id='word_1_478' title='bbox 1884 5203 2106 5275; x_wconf 83' lang='lat' dir='ltr'><strong>liquido</strong></span> 
     </span>
    </p>
   </div>
   <div class='ocr_carea' id='block_1_71' title="bbox 455 5292 2103 5367">
    <p class='ocr_par' dir='ltr' id='par_1_71' title="bbox 455 5292 2103 5367">
     <span class='ocr_line' id='line_1_72' title="bbox 455 5292 2103 5367; baseline -0.002 -19"><span class='ocrx_word' id='word_1_479' title='bbox 455 5297 832 5367; x_wconf 74' lang='lat' dir='ltr'><strong>cognoscant,</strong></span> <span class='ocrx_word' id='word_1_480' title='bbox 862 5292 997 5365; x_wconf 89' lang='lat' dir='ltr'><strong>quia</strong></span> <span class='ocrx_word' id='word_1_481' title='bbox 1036 5292 1083 5346; x_wconf 80' lang='lat' dir='ltr'><strong>si</strong></span> <span class='ocrx_word' id='word_1_482' title='bbox 1130 5292 1472 5347; x_wconf 84' lang='lat' dir='ltr'><strong>insolubiles</strong></span> <span class='ocrx_word' id='word_1_483' title='bbox 1506 5293 1687 5365; x_wconf 61' lang='lat' dir='ltr'><strong>culpis</strong></span> <span class='ocrx_word' id='word_1_484' title='bbox 1722 5310 1835 5348; x_wconf 88' lang='lat' dir='ltr'><strong>non</strong></span> <span class='ocrx_word' id='word_1_485' title='bbox 1870 5293 2103 5357; x_wconf 88' lang='lat' dir='ltr'><strong>fuerint,</strong></span> 
     </span>
    </p>
   </div>
   <div class='ocr_carea' id='block_1_72' title="bbox 454 5381 2107 5452">
    <p class='ocr_par' dir='ltr' id='par_1_72' title="bbox 454 5381 2107 5452">
     <span class='ocr_line' id='line_1_73' title="bbox 454 5381 2107 5452; baseline -0.003 -12"><span class='ocrx_word' id='word_1_486' title='bbox 454 5384 527 5440; x_wconf 85' lang='lat' dir='ltr'><strong>ad</strong></span> <span class='ocrx_word' id='word_1_487' title='bbox 561 5381 989 5440; x_wconf 82' lang='lat' dir='ltr'><strong>absolutionem</strong></span> <span class='ocrx_word' id='word_1_488' title='bbox 1038 5381 1314 5452; x_wconf 80' lang='lat' dir='ltr'><strong>prodesse</strong></span> <span class='ocrx_word' id='word_1_489' title='bbox 1362 5382 1538 5438; x_wconf 84' lang='lat' dir='ltr'><strong>etiam</strong></span> <span class='ocrx_word' id='word_1_490' title='bbox 1592 5383 1840 5439; x_wconf 80' lang='lat' dir='ltr'><strong>mortuis</strong></span> <span class='ocrx_word' id='word_1_491' title='bbox 1872 5382 2107 5436; x_wconf 85' lang='lat' dir='ltr'><strong>victima</strong></span> 
     </span>
    </p>
   </div>
   <div class='ocr_carea' id='block_1_73' title="bbox 395 5469 1220 5543">
    <p class='ocr_par' dir='ltr' id='par_1_73' title="bbox 395 5469 1220 5543">
     <span class='ocr_line' id='line_1_74' title="bbox 395 5469 1220 5543; baseline -0.001 -18"><span class='ocrx_word' id='word_1_492' title='bbox 395 5531 399 5536; x_wconf 55' lang='grc'><strong><em>,</em></strong></span> <span class='ocrx_word' id='word_1_493' title='bbox 452 5489 629 5528; x_wconf 79' lang='lat' dir='ltr'><strong>sacrae</strong></span> <span class='ocrx_word' id='word_1_494' title='bbox 664 5469 981 5527; x_wconf 81' lang='lat' dir='ltr'><strong>oblationis</strong></span> <span class='ocrx_word' id='word_1_495' title='bbox 1016 5470 1220 5543; x_wconf 70' lang='lat' dir='ltr'><strong>possit.</strong></span> 
     </span>
    </p>
   </div>
   <div class='ocr_carea' id='block_1_74' title="bbox 524 5595 1779 5671">
    <p class='ocr_par' dir='ltr' id='par_1_74' title="bbox 524 5595 1779 5671">
     <span class='ocr_line' id='line_1_75' title="bbox 524 5595 1779 5671; baseline -0.005 -17"><span class='ocrx_word' id='word_1_496' title='bbox 524 5600 597 5671; x_wconf 77' lang='lat'><strong>(8)</strong></span> <span class='ocrx_word' id='word_1_497' title='bbox 626 5599 771 5653; x_wconf 75' lang='lat' dir='ltr'><strong>Vide</strong></span> <span class='ocrx_word' id='word_1_498' title='bbox 806 5598 864 5653; x_wconf 89' lang='lat' dir='ltr'><strong>S.</strong></span> <span class='ocrx_word' id='word_1_499' title='bbox 900 5598 1068 5670; x_wconf 84' lang='lat' dir='ltr'><strong>Grcg.</strong></span> <span class='ocrx_word' id='word_1_500' title='bbox 1105 5595 1328 5670; x_wconf 85' lang='lat' dir='ltr'><strong>Dialog.</strong></span> <span class='ocrx_word' id='word_1_501' title='bbox 1367 5597 1465 5651; x_wconf 86' lang='lat' dir='ltr'><strong>lib.</strong></span> <span class='ocrx_word' id='word_1_502' title='bbox 1502 5614 1554 5651; x_wconf 78' lang='lat' dir='ltr'><strong>1v</strong></span> <span class='ocrx_word' id='word_1_503' title='bbox 1588 5596 1645 5650; x_wconf 89' lang='lat' dir='ltr'><strong>in</strong></span> <span class='ocrx_word' id='word_1_504' title='bbox 1682 5598 1779 5650; x_wconf 79' lang='lat' dir='ltr'><strong>lin.</strong></span> 
     </span>
    </p>
   </div>
   <div class='ocr_carea' id='block_1_75' title="bbox 525 5686 1601 5763">
    <p class='ocr_par' dir='ltr' id='par_1_75' title="bbox 525 5686 1601 5763">
     <span class='ocr_line' id='line_1_76' title="bbox 525 5686 1601 5763; baseline -0.004 -20"><span class='ocrx_word' id='word_1_505' title='bbox 525 5690 598 5763; x_wconf 62' lang='lat'><strong>{9)</strong></span> <span class='ocrx_word' id='word_1_506' title='bbox 624 5688 768 5743; x_wconf 76' lang='lat' dir='ltr'><strong>\‘ide</strong></span> <span class='ocrx_word' id='word_1_507' title='bbox 801 5687 861 5746; x_wconf 90' lang='lat' dir='ltr'><strong>S.</strong></span> <span class='ocrx_word' id='word_1_508' title='bbox 892 5687 1236 5760; x_wconf 89' lang='lat' dir='ltr'><strong>Gregorium</strong></span> <span class='ocrx_word' id='word_1_509' title='bbox 1272 5686 1367 5743; x_wconf 85' lang='lat' dir='ltr'><strong>ubi</strong></span> <span class='ocrx_word' id='word_1_510' title='bbox 1404 5704 1601 5757; x_wconf 87' lang='lat' dir='ltr'><strong>supra.</strong></span> 
     </span>
    </p>
   </div>
   <div class='ocr_carea' id='block_1_76' title="bbox 2210 2024 3841 2103">
    <p class='ocr_par' dir='ltr' id='par_1_76' title="bbox 2210 2024 3841 2103">
     <span class='ocr_line' id='line_1_77' title="bbox 2210 2024 3841 2103; baseline 0.004 -25"><span class='ocrx_word' id='word_1_511' title='bbox 2210 2040 2323 2079; x_wconf 81' lang='lat' dir='ltr'><strong>non</strong></span> <span class='ocrx_word' id='word_1_512' title='bbox 2360 2024 2758 2091; x_wconf 82' lang='lat' dir='ltr'><strong>dominabitur,</strong></span> <span class='ocrx_word' id='word_1_513' title='bbox 2794 2026 2852 2081; x_wconf 91' lang='lat' dir='ltr'><strong>in</strong></span> <span class='ocrx_word' id='word_1_514' title='bbox 2905 2044 2966 2082; x_wconf 88' lang='lat' dir='ltr'><strong>se</strong></span> <span class='ocrx_word' id='word_1_515' title='bbox 3027 2028 3152 2098; x_wconf 90' lang='lat' dir='ltr'><strong>ipso</strong></span> <span class='ocrx_word' id='word_1_516' title='bbox 3214 2030 3650 2098; x_wconf 81' lang='lat' dir='ltr'><strong>immortaliter,</strong></span> <span class='ocrx_word' id='word_1_517' title='bbox 3700 2038 3841 2103; x_wconf 86' lang='lat' dir='ltr'><strong>atque</strong></span> 
     </span>
    </p>
   </div>
   <div class='ocr_carea' id='block_1_77' title="bbox 2214 2112 3839 2188">
    <p class='ocr_par' dir='ltr' id='par_1_77' title="bbox 2214 2112 3839 2188">
     <span class='ocr_line' id='line_1_78' title="bbox 2214 2112 3839 2188; baseline 0.005 -21"><span class='ocrx_word' id='word_1_518' title='bbox 2214 2112 2737 2185; x_wconf 88' lang='lat' dir='ltr'><strong>incorruptibiliter</strong></span> <span class='ocrx_word' id='word_1_519' title='bbox 2783 2116 2981 2170; x_wconf 88' lang='lat' dir='ltr'><strong>vivens</strong></span> <span class='ocrx_word' id='word_1_520' title='bbox 3012 2132 3115 2188; x_wconf 89' lang='lat' dir='ltr'><strong>pro</strong></span> <span class='ocrx_word' id='word_1_521' title='bbox 3166 2118 3334 2173; x_wconf 88' lang='lat' dir='ltr'><strong>nobis</strong></span> <span class='ocrx_word' id='word_1_522' title='bbox 3385 2118 3605 2176; x_wconf 85' lang='lat' dir='ltr'><strong>iterum</strong></span> <span class='ocrx_word' id='word_1_523' title='bbox 3660 2121 3716 2177; x_wconf 91' lang='lat' dir='ltr'><strong>in</strong></span> <span class='ocrx_word' id='word_1_524' title='bbox 3762 2121 3839 2176; x_wconf 85' lang='lat' dir='ltr'><strong>hoc</strong></span> 
     </span>
    </p>
   </div>
   <div class='ocr_carea' id='block_1_78' title="bbox 2214 2202 3839 2283">
    <p class='ocr_par' dir='ltr' id='par_1_78' title="bbox 2214 2202 3839 2283">
     <span class='ocr_line' id='line_1_79' title="bbox 2214 2202 3839 2283; baseline 0.004 -26"><span class='ocrx_word' id='word_1_525' title='bbox 2214 2203 2492 2274; x_wconf 80' lang='lat' dir='ltr'><strong>mysterio</strong></span> <span class='ocrx_word' id='word_1_526' title='bbox 2523 2220 2701 2259; x_wconf 67' lang='lat' dir='ltr'><strong>sacrae</strong></span> <span class='ocrx_word' id='word_1_527' title='bbox 2732 2202 3045 2260; x_wconf 89' lang='lat' dir='ltr'><strong>oblationis</strong></span> <span class='ocrx_word' id='word_1_528' title='bbox 3085 2206 3444 2262; x_wconf 84' lang='lat' dir='ltr'><strong>immolatur.</strong></span> <span class='ocrx_word' id='word_1_529' title='bbox 3480 2210 3627 2279; x_wconf 78' lang='lat' dir='ltr'><strong>Ejus</strong></span> <span class='ocrx_word' id='word_1_530' title='bbox 3661 2210 3839 2283; x_wconf 73' lang='lat' dir='ltr'><strong>quippe</strong></span> 
     </span>
    </p>
   </div>
   <div class='ocr_carea' id='block_1_79' title="bbox 2215 2290 3841 2371">
    <p class='ocr_par' dir='ltr' id='par_1_79' title="bbox 2215 2290 3841 2371">
     <span class='ocr_line' id='line_1_80' title="bbox 2215 2290 3841 2371; baseline 0.006 -26"><span class='ocrx_word' id='word_1_531' title='bbox 2215 2290 2297 2347; x_wconf 89' lang='lat' dir='ltr'><strong>ibi</strong></span> <span class='ocrx_word' id='word_1_532' title='bbox 2322 2308 2533 2362; x_wconf 91' lang='lat' dir='ltr'><strong>corpus</strong></span> <span class='ocrx_word' id='word_1_533' title='bbox 2555 2292 2830 2359; x_wconf 74' lang='lat' dir='ltr'><strong>sumit-ur,</strong></span> <span class='ocrx_word' id='word_1_534' title='bbox 2851 2294 2979 2360; x_wconf 86' lang='lat' dir='ltr'><strong>ejus</strong></span> <span class='ocrx_word' id='word_1_535' title='bbox 3001 2310 3135 2348; x_wconf 84' lang='lat' dir='ltr'><strong>caro</strong></span> <span class='ocrx_word' id='word_1_536' title='bbox 3162 2294 3219 2349; x_wconf 90' lang='lat' dir='ltr'><strong>in</strong></span> <span class='ocrx_word' id='word_1_537' title='bbox 3246 2295 3443 2367; x_wconf 84' lang='lat' dir='ltr'><strong>pOpuli</strong></span> <span class='ocrx_word' id='word_1_538' title='bbox 3470 2297 3727 2353; x_wconf 87' lang='lat' dir='ltr'><strong>salutem</strong></span> <span class='ocrx_word' id='word_1_539' title='bbox 3748 2317 3841 2371; x_wconf 85' lang='lat' dir='ltr'><strong>par-</strong></span> 
     </span>
    </p>
   </div>
   <div class='ocr_carea' id='block_1_80' title="bbox 2218 2381 3838 2454">
    <p class='ocr_par' dir='ltr' id='par_1_80' title="bbox 2218 2381 3838 2454">
     <span class='ocr_line' id='line_1_81' title="bbox 2218 2381 3838 2454; baseline 0.004 -19"><span class='ocrx_word' id='word_1_540' title='bbox 2218 2381 2381 2447; x_wconf 86' lang='lat' dir='ltr'><strong>titur,</strong></span> <span class='ocrx_word' id='word_1_541' title='bbox 2408 2383 2537 2451; x_wconf 87' lang='lat' dir='ltr'><strong>ejus</strong></span> <span class='ocrx_word' id='word_1_542' title='bbox 2567 2381 2808 2453; x_wconf 83' lang='lat' dir='ltr'><strong>sanguis</strong></span> <span class='ocrx_word' id='word_1_543' title='bbox 2834 2398 2947 2436; x_wconf 90' lang='lat' dir='ltr'><strong>non</strong></span> <span class='ocrx_word' id='word_1_544' title='bbox 2973 2382 3099 2454; x_wconf 87' lang='lat' dir='ltr'><strong>jam</strong></span> <span class='ocrx_word' id='word_1_545' title='bbox 3125 2384 3181 2436; x_wconf 91' lang='lat' dir='ltr'><strong>in</strong></span> <span class='ocrx_word' id='word_1_546' title='bbox 3208 2385 3482 2440; x_wconf 87' lang='lat' dir='ltr'><strong>manibus</strong></span> <span class='ocrx_word' id='word_1_547' title='bbox 3515 2386 3838 2453; x_wconf 74' lang='lat' dir='ltr'><strong>infidelium,</strong></span> 
     </span>
    </p>
   </div>
   <div class='ocr_carea' id='block_1_81' title="bbox 2220 2469 3841 2549">
    <p class='ocr_par' dir='ltr' id='par_1_81' title="bbox 2220 2469 3841 2549">
     <span class='ocr_line' id='line_1_82' title="bbox 2220 2469 3841 2549; baseline 0.006 -26"><span class='ocrx_word' id='word_1_548' title='bbox 2220 2470 2320 2523; x_wconf 86' lang='lat' dir='ltr'><strong>sed</strong></span> <span class='ocrx_word' id='word_1_549' title='bbox 2355 2470 2413 2525; x_wconf 90' lang='lat' dir='ltr'><strong>in</strong></span> <span class='ocrx_word' id='word_1_550' title='bbox 2446 2487 2547 2525; x_wconf 90' lang='lat' dir='ltr'><strong>ora</strong></span> <span class='ocrx_word' id='word_1_551' title='bbox 2580 2469 2840 2525; x_wconf 81' lang='lat' dir='ltr'><strong>ﬁdelium</strong></span> <span class='ocrx_word' id='word_1_552' title='bbox 2884 2471 3174 2526; x_wconf 81' lang='lat' dir='ltr'><strong>funditur.</strong></span> <span class='ocrx_word' id='word_1_553' title='bbox 3212 2472 3354 2527; x_wconf 87' lang='lat' dir='ltr'><strong>Hinc</strong></span> <span class='ocrx_word' id='word_1_554' title='bbox 3385 2490 3522 2547; x_wconf 82' lang='lat' dir='ltr'><strong>ergo</strong></span> <span class='ocrx_word' id='word_1_555' title='bbox 3556 2493 3841 2549; x_wconf 83' lang='lat' dir='ltr'><strong>pensemus</strong></span> 
     </span>
    </p>
   </div>
   <div class='ocr_carea' id='block_1_82' title="bbox 2220 2558 3839 2636">
    <p class='ocr_par' dir='ltr' id='par_1_82' title="bbox 2220 2558 3839 2636">
     <span class='ocr_line' id='line_1_83' title="bbox 2220 2558 3839 2636; baseline 0.004 -24"><span class='ocrx_word' id='word_1_556' title='bbox 2220 2559 2393 2631; x_wconf 89' lang='lat' dir='ltr'><strong>quale</strong></span> <span class='ocrx_word' id='word_1_557' title='bbox 2425 2560 2503 2613; x_wconf 85' lang='lat' dir='ltr'><strong>sit</strong></span> <span class='ocrx_word' id='word_1_558' title='bbox 2535 2576 2637 2631; x_wconf 89' lang='lat' dir='ltr'><strong>pro</strong></span> <span class='ocrx_word' id='word_1_559' title='bbox 2669 2558 2841 2614; x_wconf 87' lang='lat' dir='ltr'><strong>nobis</strong></span> <span class='ocrx_word' id='word_1_560' title='bbox 2864 2559 2969 2614; x_wconf 90' lang='lat' dir='ltr'><strong>hoc</strong></span> <span class='ocrx_word' id='word_1_561' title='bbox 3002 2560 3378 2631; x_wconf 76' lang='lat' dir='ltr'><strong>sacrificium,</strong></span> <span class='ocrx_word' id='word_1_562' title='bbox 3411 2580 3526 2634; x_wconf 91' lang='lat' dir='ltr'><strong>quo</strong></span> <span class='ocrx_word' id='word_1_563' title='bbox 3559 2582 3670 2636; x_wconf 88' lang='lat' dir='ltr'><strong>pro</strong></span> <span class='ocrx_word' id='word_1_564' title='bbox 3711 2567 3839 2620; x_wconf 81' lang='lat' dir='ltr'><strong>abso-</strong></span> 
     </span>
    </p>
   </div>
   <div class='ocr_carea' id='block_1_83' title="bbox 2220 2647 3842 2727">
    <p class='ocr_par' dir='ltr' id='par_1_83' title="bbox 2220 2647 3842 2727">
     <span class='ocr_line' id='line_1_84' title="bbox 2220 2647 3842 2727; baseline 0.002 -25"><span class='ocrx_word' id='word_1_565' title='bbox 2220 2647 2441 2703; x_wconf 85' lang='lat' dir='ltr'><strong>lutione</strong></span> <span class='ocrx_word' id='word_1_566' title='bbox 2458 2652 2659 2702; x_wconf 87' lang='lat' dir='ltr'><strong>nostra</strong></span> <span class='ocrx_word' id='word_1_567' title='bbox 2679 2647 3013 2719; x_wconf 88' lang='lat' dir='ltr'><strong>passionem</strong></span> <span class='ocrx_word' id='word_1_568' title='bbox 3034 2649 3315 2720; x_wconf 85' lang='lat' dir='ltr'><strong>unigeniti</strong></span> <span class='ocrx_word' id='word_1_569' title='bbox 3343 2651 3469 2704; x_wconf 85' lang='lat' dir='ltr'><strong>Filii</strong></span> <span class='ocrx_word' id='word_1_570' title='bbox 3492 2670 3736 2727; x_wconf 85' lang='lat' dir='ltr'><strong>semper</strong></span> <span class='ocrx_word' id='word_1_571' title='bbox 3754 2655 3842 2708; x_wconf 86' lang='lat' dir='ltr'><strong>imi-</strong></span> 
     </span>
    </p>
   </div>
   <div class='ocr_carea' id='block_1_84' title="bbox 2220 2734 3839 2814">
    <p class='ocr_par' dir='ltr' id='par_1_84' title="bbox 2220 2734 3839 2814">
     <span class='ocr_line' id='line_1_85' title="bbox 2220 2734 3839 2814; baseline -0.002 -22"><span class='ocrx_word' id='word_1_572' title='bbox 2220 2737 2585 2802; x_wconf 87' lang='lat' dir='ltr'><strong>tamur.Quis</strong></span> <span class='ocrx_word' id='word_1_573' title='bbox 2606 2735 2761 2790; x_wconf 85' lang='lat' dir='ltr'><strong>enim</strong></span> <span class='ocrx_word' id='word_1_574' title='bbox 2786 2734 3049 2790; x_wconf 78' lang='lat' dir='ltr'><strong>ﬁdelium</strong></span> <span class='ocrx_word' id='word_1_575' title='bbox 3082 2736 3294 2790; x_wconf 90' lang='lat' dir='ltr'><strong>habere</strong></span> <span class='ocrx_word' id='word_1_576' title='bbox 3317 2739 3568 2796; x_wconf 89' lang='lat' dir='ltr'><strong>dubium</strong></span> <span class='ocrx_word' id='word_1_577' title='bbox 3603 2746 3781 2814; x_wconf 69' lang='lat' dir='ltr'><strong>possit</strong></span> <span class='ocrx_word' id='word_1_578' title='bbox 3803 2745 3839 2796; x_wconf 71' lang='lat' dir='ltr'><strong>in</strong></span> 
     </span>
    </p>
   </div>
   <div class='ocr_carea' id='block_1_85' title="bbox 2223 2822 3840 2898">
    <p class='ocr_par' dir='ltr' id='par_1_85' title="bbox 2223 2822 3840 2898">
     <span class='ocr_line' id='line_1_86' title="bbox 2223 2822 3840 2898; baseline 0.002 -17"><span class='ocrx_word' id='word_1_579' title='bbox 2223 2828 2349 2898; x_wconf 85' lang='lat' dir='ltr'><strong>ipsa</strong></span> <span class='ocrx_word' id='word_1_580' title='bbox 2386 2822 2806 2879; x_wconf 88' lang='lat' dir='ltr'><strong>immolationis</strong></span> <span class='ocrx_word' id='word_1_581' title='bbox 2834 2822 2977 2877; x_wconf 88' lang='lat' dir='ltr'><strong>hora</strong></span> <span class='ocrx_word' id='word_1_582' title='bbox 3007 2824 3077 2877; x_wconf 90' lang='lat' dir='ltr'><strong>ad</strong></span> <span class='ocrx_word' id='word_1_583' title='bbox 3119 2824 3439 2879; x_wconf 84' lang='lat' dir='ltr'><strong>sacerdotis</strong></span> <span class='ocrx_word' id='word_1_584' title='bbox 3462 2843 3679 2886; x_wconf 82' lang='lat' dir='ltr'><strong>vocem</strong></span> <span class='ocrx_word' id='word_1_585' title='bbox 3712 2832 3840 2886; x_wconf 78' lang='lat' dir='ltr'><strong>ccelos</strong></span> 
     </span>
    </p>
   </div>
   <div class='ocr_carea' id='block_1_86' title="bbox 2222 2910 3841 2986">
    <p class='ocr_par' dir='ltr' id='par_1_86' title="bbox 2222 2910 3841 2986">
     <span class='ocr_line' id='line_1_87' title="bbox 2222 2910 3841 2986; baseline 0.002 -16"><span class='ocrx_word' id='word_1_586' title='bbox 2222 2913 2472 2985; x_wconf 82' lang='lat' dir='ltr'><strong>aperiri?</strong></span> <span class='ocrx_word' id='word_1_587' title='bbox 2494 2914 2552 2967; x_wconf 92' lang='lat' dir='ltr'><strong>in</strong></span> <span class='ocrx_word' id='word_1_588' title='bbox 2576 2910 2672 2965; x_wconf 89' lang='lat' dir='ltr'><strong>illo</strong></span> <span class='ocrx_word' id='word_1_589' title='bbox 2689 2911 2828 2965; x_wconf 85' lang='lat' dir='ltr'><strong>Jesu</strong></span> <span class='ocrx_word' id='word_1_590' title='bbox 2847 2910 3061 2965; x_wconf 87' lang='lat' dir='ltr'><strong>Christi</strong></span> <span class='ocrx_word' id='word_1_591' title='bbox 3089 2913 3359 2967; x_wconf 86' lang='lat' dir='ltr'><strong>mzsterio</strong></span> <span class='ocrx_word' id='word_1_592' title='bbox 3377 2915 3733 2986; x_wconf 78' lang='lat' dir='ltr'><strong>angelorum</strong></span> <span class='ocrx_word' id='word_1_593' title='bbox 3751 2920 3841 2975; x_wconf 79' lang='lat' dir='ltr'><strong>cho-</strong></span> 
     </span>
    </p>
   </div>
   <div class='ocr_carea' id='block_1_87' title="bbox 2222 2998 3840 3064">
    <p class='ocr_par' dir='ltr' id='par_1_87' title="bbox 2222 2998 3840 3064">
     <span class='ocr_line' id='line_1_88' title="bbox 2222 2998 3840 3064; baseline 0.003 -7"><span class='ocrx_word' id='word_1_594' title='bbox 2222 3020 2316 3059; x_wconf 88' lang='lat' dir='ltr'><strong>ros</strong></span> <span class='ocrx_word' id='word_1_595' title='bbox 2339 3001 2581 3057; x_wconf 82' lang='lat' dir='ltr'><strong>adesse?</strong></span> <span class='ocrx_word' id='word_1_596' title='bbox 2602 2998 2855 3054; x_wconf 88' lang='lat' dir='ltr'><strong>summis</strong></span> <span class='ocrx_word' id='word_1_597' title='bbox 2878 3000 2997 3054; x_wconf 89' lang='lat' dir='ltr'><strong>ima</strong></span> <span class='ocrx_word' id='word_1_598' title='bbox 3018 3000 3266 3054; x_wconf 83' lang='lat' dir='ltr'><strong>sociari?</strong></span> <span class='ocrx_word' id='word_1_599' title='bbox 3288 3007 3502 3057; x_wconf 75' lang='lat' dir='ltr'><strong>terram</strong></span> <span class='ocrx_word' id='word_1_600' title='bbox 3527 3008 3840 3064; x_wconf 73' lang='lat' dir='ltr'><strong>cmlessibus</strong></span> 
     </span>
    </p>
   </div>
   <div class='ocr_carea' id='block_1_88' title="bbox 2212 3087 3829 3164">
    <p class='ocr_par' dir='ltr' id='par_1_88' title="bbox 2212 3087 3829 3164">
     <span class='ocr_line' id='line_1_89' title="bbox 2212 3087 3829 3164; baseline 0.002 -18"><span class='ocrx_word' id='word_1_601' title='bbox 2212 3090 2426 3164; x_wconf 78' lang='lat' dir='ltr'><strong>jungi?</strong></span> <span class='ocrx_word' id='word_1_602' title='bbox 2451 3104 2634 3143; x_wconf 91' lang='lat' dir='ltr'><strong>unum</strong></span> <span class='ocrx_word' id='word_1_603' title='bbox 2658 3087 2896 3158; x_wconf 89' lang='lat' dir='ltr'><strong>quidem</strong></span> <span class='ocrx_word' id='word_1_604' title='bbox 2922 3104 2989 3142; x_wconf 76' lang='lat' dir='ltr'><strong>ex</strong></span> <span class='ocrx_word' id='word_1_605' title='bbox 3007 3088 3341 3145; x_wconf 85' lang='lat' dir='ltr'><strong>visibilibus</strong></span> <span class='ocrx_word' id='word_1_606' title='bbox 3363 3095 3538 3163; x_wconf 87' lang='lat' dir='ltr'><strong>atque</strong></span> <span class='ocrx_word' id='word_1_607' title='bbox 3572 3096 3829 3153; x_wconf 82' lang='lat' dir='ltr'><strong>invisibili</strong></span> 
     </span>
    </p>
   </div>
   <div class='ocr_carea' id='block_1_89' title="bbox 2220 3177 3840 3257">
    <p class='ocr_par' dir='ltr' id='par_1_89' title="bbox 2220 3177 3840 3257">
     <span class='ocr_line' id='line_1_90' title="bbox 2220 3177 3840 3257; baseline 0.003 -20"><span class='ocrx_word' id='word_1_608' title='bbox 2220 3183 2331 3237; x_wconf 90' lang='lat' dir='ltr'><strong>bus</strong></span> <span class='ocrx_word' id='word_1_609' title='bbox 2361 3177 2523 3234; x_wconf 86' lang='lat' dir='ltr'><strong>fieri?</strong></span> <span class='ocrx_word' id='word_1_610' title='bbox 2572 3177 2683 3232; x_wconf 88' lang='lat' dir='ltr'><strong>Sed</strong></span> <span class='ocrx_word' id='word_1_611' title='bbox 2726 3193 2963 3232; x_wconf 85' lang='lat' dir='ltr'><strong>necesse</strong></span> <span class='ocrx_word' id='word_1_612' title='bbox 3010 3182 3097 3232; x_wconf 72' lang='lat' dir='ltr'><strong>est</strong></span> <span class='ocrx_word' id='word_1_613' title='bbox 3144 3184 3226 3245; x_wconf 90' lang='lat' dir='ltr'><strong>ut,</strong></span> <span class='ocrx_word' id='word_1_614' title='bbox 3263 3196 3396 3234; x_wconf 88' lang='lat' dir='ltr'><strong>cum</strong></span> <span class='ocrx_word' id='word_1_615' title='bbox 3444 3182 3567 3239; x_wconf 61' lang='lat' dir='ltr'><strong>tunc</strong></span> <span class='ocrx_word' id='word_1_616' title='bbox 3621 3188 3840 3257; x_wconf 82' lang='lat' dir='ltr'><strong>agimus.</strong></span> 
     </span>
    </p>
   </div>
   <div class='ocr_carea' id='block_1_90' title="bbox 2038 3265 3840 3339">
    <p class='ocr_par' dir='ltr' id='par_1_90' title="bbox 2038 3265 3840 3339">
     <span class='ocr_line' id='line_1_91' title="bbox 2038 3265 3840 3339; baseline 0.001 -14"><span class='ocrx_word' id='word_1_617' title='bbox 2038 3322 2047 3331; x_wconf 89' lang='grc'>,</span> <span class='ocrx_word' id='word_1_618' title='bbox 2095 3324 2104 3335; x_wconf 79' lang='grc'><em>,</em></span> <span class='ocrx_word' id='word_1_619' title='bbox 2139 3265 2182 3333; x_wconf 85' lang='lat' dir='ltr'>C</span> <span class='ocrx_word' id='word_1_620' title='bbox 2212 3268 2604 3339; x_wconf 87' lang='lat' dir='ltr'><strong>nosmetipsos</strong></span> <span class='ocrx_word' id='word_1_621' title='bbox 2638 3265 2752 3320; x_wconf 88' lang='lat' dir='ltr'><strong>Deo</strong></span> <span class='ocrx_word' id='word_1_622' title='bbox 2798 3265 2857 3319; x_wconf 92' lang='lat' dir='ltr'><strong>in</strong></span> <span class='ocrx_word' id='word_1_623' title='bbox 2911 3268 3103 3322; x_wconf 88' lang='lat' dir='ltr'><strong>cordis</strong></span> <span class='ocrx_word' id='word_1_624' title='bbox 3134 3269 3485 3326; x_wconf 84' lang='lat' dir='ltr'><strong>contritione</strong></span> <span class='ocrx_word' id='word_1_625' title='bbox 3520 3281 3840 3336; x_wconf 80' lang='lat' dir='ltr'><strong>mactemus,</strong></span> 
     </span>
    </p>
   </div>
   <div class='ocr_carea' id='block_1_91' title="bbox 2219 3355 3838 3431">
    <p class='ocr_par' dir='ltr' id='par_1_91' title="bbox 2219 3355 3838 3431">
     <span class='ocr_line' id='line_1_92' title="bbox 2219 3355 3838 3431; baseline 0.003 -18"><span class='ocrx_word' id='word_1_626' title='bbox 2219 3359 2376 3431; x_wconf 87' lang='lat' dir='ltr'><strong>quia,</strong></span> <span class='ocrx_word' id='word_1_627' title='bbox 2397 3355 2495 3428; x_wconf 93' lang='lat' dir='ltr'><strong>qui</strong></span> <span class='ocrx_word' id='word_1_628' title='bbox 2520 3355 2811 3427; x_wconf 82' lang='lat' dir='ltr'><strong>passionis</strong></span> <span class='ocrx_word' id='word_1_629' title='bbox 2834 3355 3149 3410; x_wconf 68' lang='lat' dir='ltr'><strong>Dominicis</strong></span> <span class='ocrx_word' id='word_1_630' title='bbox 3172 3359 3447 3429; x_wconf 73' lang='lat' dir='ltr'><strong>mysteria</strong></span> <span class='ocrx_word' id='word_1_631' title='bbox 3480 3361 3838 3429; x_wconf 79' lang='lat' dir='ltr'><strong>celebramus,</strong></span> 
     </span>
    </p>
   </div>
   <div class='ocr_carea' id='block_1_92' title="bbox 2218 3444 3839 3525">
    <p class='ocr_par' dir='ltr' id='par_1_92' title="bbox 2218 3444 3839 3525">
     <span class='ocr_line' id='line_1_93' title="bbox 2218 3444 3839 3525; baseline 0.004 -25"><span class='ocrx_word' id='word_1_632' title='bbox 2218 3448 2502 3502; x_wconf 86' lang='lat' dir='ltr'><strong>debemus</strong></span> <span class='ocrx_word' id='word_1_633' title='bbox 2523 3444 2737 3498; x_wconf 87' lang='lat' dir='ltr'><strong>imitari</strong></span> <span class='ocrx_word' id='word_1_634' title='bbox 2773 3444 2923 3515; x_wconf 87' lang='lat' dir='ltr'><strong>quod</strong></span> <span class='ocrx_word' id='word_1_635' title='bbox 2961 3444 3213 3517; x_wconf 87' lang='lat' dir='ltr'><strong>agimus.</strong></span> <span class='ocrx_word' id='word_1_636' title='bbox 3239 3447 3402 3501; x_wconf 91' lang='lat' dir='ltr'><strong>Tunc</strong></span> <span class='ocrx_word' id='word_1_637' title='bbox 3432 3465 3572 3522; x_wconf 84' lang='lat' dir='ltr'><strong>ergo</strong></span> <span class='ocrx_word' id='word_1_638' title='bbox 3604 3470 3735 3507; x_wconf 85' lang='lat' dir='ltr'><strong>vera</strong></span> <span class='ocrx_word' id='word_1_639' title='bbox 3764 3470 3839 3525; x_wconf 86' lang='lat' dir='ltr'><strong>pro</strong></span> 
     </span>
    </p>
   </div>
   <div class='ocr_carea' id='block_1_93' title="bbox 2220 3532 3838 3607">
    <p class='ocr_par' dir='ltr' id='par_1_93' title="bbox 2220 3532 3838 3607">
     <span class='ocr_line' id='line_1_94' title="bbox 2220 3532 3838 3607; baseline 0.003 -16"><span class='ocrx_word' id='word_1_640' title='bbox 2220 3536 2390 3591; x_wconf 89' lang='lat' dir='ltr'><strong>nobis</strong></span> <span class='ocrx_word' id='word_1_641' title='bbox 2420 3535 2535 3590; x_wconf 89' lang='lat' dir='ltr'><strong>Deo</strong></span> <span class='ocrx_word' id='word_1_642' title='bbox 2568 3532 2759 3588; x_wconf 83' lang='lat' dir='ltr'><strong>hostia</strong></span> <span class='ocrx_word' id='word_1_643' title='bbox 2787 3533 2914 3599; x_wconf 86' lang='lat' dir='ltr'><strong>erit,</strong></span> <span class='ocrx_word' id='word_1_644' title='bbox 2942 3549 3075 3588; x_wconf 89' lang='lat' dir='ltr'><strong>cum</strong></span> <span class='ocrx_word' id='word_1_645' title='bbox 3103 3551 3209 3590; x_wconf 88' lang='lat' dir='ltr'><strong>nos</strong></span> <span class='ocrx_word' id='word_1_646' title='bbox 3238 3536 3399 3607; x_wconf 85' lang='lat' dir='ltr'><strong>ipsos</strong></span> <span class='ocrx_word' id='word_1_647' title='bbox 3432 3538 3687 3595; x_wconf 85' lang='lat' dir='ltr'><strong>hostiam</strong></span> <span class='ocrx_word' id='word_1_648' title='bbox 3725 3544 3838 3595; x_wconf 68' lang='lat' dir='ltr'><strong>fere</strong></span> 
     </span>
    </p>
   </div>
   <div class='ocr_carea' id='block_1_94' title="bbox 2222 3623 3843 3699">
    <p class='ocr_par' dir='ltr' id='par_1_94' title="bbox 2222 3623 3843 3699">
     <span class='ocr_line' id='line_1_95' title="bbox 2222 3623 3843 3699; baseline 0.002 -18"><span class='ocrx_word' id='word_1_649' title='bbox 2222 3627 2316 3681; x_wconf 83' lang='lat' dir='ltr'><strong>rit.</strong></span> <span class='ocrx_word' id='word_1_650' title='bbox 2338 3624 2449 3680; x_wconf 88' lang='lat' dir='ltr'><strong>Sed</strong></span> <span class='ocrx_word' id='word_1_651' title='bbox 2473 3623 2834 3678; x_wconf 86' lang='lat' dir='ltr'><strong>studendum</strong></span> <span class='ocrx_word' id='word_1_652' title='bbox 2861 3623 3030 3679; x_wconf 89' lang='lat' dir='ltr'><strong>nobis</strong></span> <span class='ocrx_word' id='word_1_653' title='bbox 3053 3630 3162 3692; x_wconf 89' lang='lat' dir='ltr'><strong>est,</strong></span> <span class='ocrx_word' id='word_1_654' title='bbox 3183 3629 3246 3679; x_wconf 87' lang='lat' dir='ltr'><strong>ut</strong></span> <span class='ocrx_word' id='word_1_655' title='bbox 3286 3626 3459 3681; x_wconf 88' lang='lat' dir='ltr'><strong>etiam</strong></span> <span class='ocrx_word' id='word_1_656' title='bbox 3503 3636 3639 3699; x_wconf 87' lang='lat' dir='ltr'><strong>post</strong></span> <span class='ocrx_word' id='word_1_657' title='bbox 3670 3631 3843 3686; x_wconf 86' lang='lat' dir='ltr'><strong>oratio-</strong></span> 
     </span>
    </p>
   </div>
   <div class='ocr_carea' id='block_1_95' title="bbox 2223 3711 3843 3790">
    <p class='ocr_par' dir='ltr' id='par_1_95' title="bbox 2223 3711 3843 3790">
     <span class='ocr_line' id='line_1_96' title="bbox 2223 3711 3843 3790; baseline 0 -19"><span class='ocrx_word' id='word_1_658' title='bbox 2223 3717 2316 3771; x_wconf 88' lang='lat' dir='ltr'><strong>nis</strong></span> <span class='ocrx_word' id='word_1_659' title='bbox 2347 3718 2628 3784; x_wconf 89' lang='lat' dir='ltr'><strong>tempora,</strong></span> <span class='ocrx_word' id='word_1_660' title='bbox 2654 3711 2713 3766; x_wconf 90' lang='lat' dir='ltr'><strong>in</strong></span> <span class='ocrx_word' id='word_1_661' title='bbox 2745 3717 3029 3783; x_wconf 86' lang='lat' dir='ltr'><strong>quantum</strong></span> <span class='ocrx_word' id='word_1_662' title='bbox 3064 3713 3181 3768; x_wconf 89' lang='lat' dir='ltr'><strong>Deo</strong></span> <span class='ocrx_word' id='word_1_663' title='bbox 3219 3712 3503 3786; x_wconf 85' lang='lat' dir='ltr'><strong>largiente</strong></span> <span class='ocrx_word' id='word_1_664' title='bbox 3536 3735 3843 3790; x_wconf 85' lang='lat' dir='ltr'><strong>possumus,</strong></span> 
     </span>
    </p>
   </div>
   <div class='ocr_carea' id='block_1_96' title="bbox 2224 3802 3843 3876">
    <p class='ocr_par' dir='ltr' id='par_1_96' title="bbox 2224 3802 3843 3876">
     <span class='ocr_line' id='line_1_97' title="bbox 2224 3802 3843 3876; baseline 0.001 -16"><span class='ocrx_word' id='word_1_665' title='bbox 2224 3806 2283 3860; x_wconf 91' lang='lat' dir='ltr'><strong>in</strong></span> <span class='ocrx_word' id='word_1_666' title='bbox 2317 3805 2444 3876; x_wconf 90' lang='lat' dir='ltr'><strong>ipso</strong></span> <span class='ocrx_word' id='word_1_667' title='bbox 2475 3802 2741 3857; x_wconf 87' lang='lat' dir='ltr'><strong>animum</strong></span> <span class='ocrx_word' id='word_1_668' title='bbox 2782 3817 2889 3856; x_wconf 90' lang='lat' dir='ltr'><strong>suo</strong></span> <span class='ocrx_word' id='word_1_669' title='bbox 2937 3802 3192 3872; x_wconf 88' lang='lat' dir='ltr'><strong>pondere</strong></span> <span class='ocrx_word' id='word_1_670' title='bbox 3223 3808 3279 3858; x_wconf 87' lang='lat' dir='ltr'><strong>et</strong></span> <span class='ocrx_word' id='word_1_671' title='bbox 3324 3805 3521 3876; x_wconf 88' lang='lat' dir='ltr'><strong>vigore</strong></span> <span class='ocrx_word' id='word_1_672' title='bbox 3557 3823 3843 3872; x_wconf 86' lang='lat' dir='ltr'><strong>servemus,</strong></span> 
     </span>
    </p>
   </div>
   <div class='ocr_carea' id='block_1_97' title="bbox 2226 3890 3845 3965">
    <p class='ocr_par' dir='ltr' id='par_1_97' title="bbox 2226 3890 3845 3965">
     <span class='ocr_line' id='line_1_98' title="bbox 2226 3890 3845 3965; baseline -0.001 -15"><span class='ocrx_word' id='word_1_673' title='bbox 2226 3913 2297 3950; x_wconf 86' lang='lat' dir='ltr'><strong>ne</strong></span> <span class='ocrx_word' id='word_1_674' title='bbox 2328 3897 2460 3965; x_wconf 86' lang='lat' dir='ltr'><strong>post</strong></span> <span class='ocrx_word' id='word_1_675' title='bbox 2489 3890 2763 3963; x_wconf 88' lang='lat' dir='ltr'><strong>cogitatio</strong></span> <span class='ocrx_word' id='word_1_676' title='bbox 2786 3891 2940 3945; x_wconf 78' lang='lat' dir='ltr'><strong>ﬂuxa</strong></span> <span class='ocrx_word' id='word_1_677' title='bbox 2962 3890 3260 3959; x_wconf 84' lang='lat' dir='ltr'><strong>dissolvat,</strong></span> <span class='ocrx_word' id='word_1_678' title='bbox 3297 3910 3368 3948; x_wconf 88' lang='lat' dir='ltr'><strong>ne</strong></span> <span class='ocrx_word' id='word_1_679' title='bbox 3396 3910 3549 3950; x_wconf 84' lang='lat' dir='ltr'><strong>vana</strong></span> <span class='ocrx_word' id='word_1_680' title='bbox 3580 3897 3751 3952; x_wconf 82' lang='lat' dir='ltr'><strong>menti</strong></span> <span class='ocrx_word' id='word_1_681' title='bbox 3780 3895 3845 3949; x_wconf 56' lang='lat' dir='ltr'><strong>la.L</strong></span> 
     </span>
    </p>
   </div>
   <div class='ocr_carea' id='block_1_98' title="bbox 2225 3979 3844 4057">
    <p class='ocr_par' dir='ltr' id='par_1_98' title="bbox 2225 3979 3844 4057">
     <span class='ocr_line' id='line_1_99' title="bbox 2225 3979 3844 4057; baseline -0.001 -19"><span class='ocrx_word' id='word_1_682' title='bbox 2225 3984 2358 4039; x_wconf 87' lang='lat' dir='ltr'><strong>titia</strong></span> <span class='ocrx_word' id='word_1_683' title='bbox 2387 3982 2665 4052; x_wconf 85' lang='lat' dir='ltr'><strong>subrepat</strong></span> <span class='ocrx_word' id='word_1_684' title='bbox 2696 3984 2753 4034; x_wconf 90' lang='lat' dir='ltr'><strong>et</strong></span> <span class='ocrx_word' id='word_1_685' title='bbox 2784 3979 3016 4035; x_wconf 90' lang='lat' dir='ltr'><strong>lucrum</strong></span> <span class='ocrx_word' id='word_1_686' title='bbox 3049 3983 3521 4054; x_wconf 85' lang='lat' dir='ltr'><strong>compunctionis</strong></span> <span class='ocrx_word' id='word_1_687' title='bbox 3548 3988 3740 4041; x_wconf 86' lang='lat' dir='ltr'><strong>anima</strong></span> <span class='ocrx_word' id='word_1_688' title='bbox 3768 4000 3844 4057; x_wconf 84' lang='lat' dir='ltr'><strong>per</strong></span> 
     </span>
    </p>
   </div>
   <div class='ocr_carea' id='block_1_99' title="bbox 2227 4068 3845 4145">
    <p class='ocr_par' dir='ltr' id='par_1_99' title="bbox 2227 4068 3845 4145">
     <span class='ocr_line' id='line_1_100' title="bbox 2227 4068 3845 4145; baseline -0.001 -18"><span class='ocrx_word' id='word_1_689' title='bbox 2227 4072 2515 4128; x_wconf 86' lang='lat' dir='ltr'><strong>incuriam</strong></span> <span class='ocrx_word' id='word_1_690' title='bbox 2547 4070 2713 4125; x_wconf 64' lang='lat' dir='ltr'><strong>ﬂuxa:</strong></span> <span class='ocrx_word' id='word_1_691' title='bbox 2735 4068 3107 4141; x_wconf 88' lang='lat' dir='ltr'><strong>cogitationis</strong></span> <span class='ocrx_word' id='word_1_692' title='bbox 3134 4071 3356 4142; x_wconf 86' lang='lat' dir='ltr'><strong>perdat.</strong></span> <span class='ocrx_word' id='word_1_693' title='bbox 3383 4071 3534 4127; x_wconf 87' lang='lat' dir='ltr'><strong>Dum</strong></span> <span class='ocrx_word' id='word_1_694' title='bbox 3559 4081 3749 4129; x_wconf 76' lang='lat' dir='ltr'><strong>autem</strong></span> <span class='ocrx_word' id='word_1_695' title='bbox 3768 4086 3845 4145; x_wconf 83' lang='lat' dir='ltr'><strong>per</strong></span> 
     </span>
    </p>
   </div>
   <div class='ocr_carea' id='block_1_100' title="bbox 2229 4158 3839 4231">
    <p class='ocr_par' dir='ltr' id='par_1_100' title="bbox 2229 4158 3839 4231">
     <span class='ocr_line' id='line_1_101' title="bbox 2229 4158 3839 4231; baseline -0.003 -13"><span class='ocrx_word' id='word_1_696' title='bbox 2229 4161 2440 4218; x_wconf 90' lang='lat' dir='ltr'><strong>indulti</strong></span> <span class='ocrx_word' id='word_1_697' title='bbox 2463 4158 2744 4231; x_wconf 84' lang='lat' dir='ltr'><strong>temporis</strong></span> <span class='ocrx_word' id='word_1_698' title='bbox 2776 4159 3030 4230; x_wconf 84' lang='lat' dir='ltr'><strong>spatium</strong></span> <span class='ocrx_word' id='word_1_699' title='bbox 3058 4158 3213 4225; x_wconf 86' lang='lat' dir='ltr'><strong>licet,</strong></span> <span class='ocrx_word' id='word_1_700' title='bbox 3232 4160 3374 4215; x_wconf 87' lang='lat' dir='ltr'><strong>dum</strong></span> <span class='ocrx_word' id='word_1_701' title='bbox 3399 4160 3587 4231; x_wconf 84' lang='lat' dir='ltr'><strong>judex</strong></span> <span class='ocrx_word' id='word_1_702' title='bbox 3609 4162 3839 4223; x_wconf 83' lang='lat' dir='ltr'><strong>sustinet,</strong></span> 
     </span>
    </p>
   </div>
   <div class='ocr_carea' id='block_1_101' title="bbox 2228 4247 3839 4320">
    <p class='ocr_par' dir='ltr' id='par_1_101' title="bbox 2228 4247 3839 4320">
     <span class='ocr_line' id='line_1_102' title="bbox 2228 4247 3839 4320; baseline -0.002 -15"><span class='ocrx_word' id='word_1_703' title='bbox 2228 4252 2369 4306; x_wconf 88' lang='lat' dir='ltr'><strong>dum</strong></span> <span class='ocrx_word' id='word_1_704' title='bbox 2393 4247 2828 4305; x_wconf 89' lang='lat' dir='ltr'><strong>conversionem</strong></span> <span class='ocrx_word' id='word_1_705' title='bbox 2853 4252 3113 4302; x_wconf 86' lang='lat' dir='ltr'><strong>nostram</strong></span> <span class='ocrx_word' id='word_1_706' title='bbox 3138 4248 3314 4320; x_wconf 86' lang='lat' dir='ltr'><strong>is,qui</strong></span> <span class='ocrx_word' id='word_1_707' title='bbox 3336 4247 3541 4320; x_wconf 82' lang='lat' dir='ltr'><strong>culpas</strong></span> <span class='ocrx_word' id='word_1_708' title='bbox 3564 4251 3839 4309; x_wconf 80' lang='lat' dir='ltr'><strong>examinat,</strong></span> 
     </span>
    </p>
   </div>
   <div class='ocr_carea' id='block_1_102' title="bbox 2227 4335 3837 4410">
    <p class='ocr_par' dir='ltr' id='par_1_102' title="bbox 2227 4335 3837 4410">
     <span class='ocr_line' id='line_1_103' title="bbox 2227 4335 3837 4410; baseline -0.002 -15"><span class='ocrx_word' id='word_1_709' title='bbox 2227 4342 2540 4410; x_wconf 72' lang='lat' dir='ltr'><strong>exspectat,</strong></span> <span class='ocrx_word' id='word_1_710' title='bbox 2575 4336 2897 4392; x_wconf 76' lang='lat' dir='ltr'><strong>conflamus</strong></span> <span class='ocrx_word' id='word_1_711' title='bbox 2932 4336 2988 4390; x_wconf 90' lang='lat' dir='ltr'><strong>in</strong></span> <span class='ocrx_word' id='word_1_712' title='bbox 3023 4335 3298 4408; x_wconf 76' lang='lat' dir='ltr'><strong>lacrymis</strong></span> <span class='ocrx_word' id='word_1_713' title='bbox 3330 4336 3608 4395; x_wconf 73' lang='lat' dir='ltr'><strong>duritiam</strong></span> <span class='ocrx_word' id='word_1_714' title='bbox 3644 4337 3837 4399; x_wconf 83' lang='lat' dir='ltr'><strong>mentis,</strong></span> 
     </span>
    </p>
   </div>
   <div class='ocr_carea' id='block_1_103' title="bbox 2231 4424 3839 4498">
    <p class='ocr_par' dir='ltr' id='par_1_103' title="bbox 2231 4424 3839 4498">
     <span class='ocr_line' id='line_1_104' title="bbox 2231 4424 3839 4498; baseline -0.005 -14"><span class='ocrx_word' id='word_1_715' title='bbox 2231 4431 2550 4484; x_wconf 86' lang='lat' dir='ltr'><strong>formemus</strong></span> <span class='ocrx_word' id='word_1_716' title='bbox 2585 4425 2643 4480; x_wconf 90' lang='lat' dir='ltr'><strong>in</strong></span> <span class='ocrx_word' id='word_1_717' title='bbox 2694 4425 2974 4496; x_wconf 84' lang='lat' dir='ltr'><strong>proximis</strong></span> <span class='ocrx_word' id='word_1_718' title='bbox 3003 4426 3252 4497; x_wconf 85' lang='lat' dir='ltr'><strong>gratiam</strong></span> <span class='ocrx_word' id='word_1_719' title='bbox 3306 4426 3703 4498; x_wconf 72' lang='lat' dir='ltr'><strong>benignitatis,</strong></span> <span class='ocrx_word' id='word_1_720' title='bbox 3725 4430 3773 4481; x_wconf 88' lang='lat' dir='ltr'><strong>ct</strong></span> <span class='ocrx_word' id='word_1_721' title='bbox 3796 4424 3839 4478; x_wconf 87' lang='lat' dir='ltr'><strong>ti-</strong></span> 
     </span>
    </p>
   </div>
   <div class='ocr_carea' id='block_1_104' title="bbox 2229 4513 3836 4586">
    <p class='ocr_par' dir='ltr' id='par_1_104' title="bbox 2229 4513 3836 4586">
     <span class='ocr_line' id='line_1_105' title="bbox 2229 4513 3836 4586; baseline -0.005 -13"><span class='ocrx_word' id='word_1_722' title='bbox 2229 4519 2432 4573; x_wconf 87' lang='lat' dir='ltr'><strong>denter</strong></span> <span class='ocrx_word' id='word_1_723' title='bbox 2461 4517 2613 4582; x_wconf 90' lang='lat' dir='ltr'><strong>dico,</strong></span> <span class='ocrx_word' id='word_1_724' title='bbox 2647 4513 2784 4585; x_wconf 90' lang='lat' dir='ltr'><strong>quia</strong></span> <span class='ocrx_word' id='word_1_725' title='bbox 2815 4513 3055 4570; x_wconf 88' lang='lat' dir='ltr'><strong>salutari</strong></span> <span class='ocrx_word' id='word_1_726' title='bbox 3090 4514 3280 4570; x_wconf 84' lang='lat' dir='ltr'><strong>hostia</strong></span> <span class='ocrx_word' id='word_1_727' title='bbox 3319 4520 3450 4586; x_wconf 87' lang='lat' dir='ltr'><strong>post</strong></span> <span class='ocrx_word' id='word_1_728' title='bbox 3482 4524 3720 4571; x_wconf 78' lang='lat' dir='ltr'><strong>mortem</strong></span> <span class='ocrx_word' id='word_1_729' title='bbox 3750 4528 3836 4568; x_wconf 87' lang='lat' dir='ltr'><strong>non</strong></span> 
     </span>
    </p>
   </div>
   <div class='ocr_carea' id='block_1_105' title="bbox 2149 4601 3837 4706">
    <p class='ocr_par' dir='ltr' id='par_1_105' title="bbox 2149 4601 3837 4706">
     <span class='ocr_line' id='line_1_106' title="bbox 2149 4601 3837 4706; baseline -0.005 -42"><span class='ocrx_word' id='word_1_730' title='bbox 2149 4640 2195 4706; x_wconf 83' lang='lat' dir='ltr'><strong>D</strong></span> <span class='ocrx_word' id='word_1_731' title='bbox 2230 4607 2646 4679; x_wconf 89' lang='lat' dir='ltr'><strong>indigebimus,</strong></span> <span class='ocrx_word' id='word_1_732' title='bbox 2674 4603 2721 4659; x_wconf 90' lang='lat' dir='ltr'><strong>si</strong></span> <span class='ocrx_word' id='word_1_733' title='bbox 2747 4608 2878 4660; x_wconf 88' lang='lat' dir='ltr'><strong>ante</strong></span> <span class='ocrx_word' id='word_1_734' title='bbox 2903 4609 3147 4659; x_wconf 88' lang='lat' dir='ltr'><strong>mortem</strong></span> <span class='ocrx_word' id='word_1_735' title='bbox 3193 4604 3308 4658; x_wconf 90' lang='lat' dir='ltr'><strong>Deo</strong></span> <span class='ocrx_word' id='word_1_736' title='bbox 3340 4603 3533 4661; x_wconf 88' lang='lat' dir='ltr'><strong>hostia</strong></span> <span class='ocrx_word' id='word_1_737' title='bbox 3565 4606 3671 4679; x_wconf 85' lang='lat' dir='ltr'><strong>ipsi</strong></span> <span class='ocrx_word' id='word_1_738' title='bbox 3704 4601 3837 4658; x_wconf 85' lang='lat' dir='ltr'><strong>fueri-</strong></span> 
     </span>
    </p>
   </div>
   <div class='ocr_carea' id='block_1_106' title="bbox 2228 4715 2380 4754">
    <p class='ocr_par' dir='ltr' id='par_1_106' title="bbox 2228 4715 2380 4754">
     <span class='ocr_line' id='line_1_107' title="bbox 2228 4715 2380 4754; baseline -0.026 0"><span class='ocrx_word' id='word_1_739' title='bbox 2228 4715 2380 4754; x_wconf 72' lang='lat' dir='ltr'><strong>IDUS.</strong></span> 
     </span>
    </p>
   </div>
   <div class='ocr_carea' id='block_1_107' title="bbox 2224 4789 3831 4863">
    <p class='ocr_par' dir='ltr' id='par_1_107' title="bbox 2224 4789 3831 4863">
     <span class='ocr_line' id='line_1_108' title="bbox 2224 4789 3831 4863; baseline -0.009 -10"><span class='ocrx_word' id='word_1_740' title='bbox 2224 4800 2356 4853; x_wconf 78' lang='lat' dir='ltr'><strong>CAP.</strong></span> <span class='ocrx_word' id='word_1_741' title='bbox 2383 4793 2521 4851; x_wconf 87' lang='lat' dir='ltr'><strong>LIV.</strong></span> <span class='ocrx_word' id='word_1_742' title='bbox 2547 4792 2751 4859; x_wconf 82' lang='lat' dir='ltr'><strong>—-Qua</strong></span> <span class='ocrx_word' id='word_1_743' title='bbox 2782 4790 3101 4863; x_wconf 82' lang='lat' dir='ltr'><strong>disciplina,</strong></span> <span class='ocrx_word' id='word_1_744' title='bbox 3150 4808 3257 4863; x_wconf 79' lang='lat' dir='ltr'><strong>qua</strong></span> <span class='ocrx_word' id='word_1_745' title='bbox 3302 4789 3564 4848; x_wconf 71' lang='lat' dir='ltr'><strong>modestia</strong></span> <span class='ocrx_word' id='word_1_746' title='bbox 3612 4789 3831 4849; x_wconf 67' lang='lat' dir='ltr'><strong>orandam</strong></span> 
     </span>
    </p>
   </div>
   <div class='ocr_carea' id='block_1_108' title="bbox 2296 4863 3833 4937">
    <p class='ocr_par' dir='ltr' id='par_1_108' title="bbox 2296 4863 3833 4937">
     <span class='ocr_line' id='line_1_109' title="bbox 2296 4863 3833 4937; baseline -0.008 -15"><span class='ocrx_word' id='word_1_747' title='bbox 2296 4870 2384 4927; x_wconf 82' lang='lat' dir='ltr'><strong>sit.</strong></span> <span class='ocrx_word' id='word_1_748' title='bbox 2420 4884 2539 4919; x_wconf 81' lang='lat' dir='ltr'><strong>cum</strong></span> <span class='ocrx_word' id='word_1_749' title='bbox 2570 4863 2815 4919; x_wconf 81' lang='lat' dir='ltr'><strong>sacerdos</strong></span> <span class='ocrx_word' id='word_1_750' title='bbox 2864 4864 3153 4934; x_wconf 76' lang='lat' dir='ltr'><strong>sacriﬁcat,</strong></span> <span class='ocrx_word' id='word_1_751' title='bbox 3188 4871 3240 4919; x_wconf 80' lang='lat' dir='ltr'><strong>et</strong></span> <span class='ocrx_word' id='word_1_752' title='bbox 3280 4867 3656 4937; x_wconf 70' lang='lat' dir='ltr'><strong>unusquisque</strong></span> <span class='ocrx_word' id='word_1_753' title='bbox 3685 4865 3735 4917; x_wconf 80' lang='lat' dir='ltr'><strong>in</strong></span> <span class='ocrx_word' id='word_1_754' title='bbox 3760 4872 3833 4914; x_wconf 75' lang='lat' dir='ltr'><strong>suo</strong></span> 
     </span>
    </p>
   </div>
   <div class='ocr_carea' id='block_1_109' title="bbox 2295 4936 3640 5007">
    <p class='ocr_par' dir='ltr' id='par_1_109' title="bbox 2295 4936 3640 5007">
     <span class='ocr_line' id='line_1_110' title="bbox 2295 4936 3640 5007; baseline -0.002 -13"><span class='ocrx_word' id='word_1_755' title='bbox 2295 4938 2485 4994; x_wconf 68' lang='lat' dir='ltr'><strong>ordine</strong></span> <span class='ocrx_word' id='word_1_756' title='bbox 2514 4936 2703 4991; x_wconf 84' lang='lat' dir='ltr'><strong>horam</strong></span> <span class='ocrx_word' id='word_1_757' title='bbox 2727 4951 2894 4990; x_wconf 66' lang='lat' dir='ltr'><strong>sacrae</strong></span> <span class='ocrx_word' id='word_1_758' title='bbox 2923 4937 3322 4990; x_wconf 52' lang='lat' dir='ltr'><strong>romrmzmiom‘s</strong></span> <span class='ocrx_word' id='word_1_759' title='bbox 3353 4936 3640 5007; x_wconf 77' lang='lat' dir='ltr'><strong>exspectat.</strong></span> 
     </span>
    </p>
   </div>
   <div class='ocr_carea' id='block_1_110' title="bbox 2297 5006 3829 5091">
    <p class='ocr_par' dir='ltr' id='par_1_110' title="bbox 2297 5006 3829 5091">
     <span class='ocr_line' id='line_1_111' title="bbox 2297 5006 3829 5091; baseline -0.01 -15"><span class='ocrx_word' id='word_1_760' title='bbox 2297 5021 2613 5091; x_wconf 86' lang='lat' dir='ltr'><strong>Postquam</strong></span> <span class='ocrx_word' id='word_1_761' title='bbox 2628 5016 2684 5071; x_wconf 88' lang='lat' dir='ltr'><strong>in</strong></span> <span class='ocrx_word' id='word_1_762' title='bbox 2702 5016 2985 5088; x_wconf 86' lang='lat' dir='ltr'><strong>superiori</strong></span> <span class='ocrx_word' id='word_1_763' title='bbox 2997 5016 3105 5070; x_wconf 88' lang='lat' dir='ltr'><strong>bus</strong></span> <span class='ocrx_word' id='word_1_764' title='bbox 3121 5016 3187 5071; x_wconf 85' lang='lat' dir='ltr'><strong>de</strong></span> <span class='ocrx_word' id='word_1_765' title='bbox 3204 5022 3572 5073; x_wconf 74' lang='lat' dir='ltr'><strong>sacramento</strong></span> <span class='ocrx_word' id='word_1_766' title='bbox 3587 5006 3829 5073; x_wconf 81' lang='lat' dir='ltr'><strong>Dominici</strong></span> 
     </span>
    </p>
   </div>
   <div class='ocr_carea' id='block_1_111' title="bbox 2224 5103 3829 5180">
    <p class='ocr_par' dir='ltr' id='par_1_111' title="bbox 2224 5103 3829 5180">
     <span class='ocr_line' id='line_1_112' title="bbox 2224 5103 3829 5180; baseline -0.006 -15"><span class='ocrx_word' id='word_1_767' title='bbox 2224 5108 2483 5180; x_wconf 86' lang='lat' dir='ltr'><strong>corporis</strong></span> <span class='ocrx_word' id='word_1_768' title='bbox 2502 5113 2559 5162; x_wconf 84' lang='lat' dir='ltr'><strong>et</strong></span> <span class='ocrx_word' id='word_1_769' title='bbox 2574 5106 2878 5177; x_wconf 84' lang='lat' dir='ltr'><strong>sanguinis</strong></span> <span class='ocrx_word' id='word_1_770' title='bbox 2899 5103 3067 5177; x_wconf 88' lang='lat' dir='ltr'><strong>plura</strong></span> <span class='ocrx_word' id='word_1_771' title='bbox 3077 5105 3203 5176; x_wconf 87' lang='lat' dir='ltr'><strong>jam</strong></span> <span class='ocrx_word' id='word_1_772' title='bbox 3224 5105 3829 5173; x_wconf 79' lang='lat' dir='ltr'><strong>diximus,consequens</strong></span> 
     </span>
    </p>
   </div>
   <div class='ocr_carea' id='block_1_112' title="bbox 2221 5185 3829 5269">
    <p class='ocr_par' dir='ltr' id='par_1_112' title="bbox 2221 5185 3829 5269">
     <span class='ocr_line' id='line_1_113' title="bbox 2221 5185 3829 5269; baseline -0.009 -15"><span class='ocrx_word' id='word_1_773' title='bbox 2221 5205 2327 5267; x_wconf 84' lang='lat' dir='ltr'><strong>est,</strong></span> <span class='ocrx_word' id='word_1_774' title='bbox 2355 5203 2417 5252; x_wconf 87' lang='lat' dir='ltr'><strong>ut</strong></span> <span class='ocrx_word' id='word_1_775' title='bbox 2442 5213 2556 5269; x_wconf 85' lang='lat' dir='ltr'><strong>qua</strong></span> <span class='ocrx_word' id='word_1_776' title='bbox 2588 5194 2927 5257; x_wconf 80' lang='lat' dir='ltr'><strong>reverentia,</strong></span> <span class='ocrx_word' id='word_1_777' title='bbox 2954 5210 3139 5265; x_wconf 84' lang='lat' dir='ltr'><strong>quove</strong></span> <span class='ocrx_word' id='word_1_778' title='bbox 3172 5210 3350 5260; x_wconf 87' lang='lat' dir='ltr'><strong>more,</strong></span> <span class='ocrx_word' id='word_1_779' title='bbox 3378 5199 3660 5265; x_wconf 75' lang='lat' dir='ltr'><strong>quantove</strong></span> <span class='ocrx_word' id='word_1_780' title='bbox 3691 5185 3829 5245; x_wconf 83' lang='lat' dir='ltr'><strong>disci-</strong></span> 
     </span>
    </p>
   </div>
   <div class='ocr_carea' id='block_1_113' title="bbox 2220 5274 3827 5358">
    <p class='ocr_par' dir='ltr' id='par_1_113' title="bbox 2220 5274 3827 5358">
     <span class='ocr_line' id='line_1_114' title="bbox 2220 5274 3827 5358; baseline -0.004 -19"><span class='ocrx_word' id='word_1_781' title='bbox 2220 5287 2399 5358; x_wconf 83' lang='lat' dir='ltr'><strong>plina,</strong></span> <span class='ocrx_word' id='word_1_782' title='bbox 2426 5300 2561 5340; x_wconf 84' lang='lat' dir='ltr'><strong>cum</strong></span> <span class='ocrx_word' id='word_1_783' title='bbox 2595 5283 2866 5338; x_wconf 88' lang='lat' dir='ltr'><strong>sacerdos</strong></span> <span class='ocrx_word' id='word_1_784' title='bbox 2906 5298 3131 5338; x_wconf 89' lang='lat' dir='ltr'><strong>sacram</strong></span> <span class='ocrx_word' id='word_1_785' title='bbox 3183 5281 3449 5338; x_wconf 88' lang='lat' dir='ltr'><strong>immolat</strong></span> <span class='ocrx_word' id='word_1_786' title='bbox 3480 5282 3742 5341; x_wconf 81' lang='lat' dir='ltr'><strong>hostiam,</strong></span> <span class='ocrx_word' id='word_1_787' title='bbox 3770 5274 3827 5327; x_wconf 81' lang='lat' dir='ltr'><strong>di-</strong></span> 
     </span>
    </p>
   </div>
   <div class='ocr_carea' id='block_1_114' title="bbox 2216 5367 3825 5445">
    <p class='ocr_par' dir='ltr' id='par_1_114' title="bbox 2216 5367 3825 5445">
     <span class='ocr_line' id='line_1_115' title="bbox 2216 5367 3825 5445; baseline -0.007 -16"><span class='ocrx_word' id='word_1_788' title='bbox 2216 5374 2369 5430; x_wconf 90' lang='lat' dir='ltr'><strong>vinis</strong></span> <span class='ocrx_word' id='word_1_789' title='bbox 2394 5389 2497 5427; x_wconf 88' lang='lat' dir='ltr'><strong>nos</strong></span> <span class='ocrx_word' id='word_1_790' title='bbox 2520 5374 2782 5444; x_wconf 85' lang='lat' dir='ltr'><strong>oporteat</strong></span> <span class='ocrx_word' id='word_1_791' title='bbox 2801 5371 3084 5427; x_wconf 87' lang='lat' dir='ltr'><strong>interesse</strong></span> <span class='ocrx_word' id='word_1_792' title='bbox 3108 5371 3424 5443; x_wconf 86' lang='lat' dir='ltr'><strong>mysteriis,</strong></span> <span class='ocrx_word' id='word_1_793' title='bbox 3451 5374 3508 5426; x_wconf 90' lang='lat' dir='ltr'><strong>et</strong></span> <span class='ocrx_word' id='word_1_794' title='bbox 3541 5367 3825 5445; x_wconf 82' lang='lat' dir='ltr'><strong>percipien-</strong></span> 
     </span>
    </p>
   </div>
   <div class='ocr_carea' id='block_1_115' title="bbox 2221 5455 3821 5525">
    <p class='ocr_par' dir='ltr' id='par_1_115' title="bbox 2221 5455 3821 5525">
     <span class='ocr_line' id='line_1_116' title="bbox 2221 5455 3821 5525; baseline -0.006 -7"><span class='ocrx_word' id='word_1_795' title='bbox 2221 5466 2303 5518; x_wconf 73' lang='lat' dir='ltr'><strong>da:</strong></span> <span class='ocrx_word' id='word_1_796' title='bbox 2330 5464 2708 5519; x_wconf 68' lang='lat' dir='ltr'><strong>sacrosancta:</strong></span> <span class='ocrx_word' id='word_1_797' title='bbox 2741 5458 3107 5516; x_wconf 73' lang='lat' dir='ltr'><strong>eucharistize</strong></span> <span class='ocrx_word' id='word_1_798' title='bbox 3141 5459 3342 5515; x_wconf 86' lang='lat' dir='ltr'><strong>horam</strong></span> <span class='ocrx_word' id='word_1_799' title='bbox 3376 5459 3681 5525; x_wconf 84' lang='lat' dir='ltr'><strong>sustinere,</strong></span> <span class='ocrx_word' id='word_1_800' title='bbox 3706 5455 3821 5509; x_wconf 66' lang='lat' dir='ltr'><strong>sicut</strong></span> 
     </span>
    </p>
   </div>
   <div class='ocr_carea' id='block_1_116' title="bbox 2291 5586 2753 5660">
    <p class='ocr_par' dir='ltr' id='par_1_116' title="bbox 2291 5586 2753 5660">
     <span class='ocr_line' id='line_1_117' title="bbox 2291 5586 2753 5660; baseline -0.004 -17"><span class='ocrx_word' id='word_1_801' title='bbox 2291 5590 2404 5660; x_wconf 77' lang='grc'><strong>(10)</strong></span> <span class='ocrx_word' id='word_1_802' title='bbox 2435 5588 2577 5643; x_wconf 75' lang='lat' dir='ltr'><strong>Vide</strong></span> <span class='ocrx_word' id='word_1_803' title='bbox 2612 5586 2753 5642; x_wconf 90' lang='lat' dir='ltr'><strong>ibid.</strong></span> 
     </span>
    </p>
   </div>
  </div>
