3912 6366
77 439 197 502 401

929 430 1162 496 LIBER
1202 429 1304 492 DE
1349 426 1709 489 CORPORIS
1755 425 1855 488 ET
1902 427 2298 491 SANGUINE
2343 425 2673 492 CHRISTI.

3390 432 3506 496 402

81 549 261 607 nobis
316 543 499 604 nostri
559 543 847 600 tradidere
894 542 1167 612 majores,
1201 542 1255 594 et
1286 554 1319 593 a
1350 534 1739 592 sanctissimis
1769 536 1824 603 Α
1853 538 1911 590 et
1941 532 2069 606 ipsa
2097 533 2350 591 ecclesia:
2386 535 2581 602 facies,
2616 540 2670 593 et
2714 536 2838 610 ipsa
2868 553 3005 595 vasa
3044 537 3264 609 altaris,
3300 542 3399 598 sed
3451 544 3510 597 et

80 640 320 696 Domini
341 635 766 699 sacerdotibus,
782 632 1136 705 Cyprianum
1160 628 1287 682 dico
1311 632 1484 698 atque
1504 624 1743 679 Ambro-

79 730 266 795 sium,
300 728 487 781 edocti
522 722 862 793 sumus,qui
896 722 954 775 in
986 720 1109 774 suis
1138 718 1248 773 hoc
1281 716 1563 787 scriptum
1617 712 1743 767 reli-

79 835 265 892 quere
299 814 484 882 libris,
521 813 577 867 in
610 814 725 866 fine
757 811 937 882 hujus
978 806 1157 862 libelli
1198 807 1267 861 de
1322 803 1522 859 multis
1558 819 1742 874 pauca

78 926 399 981 ponamus.
417 908 673 970 Quorum
697 919 851 956 unus
870 900 1194 971 Cyprianus
1216 894 1437 951 scilicet
1461 912 1472 949 ί
1498 894 1740 959 Quando

77 998 301 1069 inquit.
336 995 393 1049 in
454 1009 639 1049 unum
698 1008 830 1045 cum
889 989 1168 1043 fratribus
1231 984 1631 1048 convenimus,
1686 984 1742 1036 et
1792 1062 1793 1065 η

77 1085 373 1142 sacrificia
403 1082 600 1137 divina
629 1096 763 1134 cum
788 1078 887 1132 Dei
920 1075 1217 1131 sacerdote
1247 1072 1739 1137 celebramus,ve-

77 1176 378 1230 recunrlim
412 1182 461 1226 et
490 1168 809 1240 disciplinas
833 1183 1120 1221 memores
1140 1180 1266 1218 esse
1290 1162 1601 1225 debemus;
1626 1176 1739 1214 non

78 1262 307 1336 passim
340 1260 617 1316 ventilare
649 1274 847 1330 preces
880 1259 1110 1311 nostras
1142 1250 1456 1308 inconditis
1476 1248 1737 1314 vocibus,

75 1371 188 1410 nec
242 1352 580 1425 petitionem
625 1345 1152 1403 commendandam
1200 1342 1460 1396 modeste
1494 1338 1740 1394 Domino

74 1442 455 1499 tumultuosa
478 1433 1231 1509 loquacitatejactare,quia
1251 1430 1404 1485 Deus
1425 1445 1539 1484 non
1561 1427 1738 1495 vocis,

76 1533 183 1588 sed
220 1532 412 1587 cordis
443 1528 675 1584 auditor
704 1530 811 1581 est.
843 1524 957 1579 Nec
988 1521 1394 1578 admonendus
1422 1526 1510 1573 est
1533 1517 1743 1572 clamo-

75 1623 271 1689 ribns,
307 1620 406 1693 qui
440 1614 820 1691 cogitationes
849 1612 1022 1667 videt.
1059 1610 1144 1665 Sit
1192 1612 1385 1665 autem
1436 1606 1741 1662 orantibus

76 1729 300 1775 sermo,
336 1712 393 1765 et
424 1706 676 1779 precatio
721 1718 856 1756 cum
903 1698 1234 1770 disciplina,
1268 1698 1523 1769 quietem
1564 1696 1741 1750 conti-

74 1818 231 1857 nens
264 1803 317 1853 et
353 1799 655 1869 pudorem.
675 1790 1008 1863 Cogitemus
1033 1804 1136 1841 nos
1170 1785 1279 1839 sub
1302 1788 1614 1855 conspectu
1640 1782 1739 1837 Dei

74 1896 262 1945 stare.
301 1884 652 1942 Placendum
686 1885 773 1936 est
804 1877 1015 1933 divinis
1049 1874 1233 1931 oculis
1264 1879 1319 1929 et
1370 1873 1575 1928 habitu
1616 1890 1740 1926 cor-

75 1977 247 2050 poris
272 1980 327 2029 ct
349 1974 525 2028 modo
547 1971 724 2025 vocis.
744 1969 889 2024 Nam
919 1972 977 2021 ut
1006 1964 1369 2037 impudentis
1390 1967 1475 2017 est
1499 1961 1737 2016 clamori

75 2069 197 2124 bus
223 2069 496 2136 strepere,
520 2061 600 2116 ita
622 2058 810 2131 magis
826 2053 1436 2127 congruitvereeundo
1460 2050 1743 2105 modestis

77 2154 362 2229 precibus
391 2168 575 2218 orare,
610 2154 720 2204 etc.
759 2146 982 2217 Reliqua
1016 2143 1133 2199 ride
1157 2160 1244 2214 ap.
1279 2142 1330 2198 S.
1359 2142 1521 2213 Cypr.
1557 2140 1651 2195 lib.
1680 2139 1743 2196 de

80 2245 235 2301 Orat.
269 2243 573 2298 Dtmtirfca.

78 2336 222 2392 CAP.
260 2332 372 2387 EV.
408 2363 473 2370 —-
512 2328 648 2397 Quid
680 2326 973 2382 carcndum
1010 2328 1065 2379 in
1109 2325 1352 2379 oratione
1398 2323 1488 2387 sit,
1521 2329 1571 2377 et
1620 2337 1747 2393 qua-

591 2401 733 2459 liter,
752 2397 1014 2470 faciendis
1040 2412 1241 2467 preces.

160 2490 547 2551 Beatissinms
570 2504 801 2561 quoque
823 2482 1742 2558 przesulAmbrosius,prctiosum

84 2584 268 2641 divini
291 2580 503 2653 eloquii
527 2575 1033 2651 organum,loeum
1057 2574 1218 2628 illum
1246 2573 1430 2627 sancti
1452 2571 1744 2645 Evangelii

84 2690 405 2745 exponens,
426 2686 537 2741 lpro
560 2667 847 2723 Dominus
873 2666 926 2719 in
954 2662 1223 2718 cubiculo
1240 2663 1526 2716 orandum
1554 2660 1746 2731 prreci-

87 2764 197 2837 pit,
235 2777 412 2833 quam
448 2762 633 2819 caute,
669 2770 852 2827 quave
885 2753 1194 2824 disciplina
1229 2751 1347 2805 sint
1381 2749 1746 2822 imploranda

88 2836 365 2926 praesidia
394 2848 539 2903 satis
586 2843 912 2900 luculenter
958 2841 1175 2896 indicat
1213 2857 1223 2895 :
1260 2838 1628 2902 Cubiculum,
1665 2836 1747 2892 in-

90 2940 429 3013 quit,tuum
455 2933 665 2990 mentis
687 2948 987 2999 arcanum,
1004 2931 1304 3001 animique
1328 2933 1612 2983 secretum
1638 2931 1743 2981 est.

92 3030 159 3086 In
194 3030 299 3083 hoc
329 3024 669 3082 cubiculum
702 3018 1188 3085 tuumintra,hoc
1223 3022 1309 3073 est
1349 3018 1501 3071 intra
1538 3016 1592 3070 in
1629 3016 1749 3069 alta

90 3115 429 3192 prmeordia,
465 3117 572 3169 etc.
603 3111 825 3183 Reliqua
858 3108 975 3164 vide
1006 3125 1093 3178 ap.
1128 3106 1184 3161 S.
1206 3106 1411 3171 Arnim,
1434 3106 1469 3159 ι.
1497 3104 1602 3159 Ide
1625 3105 1749 3159 .thrl

88 3216 143 3265 et
173 3208 331 3271 Cain,
364 3221 483 3275 cap.
516 3202 570 3255 9.

192 3296 317 3352 Car.
354 3292 493 3349 LVI.
528 3321 596 3331 ——
630 3290 937 3414 Cyprittgtts
965 3286 1033 3342 ad
1053 3286 1257 3341 clerum
1290 3284 1354 3339 de
1384 3283 1651 3356 precando

780 3408 789 3414 .
870 3376 1012 3414 eum.

780 3408 789 3418 .
824 3376 992 3414 uelum
1002 3400 1012 3412 .

164 3458 279 3524 (ll)
312 3452 633 3527 Cyprianus
669 3448 1021 3521 presbyteris
1054 3452 1111 3503 et
1160 3446 1504 3502 diaconibns
1558 3444 1747 3498 fratri-

95 3549 205 3602 bus
236 3542 510 3599 salutem.
544 3540 891 3609 Quanquam
922 3536 1127 3603 sciam,
1161 3536 1367 3590 fratres
1392 3532 1745 3600 cbarissimi,

93 3652 199 3708 pro
226 3648 443 3697 amore,
479 3646 652 3702 quem
680 3625 893 3699 singuli
930 3626 1210 3681 debemus
1242 3624 1357 3679 Deo
1389 3627 1496 3677 etc.

92 3726 229 3781 CAP.
270 3720 434 3775 LVII.
469 3749 536 3758 —
568 3716 727 3788 Quod
754 3717 1025 3788 etiamin
1073 3714 1335 3788 exteriori
1380 3712 1528 3788 cultu
1568 3724 1747 3763 sacro-

323 3799 572 3847 sanctum
585 3783 872 3841 ‘Dominici
896 3787 1069 3840 altare
1097 3783 1406 3839 ornandum
1435 3785 1523 3837 sit.

169 3880 509 3955 Mysterium
529 3875 729 3932 altaris
756 3875 813 3928 in
838 3872 1171 3945 primordiis
1196 3871 1459 3926 Ecclesiae
1493 3886 1603 3923 non
1631 3876 1749 3923 tam

96 3976 450 4044 frequenter,
483 3965 568 4021 uti
600 3980 753 4019 nunc
785 3963 1131 4025 celebratur,
1165 3966 1360 4015 tamen
1411 3965 1629 4031 quanto
1663 3972 1753 4012 ra—‘

95 4062 244 4126 rius,
274 4062 435 4112 tanto
469 4053 799 4126 religiosius
844 4052 1143 4123 agebatur.
1179 4051 1465 4120 Tempore
1499 4064 1753 4118 namque

96 4150 361 4224 priorum
388 4145 626 4200 Patrum
649 4141 763 4196 illis
784 4142 1221 4211 injungebatur,
1238 4143 1303 4194 ut
1324 4137 1553 4193 Eusebii
1581 4142 1756 4191 recrt

100 4236 377 4301 Historia,
411 4231 776 4289 sacriﬁcandi
812 4229 1094 4289 ol'ticinm,
1118 4228 1220 4300 qui
1252 4227 1502 4281 naturali
1537 4224 1758 4295 simpli~

100 4330 277 4383 citate
309 4321 810 4394 fulgebant,juxta
840 4317 983 4372 illud
1010 4334 1021 4371 :
1048 4320 1191 4371 Cum
1235 4315 1603 4387 simplicibus
1637 4330 1753 4368 ser-

102 4411 417 4472 mocinatio
448 4411 591 4479 ejus.
617 4408 699 4461 Ad
724 4407 877 4479 quod
910 4405 1255 4478 mysterium
1278 4405 1375 4476 qui
1409 4402 1759 4475 participare

101 4497 794 4567 debebant,discalceatis
828 4495 1072 4567 pedibus
1116 4495 1490 4561 accedebant,
1525 4497 1763 4565 propter

101 4592 272 4655 illud,
308 4589 459 4661 quod
494 4586 678 4658 Moysi
727 4592 785 4641 et
827 4585 1004 4640 Josue
1056 4589 1405 4656 praiceptum
1437 4589 1528 4638 est
1561 4599 1572 4636 :
1607 4584 1763 4638 Solve

1853 624 2216 690 linteamina,
2262 642 2361 679 seu
2423 625 2693 696 qua-libet
2750 633 2973 693 caetera,
3020 645 3145 699 qua:
3206 632 3276 685 ad
3329 650 3505 688 usum

1852 713 2167 768 Dominicis
2209 713 2509 768 servitutis
2549 715 2863 785 pertinent,
2900 716 3208 771 manifeste
3242 718 3510 774 demons-

1852 805 2028 856 trant.
2065 802 2187 857 Non
2224 817 2459 856 necesse
2493 809 2578 856 est
2601 802 2833 873 singula
2864 804 3206 876 singillatim
3243 808 3505 877 prodere.

1852 890 2010 946 Satis
2041 896 2200 962 putet
2230 908 2355 963 qua:
2389 891 2711 945 studiosius
2746 894 3078 949 sacerdotes
3122 894 3341 962 colunt,
3380 914 3505 968 quae

1852 995 1961 1032 sua
1990 983 2147 1045 sunt,
2170 997 2240 1033 an
2276 996 2402 1051 quae
2436 979 2655 1033 altaris.
2692 981 2801 1034 Sed
2837 981 3117 1037 nimirum
3150 1000 3283 1038 cum
3316 986 3504 1039 cbari-

1852 1071 1963 1133 tas,
1997 1084 2124 1139 qua)
2156 1066 2455 1138 plenitudo
2486 1067 2632 1139 legis
2667 1072 2774 1133 est,
2810 1086 2878 1123 ne
2915 1074 3034 1125 tota
3055 1072 3181 1141 jam
3218 1074 3501 1144 refriguit,

1851 1157 2143 1228 quomodo
2176 1156 2233 1210 in
2265 1157 2647 1211 sacriﬁcando
2682 1161 2838 1212 tanta
2863 1160 3224 1215 continuatio
3251 1180 3503 1234 perseve-

1851 1247 1959 1311 rat,
1995 1244 2105 1300 nisi
2140 1245 2273 1316 quia
2308 1244 2601 1316 malignus
2634 1246 2818 1301 hostis
2855 1248 2909 1302 in
2961 1248 3069 1303 hoc
3120 1252 3504 1307 sacriﬁcanti-

1850 1331 1961 1388 bus
1994 1350 2107 1387 non
2139 1333 2577 1401 contradicit,in
2603 1352 2715 1407 quo
2742 1337 2930 1409 magis
2951 1355 3048 1393 eos
3076 1342 3297 1411 gravari
3324 1344 3501 1397 novit.

1850 1423 2047 1494 Neque
2092 1422 2248 1478 enim
2298 1423 2514 1478 Judam
2558 1425 2743 1479 vetuit
2773 1425 3189 1483 eucharistiam
3243 1447 3501 1492 sumere:

1852 1510 2018 1567 scivit
2044 1512 2223 1577 enim,
2258 1513 2396 1584 quia
2427 1513 2579 1567 sicut
2610 1529 2643 1568 a
2673 1515 2893 1569 devotis
2924 1533 3025 1586 per
3058 1516 3215 1571 illius
3244 1520 3502 1590 mysterii

1853 1602 2284 1673 perceptionem
2318 1602 2447 1671 ejus
2495 1602 2654 1657 fraus
2704 1605 3117 1675 compescitur,
3152 1606 3232 1661 sic
3282 1608 3340 1662 in
3392 1608 3503 1669 bis,

1852 1691 1950 1763 qui
2002 1690 2150 1745 hanc
2203 1690 2427 1763 indigni
2481 1691 2830 1763 percipiunt,
2866 1692 3139 1749 licentius
3179 1704 3503 1766 grassatur.

1851 1780 2063 1836 Contra
2096 1778 2224 1835 illos
2256 1780 2471 1834 ctenim
2503 1782 2599 1851 qui
2652 1780 2992 1837 exteriorem
3044 1783 3238 1855 glorim
3280 1785 3505 1839 cultum

1855 1868 2160 1941 negligant
2216 1869 2501 1924 Dominus
2549 1886 2651 1940 per
2699 1869 3045 1925 Malachiam
3099 1873 3379 1943 (Illif‘l‘lilll‘
3420 1874 3506 1928 di-

1853 1976 1989 2013 cens
2023 1975 2034 2011 :
2072 1957 2111 2011 0
2142 1974 2232 2014 vos
2261 1956 2579 2021 sacerdotes,
2610 1961 2703 2029 qui
2747 1958 3023 2030 despicitis
3066 1978 3257 2016 nomen
3305 1980 3505 2021 meum,

1850 2056 1898 2103 et
1949 2048 2170 2103 (lanistis
2200 2065 2219 2100 :
2250 2047 2311 2101 In
2360 2052 2499 2119 quo?
2532 2048 2592 2102 In
2638 2047 2736 2102 hoc
2775 2047 3051 2120 despicitis
3081 2066 3274 2105 nomen
3307 2068 3507 2116 mcmn,

1850 2137 2128 2209 oﬂ'erentes
2160 2152 2323 2209 super
2348 2136 2522 2193 altare
2544 2152 2726 2191 meum
2748 2154 2949 2207 panem
2972 2140 3263 2209 pollutum.
3293 2149 3341 2194 et
3372 2141 3506 2195 dici-

1851 2228 1919 2282 tis
1949 2245 1967 2281 :
2000 2226 2177 2282 Marsa
2207 2227 2427 2282 Domini
2451 2227 2660 2297 polluta
2708 2234 2803 2281 est.
2852 2226 3128 2282 Polluunt
3180 2230 3510 2285 sacerdotes

1852 2333 2087 2389 panem,
2145 2315 2201 2370 id
2259 2319 2349 2370 est
2420 2332 2631 2386 corpus
2689 2314 2923 2383 Christi,
2988 2319 3222 2388 quando
3283 2318 3506 2390 indigni

1854 2406 2135 2460 accedunt
2162 2405 2233 2459 ad
2266 2402 2468 2458 altare.
2502 2403 2765 2459 Mensam
2815 2420 2947 2460 vero
2991 2406 3347 2477 despectum,
3378 2406 3512 2462 licet

1851 2494 2044 2549 verbis
2078 2510 2191 2547 non
2221 2492 2439 2560 dicant,
2473 2496 2668 2547 tamen
2698 2510 2831 2547 cum
2867 2494 2971 2564 ipsi
3007 2494 3347 2549 extez-ioiem
3382 2496 3507 2564 ejus

1855 2581 2078 2637 cultum
2115 2598 2229 2637 non
2262 2585 2493 2647 ornant,
2527 2598 2652 2635 eam
2685 2582 2860 2636 etiam
2896 2581 3060 2636 laicis
3092 2582 3505 2654 despicabilem

1854 2672 2099 2732 faciunt.
2133 2669 2413 2743 quoniam
2448 2669 2770 2724 carnalium
2808 2688 3015 2725 sensus
3048 2673 3248 2727 deesse
3299 2676 3511 2743 putant

1856 2759 2243 2816 sanctimonia
2270 2758 2475 2813 divince
2506 2758 2755 2828 virtutis,
2774 2758 2871 2815 ubi
2905 2760 3104 2815 deesse
3127 2760 3321 2815 vident
3347 2777 3513 2816 orna-

1855 2855 1981 2905 tum
2015 2848 2375 2903 ambitionis.

1856 2940 1990 2995 CAP.
2028 2937 2220 2993 LVIII.
2258 2967 2323 2977 —
2366 2936 2514 3004 Quod
2562 2937 2711 2991 nihil
2758 2954 2922 3009 super
2971 2940 3146 2994 altare
3202 2938 3512 3010 ponendum

2142 3012 2215 3063 sit
2238 3017 2437 3080 prater
2464 3018 2856 3064 sacrosanctam
2882 3011 3223 3065 oblationem.

1932 3099 2029 3152 Est
2078 3096 2321 3151 ecclesia
2372 3098 2551 3151 beatis
2596 3097 2935 3169 Walburgis
2968 3098 3025 3153 in
3068 3116 3183 3169 qua
3232 3098 3517 3153 miracula

1865 3186 1983 3241 ﬁeri
2015 3186 2299 3240 solebant.
2336 3185 2589 3257 Contigit
2622 3191 2817 3241 autem
2869 3187 3202 3259 aliquando,
3241 3192 3305 3242 ut
3359 3189 3515 3259 ejus-

1781 3283 1825 3350 C
1864 3278 1997 3330 dem
2032 3278 2245 3329 sancta:
2294 3273 2629 3347 Walburgis
2678 3274 2935 3347 reliquiae
2984 3294 3159 3347 super
3206 3277 3383 3332 altare
3417 3293 3517 3347 per

1858 3364 2085 3436 aliquot
2107 3364 2231 3417 dies
2266 3370 2592 3425 manerent,
2627 3363 2723 3417 sed
2760 3380 2895 3419 mox
2926 3364 3205 3419 miracula
3257 3380 3514 3420 cessavc-

1858 3458 2017 3509 runt.
2054 3452 2314 3507 Tandem
2349 3468 2480 3506 vero
2514 3451 2642 3523 ipsa
2671 3451 2828 3523 virgo
2862 3452 3092 3507 cuidam
3146 3469 3214 3507 ex
3264 3452 3516 3508 infirmis

1860 3557 2148 3614 apparens
2182 3556 2193 3592 :
2232 3539 2471 3600 Idcirco,
2506 3539 2719 3610 inquit.
2745 3556 2859 3593 non
2888 3538 3199 3605 sananiini,
3222 3539 3357 3609 quia
3390 3538 3517 3594 reli-

1860 3630 2009 3702 quia:
2044 3646 2182 3682 mea:
2214 3632 2348 3681 sunt
2384 3644 2561 3696 super
2593 3626 2771 3681 altare
2801 3626 3053 3691 Domini,
3089 3627 3186 3682 ubi
3236 3628 3514 3697 majestas

1860 3718 2036 3775 divini
2083 3715 2343 3787 mystcrii
2388 3716 2557 3770 debet
2608 3715 2978 3769 solummodo
3026 3715 3516 3781 celebrari.Quod

1860 3822 1995 3861 cum
2025 3804 2123 3859 ille
2175 3803 2521 3858 custodibus
2574 3805 2831 3867 referret,
2868 3801 3131 3857 tulerunt
3173 3819 3430 3873 capsam,
3460 3806 3517 3858 et

1860 3893 2130 3966 protinus
2160 3891 2441 3946 miracula
2476 3891 2596 3945 fieri
2630 3894 2945 3963 coeperunt.
2975 3890 3033 3946 Si
3067 3890 3244 3963 igitur
3265 3892 3336 3947 ob
3357 3890 3519 3948 illius

1862 3982 2121 4055 mysterii
2156 3980 2533 4036 reverentiam
2568 3995 2671 4035 nec
2722 3979 2850 4051 ipsa
2896 3997 3004 4036 sua
3048 3980 3292 4053 pignora
3330 3980 3518 4036 sancti

1860 4071 2064 4127 volunt
2093 4068 2332 4141 propius
2359 4067 2777 4141 vicinari,quid
2803 4070 3162 4125 censendum
3204 4074 3290 4125 est
3325 4070 3395 4125 de
3418 4070 3521 4125 im-

1865 4158 2211 4215 munditiis?

1863 4250 1999 4304 CAP.
2038 4246 2173 4303 LIX.
2209 4279 2275 4287 —
2307 4247 2456 4315 Quod
2484 4263 2582 4318 pro
2631 4247 2917 4303 homicidis
2965 4255 3017 4302 et
3062 4247 3367 4302 latronibus
3410 4264 3520 4301 non

2418 4327 2497 4374 est
2523 4320 2964 4389 sacriﬁcandum.

1940 4410 2003 4464 In
2035 4425 2101 4464 ea
2148 4408 2238 4463 via
2276 4424 2403 4479 quae
2452 4408 2820 4463 Alvernensis
2859 4405 3196 4462 monasterii
3240 4406 3402 4460 ducit
3445 4405 3518 4460 ad

1870 4499 2084 4567 forum,
2116 4501 2206 4552 est
2234 4495 2479 4551 ecclesia
2509 4498 2564 4551 S.
2603 4495 2774 4563 Petri,
2808 4512 2936 4565 quae
2967 4495 3184 4549 dicitur
3213 4495 3284 4548 ad
3331 4495 3516 4557 Salas,

1871 4586 1929 4641 in
1954 4588 2125 4656 cujus
2148 4584 2362 4640 vicinia
2383 4585 2659 4639 manebat
2681 4585 2921 4656 quidam
2946 4583 3113 4651 latro,
3134 4584 3233 4655 qui
3256 4584 3405 4638 duos
3429 4583 3520 4637 iti-

103 4683 528 4738 azlccamentum
570 4676 635 4730 de
674 4675 900 4747 pellibus
950 4676 1088 4737 tuis;
1120 4681 1266 4728 terra
1319 4674 1487 4736 enim,
1550 4674 1609 4726 in
1654 4688 1763 4745 qua
1792 4653 1839 4718 Ι)
1871 4679 2325 4745 nerantes,quos
2356 4672 2610 4744 hospitio
2633 4676 2994 4745 susceperat,
3012 4653 3262 4744 spoliare
3301 4672 3521 4741 volens,

102 4780 238 4833 stas,
270 4777 416 4825 terra
453 4773 640 4821 sancta
685 4772 782 4819 est.
834 4763 1085 4819 Sanctus
1135 4778 1366 4834 quoque
1410 4761 1759 4817 Pachomius

106 4858 429 4933 pistoribus
491 4854 763 4926 praecepit
827 4858 910 4919 ut,
966 4868 1099 4907 cum
1157 4851 1484 4907 oblationes
1549 4867 1759 4923 coque-

109 4954 260 5015 rent,
289 4943 575 5001 salutaria
606 4942 1050 5007 meditarentur,
1086 4938 1228 4995 nihil
1260 4956 1405 4995 vane
1435 4938 1759 5011 loquentes.

111 5039 256 5093 Cum
279 5049 415 5105 ergo
452 5031 559 5087 hoc
607 5031 662 5084 in
716 5028 1071 5084 monasterio
1121 5029 1462 5084 Tabenense
1500 5030 1764 5100 'quadam

110 5128 233 5181 vice
262 5121 598 5186 violaretur,
634 5118 833 5174 statim
868 5116 1177 5173 Pachomio
1224 5117 1506 5172 divinitus
1550 5118 1769 5172 revela~

115 5220 241 5270 tum
268 5216 379 5266 est.
413 5208 523 5274 Qui
567 5208 836 5279 protinus
884 5205 1257 5260 Theodorum
1309 5206 1552 5260 mittens
1596 5205 1771 5275 negli.

117 5299 370 5375 gentiam
404 5297 578 5361 hanc,
607 5294 767 5351 velut
816 5293 994 5349 divini
1042 5294 1307 5365 praecepti
1353 5295 1769 5366 transgressio-

117 5405 269 5450 nem.
306 5384 607 5442 emendari
629 5383 835 5454 jussit.
867 5382 940 5437 Ut
968 5399 1124 5438 nunc
1156 5381 1320 5437 valde
1369 5382 1605 5454 quidem
1659 5385 1768 5437 fre-

119 5474 533 5550 quentius,sed
568 5471 941 5545 quod,nimis
971 5471 1288 5527 dolendum
1320 5475 1426 5537 est,
1454 5469 1639 5526 multo
1670 5488 1768 5526 ne-

121 5564 436 5639 gligentius
447 5562 872 5634 frequentatur.
891 5562 1073 5625 Quam
1095 5558 1315 5615 scilicet
1333 5558 1767 5632 negligentiam,

190 5697 306 5766 (11)
330 5693 479 5751 Vide
509 5709 601 5766 ep.
634 5695 686 5750 8.
722 5692 781 5749 S.
817 5691 986 5765 Cypr.

1873 4768 2039 4819 nocte
2068 4762 2395 4817 interficere
2426 4762 2686 4824 tentavit,
2704 4762 2802 4814 sed
2830 4759 2913 4815 illi
2949 4760 3325 4833 praivalentes
3356 4762 3529 4816 iuter—

1871 4854 2133 4907 fecerunt
2151 4868 2317 4917 eum;
2350 4867 2603 4921 cumque
2629 4850 2998 4921 sepeliendus
3016 4850 3085 4905 ad
3110 4849 3415 4906 ecclesiam
3437 4851 3533 4909 de-

1874 4941 2144 5007 ferretur,
2176 4939 2448 4995 sacerdos
2478 4955 2582 5009 pro
2614 4955 2679 4994 eo
2713 4938 2958 4993 missam
3009 4937 3302 4995 celebrare
3333 4938 3527 5012 ccepit.

1874 5029 2021 5084 Cum
2053 5044 2187 5101 ergo
2221 5028 2291 5082 ad
2326 5027 2497 5081 verba
2529 5026 2982 5082 consecrationis
3005 5027 3309 5083 Dominica
3337 5030 3531 5085 venire

1880 5118 2135 5182 deberet,
2170 5114 2443 5171 terribilis
2477 5132 2657 5170 sonus
2690 5116 2747 5169 in
2796 5120 2947 5171 tecto
2994 5116 3249 5173 ecclesia:
3299 5134 3530 5189 percre-

1882 5207 2029 5278 puit,
2053 5210 2111 5261 et
2141 5204 2319 5261 altare
2351 5222 2537 5277 usque
2568 5206 2638 5261 ad
2673 5205 2897 5261 radices
2919 5205 3169 5262 scissum
3196 5207 3533 5280 est.Sicquc

1882 5295 2155 5351 sacerdos
2183 5310 2318 5349 cum
2350 5294 2626 5349 omnibus
2648 5294 2867 5365 ingenti
2893 5312 3099 5367 pavore
3122 5294 3427 5367 perculsus
3452 5296 3532 5351 t‘u-

1880 5385 1985 5456 git,
2016 5388 2073 5438 et
2104 5399 2205 5453 pro
2237 5386 2503 5454 apostata
2537 5382 2864 5438 sacrificare
2897 5384 3163 5440 cessavit.
3184 5384 3300 5441 Hoc
3336 5390 3532 5440 autem

1880 5476 2084 5527 contra
2113 5488 2212 5527 eos
2244 5471 2465 5526 dictum
2498 5471 2709 5542 sit,qui
2733 5487 2837 5543 pro
2862 5472 3159 5530 sceleratis
3192 5473 3262 5527 ob
3285 5474 3534 5544 gratiam

1882 5577 2082 5614 eorum
2117 5578 2175 5615 se
2207 5565 2473 5615 oraturos
2506 5559 2873 5631 pollicentur.
