3912 6366
377 368 496 435 403

1446 374 1773 439 GEZONIS
1819 373 2156 437 ABBATIS
2202 376 2737 440 DERTONENSIS

3700 376 3827 439 404

380 503 516 563 CAP.
551 507 660 564 LX.
695 538 763 548 -—
801 508 877 564 De
932 506 1018 563 his
1070 508 1167 580 qui
1221 509 1619 587 etemnosynam
1675 511 1943 577 tribuunt,
1988 517 2039 564 ct
2066 510 2120 575 Α
2150 514 2401 580 quodam
2436 515 2741 583 monacho,
2776 512 2899 587 qui,
2922 516 2987 569 ut
3018 512 3210 583 credo,
3236 530 3350 570 non
3381 512 3532 569 bene
3562 526 3822 586 compos

855 587 1071 650 peccata
1101 598 1209 637 non
1240 581 1543 637 dimittunt.

450 692 559 758 Qui
591 691 673 747 ita
703 692 1132 767 eleemosynam
1165 696 1392 764 tribuit,
1426 701 1492 751 ut
1523 696 1755 767 culpam
1791 714 1903 751 non
1949 696 2036 751 di-

378 783 593 849 mittat,
628 782 888 839 animam
949 803 1062 840 non
1109 786 1362 853 redimit,
1396 805 1573 859 quam
1626 805 1660 842 a
1700 788 1858 841 vitiis
1921 805 2036 841 non

378 870 718 942 compescit.
754 872 870 927 Hoc
900 872 996 929 ille
1027 875 1272 930 eremita
1300 893 1406 931 suo
1456 878 1605 930 facto
1653 877 1877 947 probat,
1912 876 2035 947 qui,

379 974 516 1014 cum
549 958 751 1015 multis
782 961 1102 1019 virtutibus
1125 982 1257 1019 cum
1281 966 1534 1036 quodam
1563 982 1667 1020 suo
1688 965 1909 1031 collega
1938 966 2036 1018 de-

380 1048 814 1115 scrvissct,hzec
837 1049 918 1103 illi
946 1068 1047 1122 per
1067 1052 1366 1106 diabolum
1390 1053 1601 1122 injecta
1633 1053 1905 1120 cogitatio
1927 1057 2035 1115 est,

380 1139 448 1190 ut
478 1136 949 1209 quandocumque
972 1138 1215 1193 libidine
1241 1139 1594 1206 titillaretur,
1612 1139 1693 1193 sic
1718 1156 1915 1191 semen
1947 1140 2040 1191 de-

377 1224 521 1278 tritu
553 1224 825 1297 genitalis
856 1228 1102 1281 membri
1127 1246 1357 1299 egerere
1387 1230 1638 1294 deberet,
1662 1235 1725 1281 ut
1760 1234 2037 1298 tanquam

381 1311 595 1384 ﬂegma
623 1314 695 1369 de
726 1316 970 1371 naribus
1001 1316 1328 1387 projiceret.
1363 1316 1470 1381 Qui
1502 1318 1574 1371 ob
1610 1317 1687 1383 id,
1722 1322 1779 1371 et
1824 1318 2036 1370 dromo-

381 1400 558 1457 nibus
591 1402 1115 1470 moriens,vidente
1138 1406 1582 1470 socio,traditus
1608 1411 1714 1459 est.
1751 1406 1894 1460 Cum
1920 1404 2041 1476 qui-

382 1489 517 1544 dem
549 1489 738 1546 isdem
770 1492 965 1548 socius
998 1498 1225 1549 reatum
1257 1495 1386 1565 ejus
1416 1495 1831 1566 ignorans,sed
1879 1511 2037 1548 exer-

381 1575 521 1632 citia
549 1577 835 1634 virtutum
868 1580 1131 1637 recolens
1179 1599 1323 1653 pene
1357 1584 1683 1654 desperavit
1712 1582 1913 1637 dicens
1947 1598 1960 1635 :
1995 1581 2039 1636 Ο

383 1664 518 1736 quis
567 1667 784 1737 poterit
829 1667 1026 1724 salvus
1074 1686 1227 1737 esse,
1260 1673 1495 1742 quando
1544 1672 1652 1727 iste
1694 1672 1905 1743 periit?
1934 1670 2038 1725 Cui

384 1769 519 1809 mox
548 1754 795 1827 angelus
827 1762 1029 1814 astans
1071 1759 1218 1813 dixit
1251 1776 1263 1813 :
1300 1760 1380 1815 Ne
1418 1760 1693 1816 turberis.
1716 1761 1830 1815 Iste
1879 1760 2037 1815 enim

382 1840 522 1944 licet
546 1844 761 1944 ‘multa
808 1847 1027 1944 fecerit,
1053 1852 1267 1944 tamen
1298 1867 1401 1921 per
1450 1850 1593 1905 illud
1625 1849 2034 1944 vitiumqupd
2068 1881 2117 1944 Β

380 1931 698 2003 Apostolus
743 1941 910 1991 vocat
931 1935 1392 2006 immunditiam,
1427 1944 1638 1994 cuncta
1659 1938 1917 1993 foedavit.
1958 1937 2039 1991 De

383 2036 500 2091 quo
521 2022 806 2094 propheta
827 2025 941 2080 ait:
966 2026 1156 2082 Manus
1187 2036 1377 2084 vestra:
1403 2030 1673 2099 sanguine
1692 2029 1869 2099 ρίστων
1886 2033 2034 2092 sunt,

382 2108 687 2180 Siquidem
705 2114 818 2168 tale
839 2113 1060 2186 aliquid
1082 2121 1282 2172 nostro
1301 2122 1557 2188 tempore
1579 2116 1840 2188 contigit,
1858 2115 2036 2187 quod,

382 2214 457 2254 ne
487 2198 579 2255 sui
611 2201 864 2259 novitate
886 2203 1144 2273 vilescat,
1170 2206 1661 2262 considerandum
1694 2211 1803 2260 est.

553 2314 689 2371 CAP.
725 2316 863 2373 LXI.
898 2350 964 2359 —
993 2321 1331 2392 Stupendum
1355 2324 1525 2377 nimis
1551 2322 1616 2378 de
1646 2321 1877 2393 quodam

1045 2394 1380 2465 presbytero.

456 2484 705 2549 Quidam
736 2504 993 2561 namque
1021 2490 1324 2563 presbyter
1348 2491 1409 2545 in
1456 2491 1607 2562 Page
1646 2490 2038 2545 Abitincatino

385 2570 459 2626 de
489 2574 851 2633 continentia
880 2579 1310 2651 desperaverat.
1345 2582 1445 2637 llic
1493 2598 1595 2654 per
1635 2599 1840 2637 novem
1884 2582 2039 2636 vices

386 2657 633 2718 Romam
650 2665 854 2735 adiit,a
868 2667 929 2722 B.
948 2669 1112 2724 Petro
1134 2669 1356 2725 scilicet
1375 2670 1787 2742 impunitatem
1805 2669 2040 2724 sceleris

384 2750 554 2820 quasi
585 2759 823 2828 propter
842 2757 1205 2831 frequentem
1230 2759 1337 2814 loci
1361 2760 1753 2815 visitationem
1795 2776 2039 2830 sperans

383 2843 737 2911 promereﬁ;
767 2848 1039 2918 quamvis
1070 2849 1226 2903 enim
1254 2854 1556 2921 peccatum
1602 2850 1867 2903 deserere
1914 2847 2038 2902 nol-

381 2925 483 2996 let,
517 2932 713 2987 tamen
742 2934 1118 2991 vehementer
1146 2938 1410 3005 timebat,
1446 2938 1723 3009 quoniam
1778 2938 1886 2989 iste
1912 2954 2039 2990 mos

383 3019 476 3071 est
518 3034 850 3090 pravorum,
884 3028 950 3078 ut
997 3024 1131 3080 licet
1178 3025 1237 3079 in
1287 3026 1462 3097 culpa
1509 3025 1870 3094 superbiant,
1907 3024 2038 3097 licet;

383 3118 562 3173 prava
592 3106 747 3162 foras
777 3110 1054 3166 audacter
1084 3113 1318 3179 faciant,
1351 3114 1410 3167 in
1443 3115 1613 3167 corde
1643 3116 1835 3166 tamen
1864 3115 2040 3184 trepi-

382 3190 521 3246 dare
552 3200 860 3267 coguntur,
877 3202 943 3252 ut
972 3198 1095 3269 ipse
1128 3200 1303 3254 timor
1319 3200 1395 3254 sit
1414 3204 1587 3271 aptus
1606 3199 1771 3254 testis
1792 3200 2034 3255 damna-

379 3277 579 3336 tionis.
606 3281 768 3340 Unde
794 3286 977 3341 Adam
1011 3291 1141 3358 post
1170 3287 1402 3359 culpam
1427 3289 1497 3342 ad
1525 3287 1838 3342 latibulum
1863 3289 2031 3361 fugit,

384 3371 486 3426 sed
520 3375 717 3428 tamen
748 3376 925 3430 etiam
950 3376 1165 3433 timens
1197 3378 1634 3451 fugit,multum
1659 3378 1876 3444 timuit,
1897 3379 2035 3450 quia

385 3460 503 3519 Deo
534 3464 758 3520 duriter
786 3468 1105 3539 respondit.
1142 3468 1244 3524 Hic
1276 3484 1411 3541 ergo
1443 3468 1658 3522 timens
1698 3467 1865 3539 quasi
1898 3468 2036 3523 reli-

382 3550 576 3624 gionis
600 3554 950 3627 obsequium
982 3557 1296 3612 deferebat.
1326 3557 1435 3613 Sed
1470 3560 1533 3611 ut
1562 3555 1714 3611 Deus
1764 3558 2033 3612 ostende-

382 3642 490 3708 ret,
524 3642 679 3713 quod
710 3642 1169 3699 satisfactionem
1202 3645 1313 3699 nisi
1344 3662 1447 3717 pro
1478 3644 1570 3699 his
1602 3646 1875 3715 peccatis,
1907 3661 2035 3717 quas

381 3730 754 3800 deseruntur,
789 3749 906 3787 non
955 3734 1189 3804 recepit,
1225 3749 1358 3788 cum
1409 3733 1622 3788 rediret
1680 3749 1835 3788 nona
1891 3735 2033 3803 vice,

378 3822 437 3874 et
465 3820 633 3891 quasi
666 3820 927 3877 securior
956 3822 1333 3877 concubitum
1365 3826 1670 3893 repeteret,
1714 3822 1795 3877 ita
1842 3822 2034 3877 divino

368 3908 595 3980 judicio
627 3906 807 3963 miser
834 3908 1158 3977 interiit,ut
1179 3926 1311 3964 cum
1336 3925 1534 3965 semen
1561 3911 1900 3979 elfunderet,
1918 3912 2038 3966 ani-

377 4013 537 4053 mam
568 3998 787 4069 pariter
810 3998 1126 4069 exhalaret,
1159 4000 1311 4055 sicut
1340 4000 1539 4056 infelix
1580 4001 1791 4056 mulier
1839 4003 2033 4074 perhi-

379 4084 529 4141 buit.

380 4198 516 4254 CAP.
552 4200 716 4258 LXII.
748 4234 817 4243 --
847 4204 999 4331 ῗῖοά
1047 4206 1441 4278 qualiscunque
1478 4206 1769 4261 sacerdotis
1819 4222 2032 4261 arcam-

450 4275 751 4330 municatio
798 4292 863 4330 va
923 4293 952 4331 e
1000 4277 1347 4331 formidanda
1385 4280 1475 4331 sit.
1508 4294 1607 4331 nec
1651 4278 2032 4331 attendendum

450 4275 751 4347 manicatio
798 4275 952 4332 valde
998 4275 1360 4347 formidanda
1385 4280 1475 4342 sit,
1508 4294 1607 4331 nec
1651 4278 2037 4332 attendendum

451 4346 608 4418 cujus
654 4349 841 4403 meriti
890 4346 1106 4416 sit,’sed
1159 4351 1314 4420 cujus
1369 4356 1683 4403 aurtorttate
1741 4350 1838 4403 hoc
1879 4351 2031 4419 facit,

452 4420 671 4475 etiamsi
714 4421 919 4492 injuste
976 4420 1209 4485 videtur,
1260 4420 1399 4491 quod
1454 4420 1615 4485 absit,
1659 4423 2032 4475 excommuni-

451 4492 611 4547 cutio.

2148 604 2361 659 mentis
2405 623 2521 659 sua:
2564 609 2706 671 erat,
2742 622 2844 676 pro
2876 604 3129 675 quadam
3162 605 3290 675 ejus
3338 603 3598 675 querela,
3623 621 3821 675 quam

2148 710 2261 747 non
2293 692 2494 747 statim
2517 692 2871 764 expedierat,
2894 692 3435 748 cxcommunicatus
3464 696 3576 748 est.
3594 694 3669 747 Et
3688 711 3819 748 mo-

2148 782 2372 837 nachus
2396 782 2633 853 quidem
2665 781 3268 837 excommunicationc
3310 781 3367 835 in
3420 782 3641 853 petatio
3675 783 3824 837 des-

2147 872 2353 943 cripta,
2387 876 2442 925 et
2473 889 2587 942 quo
2619 872 2690 925 ab
2723 871 3076 943 imperatore
3114 870 3372 925 invenire
3420 878 3621 942 posset
3676 889 3823 942 pro-

2140 962 2296 1031 jerta
2326 961 2701 1015 discessit.At
2741 961 3057 1031 imperator
3082 977 3193 1014 non
3230 959 3396 1014 illum
3419 976 3822 1031 gyrovagum,

2148 1051 2247 1103 sed
2280 1050 2574 1104 etclestem
2609 1050 2802 1120 politis
2836 1067 3049 1118 regem,
3085 1050 3256 1119 cujus
3288 1048 3638 1103 auctoritate
3666 1049 3825 1103 solet

2147 1138 2670 1193 exeonimunieatio
2703 1137 2847 1203 fieri,
2882 1139 2937 1191 in
2970 1156 3149 1192 causa
3186 1139 3589 1202 considerans,
3624 1156 3821 1209 pran-

2148 1229 2283 1282 dere
2333 1227 2691 1293 nullatenus,
2733 1245 2867 1281 cum
2918 1226 3155 1297 quidem
3215 1227 3583 1282 incumberet
3640 1227 3818 1289 liora,

2148 1335 2397 1388 pwesuin
2410 1318 2541 1388 psit.
2566 1316 2882 1387 Multisque
2908 1315 3198 1387 episcopis
3227 1333 3421 1370 coram
3443 1316 3821 1382 astantibus,

2148 1405 2324 1459 etiam
2358 1404 2456 1458 illo
2488 1404 2759 1475 episcopo
2800 1403 2870 1457 ad
2921 1405 3094 1474 cujus
3142 1403 3439 1458 dioecesim
3488 1403 3821 1474 prwdictus

2149 1494 2474 1548 monachus
2509 1494 2854 1564 pertinebat,
2892 1491 3187 1548 licentiam
3217 1492 3667 1564 dantibus,cogi
3695 1511 3817 1547 non

2148 1581 2355 1653 potuit,
2390 1587 2455 1637 ut
2500 1581 2723 1653 aliquid
2769 1586 3053 1653 gustaret.
3088 1581 3280 1636 Donec
3325 1580 3657 1636 monachus
3709 1582 3817 1637 diu

2149 1670 2520 1741 multumque
2551 1670 2854 1743 quaesitus,
2881 1674 2938 1725 et
2964 1670 3277 1741 aliquando
3300 1674 3586 1742 repertus,
3617 1670 3818 1744 impe-

2147 1759 2327 1815 ratori
2360 1760 2655 1815 licentiam
2688 1760 2872 1814 daret.

2146 1850 2281 1905 CAP.
2319 1850 2503 1905 LXIV.
2529 1881 2596 1891 —
2620 1851 2751 1905 Item
2784 1848 2939 1904 aliud
2957 1848 3265 1919 exmnplum
3287 1848 3458 1903 nimis
3471 1848 3815 1920 pavendum,

2220 1938 2493 2009 Legimus
2525 1939 2579 1992 in
2616 1938 2867 1993 Historia
2897 1938 3089 2009 gentis
3134 1936 3455 2008 Anglorum
3488 1938 3648 2009 quod
3688 1940 3818 2010 qui~

2147 2028 2280 2081 dam
2313 2026 2623 2100 episcopus
2654 2028 2802 2081 ducs
2829 2027 3035 2081 fratres
3067 2025 3358 2097 palatinos
3387 2025 3542 2082 viros
3572 2045 3685 2099 pro
3719 2045 3819 2083 re-

2146 2121 2324 2189 pudio
2357 2134 2600 2174 uxorum
2632 2114 3177 2172 excommunicavit.
3211 2114 3463 2188 Contigit
3503 2121 3711 2173 autem
3752 2124 3818 2173 ut

2148 2228 2243 2264 rex
2278 2210 2462 2280 ipsius
2492 2208 2681 2279 gentis
2704 2208 2875 2277 juxta
2903 2205 3145 2259 domum
3194 2204 3458 2275 ipsorum
3501 2207 3813 2263 transiret.

2147 2300 2254 2367 Qui
2290 2299 2494 2355 multis
2520 2294 2937 2352 blandimentis
2970 2293 3267 2360 delinitus,
3303 2297 3370 2348 ut
3397 2295 3552 2366 apud
3593 2312 3701 2350 eos
3738 2298 3812 2351 ad

2148 2389 2556 2462 prandendum
2588 2386 2915 2453 diverteret,
2948 2384 3187 2438 tandem
3217 2382 3534 2437 consensit.
3563 2384 3815 2456 Expleto

2124 2487 2345 2547 ,autem
2369 2478 2626 2536 convivio
2648 2491 2782 2531 cum
2801 2473 3033 2539 rediret,
3049 2470 3299 2527 obviavit
3319 2470 3691 2544 episcopum,
3707 2474 3813 2546 qui

2149 2577 2357 2630 fratres
2388 2570 2519 2626 illos
2539 2562 3094 2624 excommunicavit:
3132 2578 3307 2634 quem
3356 2578 3493 2617 cum
3535 2560 3813 2633 vidisset,

2149 2661 2478 2727 intremuit,
2509 2662 2566 2713 et
2591 2655 2864 2711 exsiliens
2903 2653 2973 2706 de
3018 2667 3167 2722 equo
3216 2649 3276 2703 in
3310 2650 3525 2718 media,
3553 2656 3623 2706 ut
3665 2658 3816 2717 erat,

2148 2754 2259 2819 via,
2293 2747 2605 2824 prostravit
2643 2762 2704 2799 se
2753 2742 3047 2813 episcopo.
3079 2740 3153 2793 At
3184 2737 3280 2791 ille
3319 2739 3693 2809 appr0pians
3746 2744 3813 2796 ad

2149 2860 2283 2899 cum
2317 2839 2520 2901 ferula,
2555 2850 2731 2906 quam
2764 2846 2941 2884 manu
2977 2827 3226 2894 tenebat,
3258 2825 3450 2897 tetigit
3474 2827 3690 2886 dicens
3727 2849 3742 2886 :
3775 2832 3816 2886 Ο

2149 2946 2398 2995 rex,non
2430 2941 2625 2980 meum
2646 2925 2732 2975 est
2752 2920 3053 2989 ignoscere
3083 2913 3365 2986 tibi,quia
3384 2919 3591 2971 contra
3622 2919 3817 2975 Deum

2150 3012 2607 3086 fecisti,quando
2631 3014 2683 3062 te
2701 3000 3221 3061 excommunicatis
3253 3000 3505 3057 scienter
3541 3005 3815 3061 sociasti.
3852 3050 3862 3059 .

2151 3107 2367 3163 Idcirco
2400 3103 2513 3156 ista
2544 3096 2834 3153 sententia
2864 3098 2952 3149 est
2985 3093 3055 3147 de
3086 3096 3142 3146 te
3165 3107 3178 3144 :
3205 3090 3322 3145 Hoc
3350 3107 3504 3146 anno
3528 3094 3680 3147 mori
3707 3093 3816 3149 ha-

2147 3198 2249 3251 bes
2280 3194 2339 3248 in
2371 3193 2542 3247 domo
2564 3188 2713 3259 ipsa,
2737 3184 2794 3239 in
2830 3201 2945 3256 qua
2970 3179 3634 3238 excommunicationem
3668 3199 3813 3237 con-

2148 3280 2462 3355 tempsisti.
2496 3276 2659 3344 Quod
2694 3276 2910 3330 factum
2942 3276 3050 3338 est,
3084 3270 3239 3325 sicut
3270 3270 3347 3325 ibi
3388 3269 3624 3341 legitur.
3662 3271 3814 3325 Ecce

2145 3390 2243 3429 rex
2274 3389 2388 3426 non
2423 3367 2610 3442 potuit
2632 3366 2790 3419 hunc
2816 3366 3042 3417 reatum
3075 3359 3184 3413 nisi
3212 3358 3512 3414 moriendo
3546 3358 3810 3431 expiare.

2143 3464 2287 3518 Ecce
2316 3460 2625 3531 episcopus
2657 3470 2759 3508 nec
2795 3453 3083 3523 prostrato
3110 3448 3228 3520 regi
3261 3448 3320 3503 in
3353 3446 3585 3518 pulvere
3609 3448 3810 3519 potuit

2143 3553 2462 3624 ignoscere.
2478 3548 2558 3601 Ex
2573 3544 2667 3599 his
2684 3558 2820 3614 ergo
2844 3538 3239 3610 colligendum
3257 3540 3365 3603 est,
3383 3535 3524 3607 quia
3554 3552 3661 3591 nec
3677 3537 3813 3608 ipse

2144 3642 2474 3714 CplSCOptlS,
2490 3636 2660 3706 cujus
2683 3627 3208 3687 exeommunicatio
3232 3624 3654 3690 contemnitur,
3676 3625 3814 3679 sine

2144 3713 2489 3805 gravissima
2519 3719 2860 3797 pmnitentia
2880 3715 3222 3789 bujusmodi
3255 3715 3481 3771 facinus
3500 3713 3811 3787 ignoscere

2144 3823 2351 3893 potest.

2144 3932 2277 3985 (ΞΜ).
2314 3924 2473 3981 LXV.
2505 3953 2573 3962 ——
2606 3921 2815 3989 Quanta
2838 3917 3137 3989 reverentia
3187 3912 3481 3989 episcopali
3506 3982 3520 3989 _
3540 3908 3814 3989 cathedris

2214 4002 2286 4054 sit
2340 3982 2641 4051 habenda:
2662 3993 2735 4046 De
2790 3990 2985 4043 domno
3045 3982 3228 4042 Petro‘
3275 3982 3650 4039 Λιεζταηιίνίηο
3703 3998 3805 4054 pa-

2146 4070 2409 4127 triurt'ha.

2219 4159 2363 4214 Huic
2394 4157 2649 4210 instante
2681 4148 2971 4223 passionis
3003 4144 3249 4201 articulo
3280 4142 3549 4199 Christus
3572 4159 3675 4214 per
3713 4160 3808 4195 so-

2146 4252 2374 4303 mnium
2405 4241 2585 4299 nimio
2618 4239 2924 4311 splendore
2968 4236 3197 4307 fulgens
3246 4230 3535 4304 apparuit,
3560 4231 3808 4285 indutus

2146 4335 2413 4392 videlicet
2441 4330 2666 4386 colobio
2699 4327 2874 4382 nimis
2896 4323 3338 4386 candidissimo,
3372 4320 3473 4375 sed
3499 4335 3687 4390 usque
3731 4320 3804 4373 ad

2146 4426 2320 4498 pedes
2345 4422 2563 4487 scisso;
2598 4417 2754 4489 quod
2777 4420 2971 4470 tamen
2995 4410 3285 4468 colobium
3309 4409 3599 4465 ambabus
3621 4407 3806 4462 mani-

2145 4516 2257 4571 bus
2289 4514 2360 4569 ad
2406 4512 2609 4582 pectus
2658 4520 2833 4561 suum
2875 4502 3221 4574 stringebat,
3254 4498 3611 4553 nuditatem”
3629 4514 3802 4552 suam

450 4589 598 4644 Cum
631 4594 767 4646 ante
797 4589 906 4646 hos
936 4607 1121 4645 annos
1144 4588 1329 4644 sancti
1351 4589 1590 4643 Andreae
1609 4588 1953 4645 selemnitas
1973 4590 2031 4644 in

2217 4598 2579 4659 iodammodo
2610 4594 2893 4667 operiens.
2917 4593 3098 4657 Quem
3132 4587 3431 4643 Christum
3453 4601 3580 4642 esse
3597 4584 3803 4640 Petrus

378 4675 572 4747 prima
601 4678 905 4733 Dominica
934 4677 1221 4733 Dominici
1273 4678 1571 4733 Adventus
1618 4677 2031 4749 concurrisset,

376 4764 618 4835 quidam
652 4767 923 4822 sacerdos
951 4767 1309 4838 pagcnsibus
1339 4766 1463 4821 suis
1497 4770 1773 4838 utrasque
1819 4768 2033 4823 missas

374 4857 577 4913 audire
597 4855 890 4930 praecepit.
909 4857 1067 4911 Inter
1084 4873 1232 4928 quos
1254 4861 1377 4911 erat
1405 4856 1691 4923 medicus,
1708 4856 1807 4927 qui
1833 4856 2032 4911 audita

372 4952 566 5026 prima
593 4948 778 5005 missa
808 4946 1098 5001 discessit.
1132 4947 1317 5011 Quem
1348 4961 1483 5000 cum
1518 4945 1793 4999 sacerdos
1842 4944 2028 5000 incre-

372 5044 595 5115 passet,
626 5038 769 5094 dure
800 5035 851 5091 ei
881 5034 1204 5107 respondit.
1254 5036 1328 5088 At
1357 5034 1454 5088 ille
1503 5033 2031 5089 execmmuuicavit

373 5147 531 5187 eum.
565 5130 637 5184 At
664 5143 797 5182 vero
819 5124 1005 5180 iratus
1037 5124 1302 5179 medicus
1335 5124 1406 5177 ad
1440 5139 1610 5177 suam
1644 5122 1886 5177 domum
1916 5120 2030 5176 dis-

373 5217 569 5284 cessit,
603 5221 660 5272 et
688 5214 748 5268 in
782 5218 1187 5285 contemptum
1219 5210 1841 5267 exeommunicationis
1896 5228 2029 5265 mox

373 5312 578 5381 potum
609 5303 855 5374 accepit,
877 5307 1052 5374 atque
1085 5301 1350 5373 protinus
1379 5297 1571 5354 vexari
1595 5297 2023 5370 ccepit,quous-

370 5414 485 5470 que
513 5396 772 5452 animam
804 5392 1117 5449 exhalaret.

365 5516 500 5573 CAP.
540 5511 730 5569 LXIII.
765 5542 832 5551 ——
885 5508 1176 5563 Laudabile
1222 5507 1393 5560 nimis
1436 5504 1747 5575 exeziipl-um
1794 5503 2022 5571 gloriosi

859 5581 1133 5637 leoilosti
1163 5577 1524 5649 imperatoris.

431 5680 794 5738 Theodosius
840 5680 1100 5736 famosus
1158 5675 1475 5745 imperator
1522 5672 1774 5742 quadam
1826 5671 1945 5725 vice
1982 5689 2015 5723 a

2143 4672 2501 4761 intelligens,
2536 4700 2671 4740 cum
2705 4680 2926 4754 ingenti
2970 4680 3209 4735 horrore
3254 4674 3536 4732 attonitus
3558 4672 3641 4727 ait
3673 4689 3688 4727 :
3726 4674 3803 4728 Mi

2141 4779 2405 4844 Domine,
2440 4773 2703 4838 Domine,
2737 4771 2870 4842 quis
2905 4769 3014 4824 hoc
3049 4765 3220 4822 fecit?
3250 4766 3323 4819 At
3351 4762 3447 4818 ille
3478 4762 3593 4817 ait:
3617 4762 3804 4817 Anius

2141 4867 2287 4923 mihi
2320 4866 2427 4920 hoc
2461 4864 2617 4918 fecit.
2638 4860 2739 4915 llic
2761 4875 2896 4931 ergo
2923 4858 3126 4913 Petrus
3148 4858 3409 4924 tempore
3428 4849 3804 4922 episcopatus

2141 4970 2443 5026 nunquam
2475 4952 2536 5006 in
2566 4949 2842 5005 cathedra
2872 4964 2980 5002 sua
3010 4945 3212 5001 sedere
3250 4940 3456 5005 voluit,
3489 4939 3591 4994 sed
3623 4954 3805 5011 super

2139 5043 2458 5101 scabellum
2493 5039 2680 5112 ipsius
2713 5037 3003 5092 cathedra:
3035 5031 3347 5089 residebat.
3369 5030 3612 5100 Propter
3642 5029 3797 5099 quod

2139 5135 2473 5205 frequenter
2501 5129 2691 5183 clerus
2722 5131 2777 5181 et
2808 5124 3059 5196 populus
3090 5124 3293 5177 contra
3322 5133 3455 5173 eum
3477 5116 3800 5188 quereban-

2138 5227 2258 5287 tur,
2278 5221 2377 5274 sed
2411 5233 2782 5289 nequaquam
2813 5211 3242 5284 acquiescebat,
3260 5206 3537 5279 quoniam
3565 5204 3796 5275 quoties

2137 5307 2565 5366 tliisiasLm-ium
2597 5303 2969 5370 ascendebat,
2992 5298 3269 5372 splendor
3314 5296 3520 5368 igneus
3567 5293 3641 5347 de
3668 5294 3795 5365 ipsa

2136 5402 2271 5457 sede
2302 5396 2605 5470 egrediens
2635 5394 2683 5449 ei
2719 5390 3056 5464 apparebat.
3089 5388 3271 5458 Cujus
3302 5386 3542 5455 aepectu
3585 5381 3669 5435 ita
3710 5384 3794 5437 vir

2131 5493 2370 5544 sanctus
2404 5483 2929 5550 accendebatur,ut
2965 5477 3213 5532 nesciret
3244 5491 3305 5529 se
3334 5472 3634 5526 interdum
3666 5488 3792 5527 esse

2126 5597 2185 5651 in
2219 5591 2477 5648 corpore.
2512 5576 2654 5627 Cum
2688 5574 2884 5624 autem
2916 5568 3171 5638 quadam
3204 5559 3575 5619 solemnitate
3600 5558 3790 5616 clerus

2125 5649 2182 5723 et
2215 5664 2491 5738 epist-«qn,
2528 5660 2623 5733 qui
2659 5661 2919 5726 aderant,
2954 5657 3024 5711 de
3046 5653 3319 5727 praedicta
3352 5649 3615 5705 sessione
3647 5667 3790 5721 que-
