3912 6372
147 360 272 424 405

1001 363 1238 426 LIBER
1279 362 1383 425 DE
1428 363 1789 426 CORPORE
1833 363 1934 428 ET
1977 364 2374 430 SANGUINE
2418 365 2728 432 CHRISTI

3448 361 3570 430 406

146 504 439 567 rerentur,
456 495 552 556 ille
573 501 808 556 coactus
830 503 916 556 est
929 499 1056 570 jam
1079 497 1264 554 celare
1289 515 1404 554 non
1428 498 1801 568 valens.Cur,
1833 501 1890 568 Α
1919 517 2037 556 non
2069 505 2221 557 recte
2266 501 2530 572 credens,
2563 499 2710 559 mihi
2758 504 2958 559 tamen
3008 515 3071 559 se
3116 496 3570 560 commendavit.

143 589 358 662 inquit,
375 587 638 660 ai‘fligitis
669 606 768 644 cor
790 592 1022 644 meum?
1051 589 1137 643 An
1164 606 1275 644 non
1297 587 1506 644 videtis
1525 588 1802 643 virtutem

139 679 400 750 igneam,
433 696 559 750 quae
591 677 803 733 emicat
835 679 892 732 in
927 677 1070 733 solio
1103 679 1322 750 ipso,et
1343 675 1614 749 spiritum
1635 693 1801 732 coru-

137 785 304 825 scare
330 785 443 822 non
477 767 758 823 cernitis?
788 767 1052 840 Cumque
1084 785 1288 824 omnes
1319 765 1574 822 demisso
1613 765 1804 838 capite

132 862 364 912 tantam
387 875 510 912 rem
543 856 1430 926 audientcs_conticuissent,ille
1452 855 1760 926 subjunxit
1786 877 1802 916 ι

134 945 364 1002 Credite
425 945 588 1013 m’hi,
628 945 808 1014 filioli,
835 947 884 1001 si
942 945 1216 1000 videretis
1267 963 1392 1018 qua:
1438 944 1626 1012 video,
1662 947 1802 999 tunc

133 1035 529 1107 agnoscet-etis
562 1033 752 1106 qualis
785 1043 874 1090 est
895 1034 1278 1090 sacerdotalis
1298 1036 1577 1101 virtus,et
1611 1031 1818 1106 qualis-

133 1125 325 1196 gratia
356 1123 412 1177 in
449 1124 593 1196 ipsis
625 1123 868 1191 habitat,
902 1125 972 1180 ad
1006 1125 1176 1196 cujus
1212 1124 1537 1195 majestatis
1557 1139 1806 1194 praesen-

131 1219 278 1272 tiam
313 1233 416 1286 ego
451 1215 688 1269 territus
714 1214 774 1268 in
808 1215 1010 1270 eadem
1035 1215 1311 1269 cathedra
1333 1213 1531 1268 sedere
1553 1231 1669 1267 non
1692 1229 1794 1267 au-

133 1308 263 1364 deo.
301 1310 422 1373 Quo
453 1305 736 1378 exemplo,
770 1305 818 1360 si
851 1305 998 1359 bene
1037 1303 1458 1368 consideretur,
1476 1317 1610 1356 cum
1660 1300 1795 1356 hinc

133 1398 455 1454 admodum
489 1399 917 1466 contemptores
953 1394 1153 1449 terreri
1184 1396 1441 1464 possent,
1475 1397 1599 1447 tum
1653 1408 1792 1462 quo-

132 1505 247 1561 que
277 1487 388 1561 ipsi
422 1501 680 1542 sessores
713 1501 828 1540 non
848 1481 1217 1538 mediocriter
1240 1479 1719 1537 contremiscunt.

126 1624 265 1680 CAP.
304 1620 491 1677 LXVI.
525 1651 594 1660 -—-
627 1618 800 1686 Quam
847 1631 1012 1687 grave
1049 1615 1448 1687 perratwnisit
1494 1614 1792 1668 sacraiam

421 1685 703 1753 temerare,
737 1689 820 1744 vel
847 1685 1222 1758 aliqua’sorde
1249 1686 1512 1758 polluere.

202 1835 451 1903 Quidam
483 1847 668 1888 vanus
719 1828 955 1884 nomine
1009 1826 1340 1896 Ratherius,
1375 1827 1443 1883 ad
1491 1827 1786 1899 quoddam

124 1920 558 1986 monasterium
592 1927 752 1978 metu
785 1921 1160 1976 inimicorum
1191 1918 1554 1990 confugerat,
1591 1917 1690 1990 qui
1729 1917 1788 1972 in

123 2017 296 2084 cella,
333 2033 458 2088 quae
491 2012 747 2070 ecclesia:
779 2011 1055 2074 adhaeret,
1089 2013 1255 2064 nocte
1307 2006 1603 2062 dormiens
1653 2023 1787 2062 cum

123 2123 373 2165 uxorem
395 2121 565 2160 suam
597 2117 946 2175 cognoscere
979 2095 1346 2165 tentaret,ita
1377 2095 1530 2152 sicut
1552 2094 1713 2150 canis
1737 2094 1786 2150 ei

123 2197 479 2262 adhaesit,ut
510 2191 846 2247 nullatenus
880 2191 950 2244 ab
975 2205 1042 2243 ea
1073 2185 1268 2242 divelli
1291 2183 1668 2258 posset.Cum
1691 2183 1791 2256 igi-

121 2294 229 2344 tur
259 2287 340 2341 ita
371 2290 512 2339 tunc
536 2298 599 2338 se
622 2279 803 2336 teneri
825 2273 1790 2344 sensisset,subclamavit.Rumor

119 2375 398 2434 sublatus
443 2369 760 2428 increbuit.
800 2371 1192 2423 Accurrerunt
1251 2381 1476 2422 omnes.

119 2469 294 2522 motu
325 2479 502 2535 quam
524 2457 876 2516 verecundia
895 2456 1123 2512 confusi
1158 2453 1478 2510 monachos
1497 2451 1690 2508 vocari
1715 2451 1789 2508 fc-

119 2554 526 2618 c-ere.Quanta
554 2552 874 2620 potuerunt
905 2561 1152 2600 munera
1183 2543 1306 2599 loco
1329 2546 1530 2598 sancto
1555 2541 1783 2598 dedere.

119 2643 278 2698 Cum
313 2639 416 2696 diu
457 2656 492 2693 a
534 2635 844 2692 monachis
885 2638 1042 2690 esset
1081 2637 1335 2698 oratum,
1369 2628 1598 2686 dimissi
1630 2634 1789 2684 sunt.

122 2731 296 2789 Sicut
323 2733 518 2784 autem
541 2726 669 2798 ipsa
701 2743 793 2780 res
827 2725 1044 2788 edocet,
1080 2719 1420 2792 complexus
1449 2719 1787 2790 conjugum.

126 2819 276 2894 quia
299 2817 528 2872 licitum
555 2810 1120 2884 erat,temporaliter
1150 2807 1386 2882 penitus
1417 2811 1505 2863 est
1527 2807 1598 2862 ob
1629 2805 1794 2862 illicio

126 2913 257 2966 tam
291 2907 440 2964 sacri
473 2903 605 2971 loci,
628 2903 730 2958 ubi
781 2901 1111 2974 gerebatur,
1137 2897 1682 2970 prazsumptionem.
1721 2895 1794 2950 At

128 3015 269 3054 vero
300 2996 657 3050 incestarum
689 2998 885 3048 reatus
915 2989 975 3045 in
1005 2986 1226 3044 sanctis
1249 2985 1393 3042 locis
1425 2986 1689 3058 patratus
1718 2982 1792 3041 ob

130 3087 250 3143 hoc
279 3085 338 3140 in
364 3075 636 3158 praesenti
671 3079 912 3136 minime
942 3077 1288 3151 plerumque
1331 3074 1627 3148 plectitur,
1653 3074 1794 3146 quia

132 3179 344 3234 tantus
376 3179 483 3240 est,
520 3178 584 3227 ut
611 3187 727 3226 non
778 3165 1134 3233 transitoria,
1164 3166 1266 3222 sed
1307 3170 1526 3220 externa
1570 3161 1789 3218 ultione

132 3265 296 3324 feriri
325 3265 548 3319 debeat.
571 3263 610 3317 Ε
645 3264 850 3316 contra
876 3272 1008 3312 vero
1045 3260 1336 3328 quantum
1381 3251 1531 3310 sacri
1561 3251 1672 3306 loci
1702 3268 1788 3306 re-

128 3351 396 3411 verentia
413 3349 739 3424 prosit,hoe
775 3346 983 3404 saltem
1017 3343 1166 3402 valet
1190 3342 1452 3416 exemplo
1483 3339 1787 3414 pervideri.

209 3514 348 3571 CAP.
383 3510 593 3568 LXVII.
627 3542 694 3551 —
723 3511 797 3566 De
829 3507 1059 3582 quodam
1091 3507 1298 3582 latrone
1328 3507 1389 3561 in
1423 3504 1720 3561 «materia

674 3581 730 3638 S.
753 3579 980 3638 Joannis
1005 3579 1254 3651 apostoli.
1673 3602 1680 3606 -

208 3728 460 3794 Quidam
494 3742 592 3782 rex
623 3721 1330 3797 Langobardorum,sicut
1359 3721 1417 3776 in
1449 3721 1576 3792 ejus
1597 3719 1790 3791 gentis

131 3817 395 3876 Historia
425 3815 656 3888 legitur,
691 3815 747 3868 in
799 3811 1130 3868 cmmeterio
1184 3810 1496 3883 cujusdam
1535 3807 1790 3864 ecclesias

132 3909 196 3965 S.
229 3904 476 3964 Joannis
507 3903 738 3976 sepeliri
772 3920 834 3959 se
867 3899 1344 3967 fecit,hmreticus
1372 3903 1570 3955 tamen
1593 3913 1790 3970 perse-

128 3996 376 4054 veravit.
410 3995 591 4066 Cujus
620 3991 918 4048 tumulum
951 3990 1191 4062 quidam
1223 3990 1317 4044 fur
1331 3987 1668 4058 eti‘ringens,
1700 4002 1790 4041 or-

130 4088 576 4150 namenta,cum
595 4082 810 4156 quibus
835 4097 931 4134 rex
951 4079 1217 4152 sepultus
1239 4074 1790 4148 fuerat,asportavit.

131 4175 343 4234 Eidem
373 4191 506 4228 vero
529 4174 589 4228 S.
613 4172 868 4228 Joannes
891 4189 992 4243 per
1011 4171 1294 4226 visionem
1336 4167 1484 4223 dixit
1505 4182 1518 4220 :
1543 4165 1660 4221 Cur
1689 4181 1790 4220 au-

1899 1787 2034 1840 CAP.
2069 1783 2254 1842 LXIX.
2288 1815 2357 1826 —-
2383 1785 2519 1841 Item
2564 1784 2807 1856 capitula
2833 1782 2905 1840 ad
2941 1781 3189 1840 eamdem
3233 1798 3350 1838 rem

1819 1873 1867 1938 Β
2325 1857 2514 1912 nantia
2541 1857 2604 1911 Β.
2637 1857 2973 1928 Augustinus
3003 1853 3136 1928 (13).

1913 589 2062 656 Quia
2090 589 2271 662 igitur
2297 589 2407 646 hoc
2440 591 2628 646 facere
2669 589 3121 664 praesumpsisti,
3151 605 3460 663 nunquam
3507 589 3568 646 in

1913 693 2107 734 meam
2140 677 2446 735 basilicam
2469 679 2800 752 ingressum
2824 679 3098 752 deinceps
3122 677 3568 745 habebis.Quod

1913 765 1997 822 ita
2018 767 2236 824 factum
2249 770 2358 824 est.
2372 767 2843 841 Quotiescunque
2855 766 3011 824 enim
3026 765 3306 824 voluisset
3321 767 3385 821 B.
3398 766 3573 823 Joan-

1912 857 2007 912 nis
2029 855 2332 912 oraculum
2353 856 2601 930 ingredi,
2617 855 2817 914 statim
2838 855 2998 912 velut
3019 872 3054 912 a
3069 853 3434 912 validissimo
3463 869 3570 928 pu-

1911 945 2012 1020 gili
2044 950 2250 1020 guttur
2269 947 2396 1019 ejus
2419 946 2706 1016 feriretur,
2723 945 2808 1002 sic
2843 945 3038 1002 subito
3062 946 3215 1000 retro
3237 943 3444 1000 ruebat
3461 959 3570 1017 gm-

1913 1035 2140 1109 pulsus.
2163 1036 2221 1092 Si
2243 1053 2378 1109 ergo
2400 1053 2504 1109 pro
2527 1033 2846 1092 reverentia
2867 1033 3054 1091 sancti
3088 1032 3200 1089 loci
3222 1035 3426 1090 contra
3441 1031 3565 1090 vio-

1911 1123 2158 1180 latorem
2189 1124 2440 1197 sepulcri
2469 1123 2629 1181 illius
2659 1123 2914 1180 haeretici
2937 1123 2996 1181 S.
3018 1123 3275 1180 Joannes
3293 1121 3563 1195 indigna-

1909 1216 2008 1270 tus
2038 1217 2146 1282 est,
2181 1218 2469 1287 quantum
2501 1217 2768 1286 putas,et
2796 1213 2952 1270 Deus
2970 1217 3026 1270 et
3055 1211 3241 1269 sancti
3271 1212 3401 1282 ejus
3424 1211 3566 1268 iras-

1906 1307 2124 1358 cuntur
2151 1303 2430 1360 adversus
2460 1301 2954 1376 quemquam,qui
2980 1305 3182 1360 sancta
3210 1302 3337 1358 loca
3372 1299 3559 1374 quoli-

1905 1389 2005 1447 bet
2033 1393 2207 1449 modo
2238 1391 2631 1449 commaculet
2653 1392 2681 1448 ?

1903 1526 2036 1583 CAP.
2077 1525 2319 1583 LXVIII.
2348 1557 2416 1566 —
2445 1527 2646 1598 Incipit
2691 1527 2918 1598 epistola
2966 1525 3262 1598 Λαρτιδὶἰηί
3290 1525 3361 1580 ad
3395 1525 3562 1598 Auri-

1973 1600 2116 1724 :turn
2153 1601 2465 1741 ipizsfopnm
2507 1597 2608 1671 pro
2654 1597 2819 1654 causa
2866 1597 3092 1670 injustas
3128 1597 3562 1654 excommunica-

1996 1685 2137 1726 toms
2288 1711 2300 1725 .

3390 1783 3556 1854 perli-

2325 1857 2514 1912 nantia
2541 1857 2604 1911 Β.
2625 1853 2973 1928 Άιιριιειίηω
3003 1853 3136 1928 (13).

1900 1971 2034 2029 CAP.
2071 1973 2228 2029 LXX.
2262 2003 2331 2014 ——
2359 1973 2434 2029 De
2481 1979 2841 2117 sacramepﬁ)
2857 1971 3196 2046 baptismatis
3241 1971 3304 2025 Β.
3338 1969 3556 2026 Ambro-

2582 2061 2702 2100 sius
2851 2086 2863 2099 .

2582 2061 2702 2100 nus
2732 2061 2863 2100 (14).

1969 2159 2076 2215 Ubi
2110 2177 2223 2216 non
2257 2163 2346 2216 est
2393 2159 2631 2233 plenum
2681 2158 3054 2232 baptismatis
3095 2153 3552 2219 sacramentum,

1897 2265 2003 2304 nec
2035 2247 2514 2322 principium,vel
2541 2248 2766 2322 species
2791 2247 2990 2322 aliqua
3008 2246 3386 2320 baptismatis
3410 2245 3556 2301 cesti-

1529 2361 1618 2419 Illi
1665 2366 1787 2418 tam
1895 2342 2094 2395 matur
2124 2341 2234 2395 etc.
3310 2344 3317 2352 .

2262 2473 2515 2544 Deﬁnitio
2548 2473 2722 2530 brevis
2751 2472 2818 2530 de
2845 2471 3198 2530 eucharistia.

1975 2588 2211 2660 Accepit
2255 2588 2454 2660 itaque
2511 2588 2781 2645 Christus
2834 2603 3070 2644 carnem
3119 2590 3382 2642 nostram
3441 2599 3556 2640 non

1905 2675 2478 2748 phantasticam,sed
2510 2676 2860 2742 naturalem,
2893 2692 3029 2747 ergo
3075 2677 3132 2731 et
3181 2679 3382 2730 nostra
3424 2689 3558 2729 caro

1903 2763 2208 2833 naturalis,
2226 2765 2381 2822 unde
2411 2769 2652 2837 sumpta
2679 2770 2770 2822 est
2804 2765 2922 2821 illa.
2956 2763 3068 2820 Sed
3099 2768 3158 2819 et
3185 2761 3288 2818 illa
3317 2766 3558 2817 natura-

1901 2851 1994 2918 lis,
2030 2869 2156 2925 quae
2206 2853 2404 2910 uniret
2450 2857 2753 2926 utrasque,
2785 2856 2844 2910 et
2885 2853 3100 2910 faceret
3144 2847 3558 2908 connaturales

1901 2939 2298 2999 connaluralis
2327 2946 2388 2998 et
2434 2941 2584 3016 ipsa.
2630 2941 2766 3009 Sed,
2798 2944 2865 2998 ut
2901 2940 2984 2998 ait
3011 2939 3254 3014 quidam
3285 2937 3552 3012 Sapiens,

1901 3045 2018 3086 non
2069 3031 2142 3086 ob
2188 3030 2297 3087 hoc
2346 3029 2544 3104 plures
2575 3046 2803 3099 carnes,
2834 3028 2921 3086 vel
2969 3043 3230 3102 corpora,
3263 3026 3418 3085 sicut
3443 3041 3554 3083 nec
3601 3033 3606 3036 '

1829 3136 1871 3203 ρ
1902 3116 2091 3175 multa
2121 3123 2262 3176 sunt
2310 3119 2616 3190 sacriﬁcia,
2645 3119 2748 3177 sed
2796 3135 2982 3176 unum
3031 3117 3170 3175 licet
3211 3116 3492 3174 offeratur
3519 3131 3555 3172 a

1901 3205 2107 3264 multis
2138 3225 2240 3282 per
2267 3207 2395 3266 loca
2414 3207 2644 3266 diversa
2674 3214 2734 3265 et
2780 3213 3064 3282 tempora.
3092 3205 3242 3274 Quia
3275 3203 3553 3263 divinitas

1897 3295 2078 3352 Verbt
2107 3297 2370 3370 Dei,quae
2401 3315 2521 3354 una
2550 3303 2640 3354 est
2665 3301 2724 3353 et
2751 3298 2953 3354 omnia
2979 3296 3186 3370 replet,
3201 3300 3259 3352 et
3272 3299 3395 3352 tota
3421 3293 3552 3350 ubi-

1899 3402 2012 3458 que
2041 3391 2150 3457 est,
2181 3385 2313 3460 ipsa
2338 3387 2578 3454 facit,ut
2608 3403 2724 3442 non
2756 3387 2878 3442 sint
2904 3384 3080 3458 plura
3117 3382 3424 3452 sacriﬁcia,
3449 3381 3552 3438 sed

1901 3491 2109 3542 unum,
2142 3475 2279 3532 licet
2307 3467 2565 3532 amultis
2595 3476 2890 3542 offeratur,
2904 3479 2962 3530 et
2991 3474 3070 3530 sit
3113 3489 3300 3529 unum
3339 3485 3553 3543 corpus

1899 3563 2116 3620 Christi
2148 3581 2284 3621 cum
2311 3563 2431 3633 illo,
2465 3565 2620 3637 quod
2651 3563 2910 3636 suscepit
2937 3563 3012 3618 de
3054 3566 3220 3618 utero
3256 3556 3549 3632 virginali.

1895 3652 2042 3710 Vere
2069 3651 2307 3721 etenim,
2321 3657 2380 3708 et
2401 3653 2810 3708 incunctanter
2835 3651 3191 3707 credendum
3214 3649 3276 3704 in
3296 3647 3430 3720 ipsa
3446 3646 3554 3703 im-

1899 3742 2237 3800 molationis
2255 3741 2402 3798 hora
2427 3742 2500 3798 ad
2531 3739 2850 3797 sacerdotis
2867 3755 3096 3812 precem
3115 3736 3291 3794 caelos
3312 3735 3550 3810 aperiri,

1899 3836 1959 3890 et
1987 3831 2133 3888 illud
2163 3829 2426 3903 angelico
2446 3827 2776 3885 ministerio
2806 3828 2866 3884 in
2897 3826 3139 3884 sublimi
3169 3823 3462 3898 deportari
3477 3823 3556 3881 al-

1899 3921 2034 3992 tari,
2067 3921 2218 3994 quod
2250 3924 2342 3976 est
2369 3918 2495 3992 ipse
2522 3916 2811 3986 Christus,
2827 3915 2928 3990 qui
2959 3920 3016 3974 et
3045 3913 3306 3988 pontifex
3325 3916 3385 3970 et
3407 3913 3550 3970 hos-

1899 4010 1983 4066 tia
2011 4012 2466 4080 conctactusque
2496 4005 2656 4062 illius
2687 4021 2874 4062 unum
2907 4004 3051 4060 ﬁeri.
3069 4003 3116 4062 Ο
3145 4001 3374 4077 quales,
3387 4005 3453 4058 ut
3471 4001 3556 4058 ἀι

1902 4100 1962 4156 S.
1996 4097 2267 4166 Basilius,
2283 4099 2509 4168 oportet
2529 4093 2848 4152 sacerdotis
2866 4109 2994 4151 esse
3013 4109 3228 4150 manus
3253 4095 3553 4149 tantarum

1900 4203 2097 4244 rerum
2130 4185 2450 4252 ministras,
2466 4201 2594 4258 quas
2623 4198 3001 4240 communem
3031 4181 3348 4239 Dominum
3376 4194 3553 4254 ange-

133 4283 242 4322 sus
263 4280 326 4320 es
353 4280 566 4334 corpus
589 4262 760 4318 istius
783 4261 1040 4316 hominis
1061 4257 1434 4330 contingere“?
1454 4255 1628 4313 fuerit
1656 4253 1791 4310 licet
1829 4290 1874 4356 Β
1905 4276 2018 4334 lico
2039 4275 2252 4332 iterum
2285 4253 2509 4332 revecta
2537 4273 2728 4330 ofﬁcio
2758 4271 3010 4330 subinde
3038 4269 3443 4346 contigerunt!

207 4437 327 4507 (12)
355 4432 502 4488 Vide
533 4431 686 4486 inter
714 4429 993 4503 epistolas
1019 4429 1075 4485 ε.
1100 4427 1435 4500 Augustini.

207 4524 319 4596 (33‘,
349 4522 495 4578 Vide
531 4519 674 4576 ibid.

1973 4447 2084 4572 (3M)
2113 4445 2258 4503 Vide
2281 4445 2339 4502 S.
2373 4443 2889 4510 Ambrosium,lib.
2913 4459 2932 4497 ι
2961 4441 3042 4500 De
3071 4439 3294 4513 Spiritu
3326 4442 3550 4505 sancto,

1903 4535 1954 4576 ο.
1980 4535 2036 4572 ὅ.
