3912 6360
297 400 423 463 415

1278 393 1341 458 s.
1387 374 1865 460 DUNSTANUS
1910 384 2275 455 meumr.
2325 390 2721 457 CANTUAR.

3593 388 3725 452 4’16

300 538 572 614 pulcrum
603 535 732 608 ejus
755 530 1104 606 perpetratis
1119 528 1622 596 scribetur,dicere
1635 524 1945 583 consilium
1975 531 2032 598 Α
2060 525 2340 583 omnibus
2370 525 2465 583 his
2496 542 2625 599 quae
2654 526 2736 583 ita
2767 526 2926 582 fuere
2960 525 3272 592 mirabilia,
3292 524 3726 582 ut‘inﬁdelibus

300 628 602 686 luit.Nunc
634 630 828 680 autem
862 620 1183 694 primordia
1214 617 1531 674 nativitatis
1552 617 1700 689 ejus,
1716 630 1947 686 proces-

299 734 434 774 sum
464 715 650 772 (statis
680 728 815 767 cum
842 711 1159 781 augmento
1182 707 1380 780 gratiae
1413 703 1951 770 emlestis,eommu-

300 807 581 863 tationem
614 799 877 858 mortalis
921 797 1117 853 saeculi
1146 813 1248 868 pro
1280 794 1718 850 immortalitate
1748 793 1947 850 aeterni

2058 616 2363 671 videantur
2394 615 2864 671 incredibiliaAc
2886 633 2976 671 me
2991 617 3229 688 quidem
3252 615 3345 670 his
3364 614 3723 670 enarrandis

2058 706 2341 777 imparem
2376 704 2628 772 seio,sed
2659 704 2719 760 in
2744 706 2872 777 ejus
2896 704 3129 761 nomine
3149 704 3209 759 in
3240 720 3414 776 quem
3439 703 3564 775 ipse
3580 703 3728 759 ﬁde-

2058 793 2192 848 liter
2213 794 2478 861 credidit,
2513 800 2571 849 et
2600 794 2692 849 cui
2732 794 2855 866 ipso
2889 794 3059 849 lidele
3082 793 3275 866 operis
3314 791 3723 849 ministerium

301 895 495 952 saeculi
528 908 706 966 quam
746 886 1050 947 verissime
1082 887 1335 941 eonabor
1364 883 1680 954 absolvere,
1713 882 1950 939 omissis
2059 882 2341 949 exhibuit,
2377 884 2491 940 ista
2522 884 2759 955 aggredi
2791 884 3048 939 tentabo.

1797 1042 2193 1054 -——-—-——-—_

494 1162 1181 1303 meumr
1294 1158 1707 1314 vnn
1824 1153 2468 1291 SANGTI
2584 1154 3478 1293 nussum
3592 1105 3598 1110 ’

644 1380 1271 1447 CANTUARIENSIS
1318 1374 1920 1438 ARCHIEPISCOPI
1964 1374 2065 1435 ET
2111 1375 2642 1438 CONFESSORIS
2686 1373 2844 1453 (XIV
2886 1376 3063 1436 KAL.
3109 1374 3360 1455 JUNII).

1792 1534 2189 1548 —-—_—

613 1673 887 1730 Dunstani
919 1678 1167 1743 parentes
1199 1668 1407 1724 nobiles
1440 1682 1504 1721 ac
1519 1666 1623 1737 pii.

363 1766 413 1822 3.
451 1766 750 1837 Regnante
784 1760 1100 1835 magniﬁco
1131 1756 1450 1830 Anglorum
1486 1771 1617 1826 rege
1638 1753 1955 1810 Ethelesta-

295 1876 394 1927 no,
425 1872 578 1914 anno
619 1851 695 1925 (l)
728 1850 965 1924 quidem
998 1844 1227 1919 imperii
1257 1846 1385 1917 ejus
1418 1842 1626 1916 primo,
1658 1844 1949 1900 adventus

291 1965 427 2006 vero
455 1942 779 2019 Anglorum
836 1940 897 1995 in
948 1935 1312 1994 Britanniam
1363 1932 1949 2007 quadringentesimo

294 2035 638 2110 nongesimo
687 2029 960 2103 septimo,
994 2043 1128 2082 cum
1162 2025 1316 2080 idem
1370 2040 1492 2090 rex,
1521 2021 1793 2078 hostibus
1843 2019 1949 2076 cir-

295 2128 672 2198 cumquaque
692 2117 1123 2189 subactis,pace
1143 2119 1200 2171 et
1228 2111 1540 2169 concordia
1561 2127 1807 2185 regnum
1827 2111 1946 2198 tue-

293 2196 473 2282 retur,
507 2215 684 2268 natus
712 2210 803 2264 est
831 2222 976 2279 puer
1003 2203 1105 2260 Dei
1137 2201 1482 2258 Dunstanus
1507 2196 1943 2255 Wessaxonicis

289 2302 512 2377 Anglia
544 2293 1075 2375 partibus,magnis
1108 2291 1349 2365 quidem
1381 2304 1484 2363 pro
1516 2289 1711 2346 saeculi
1745 2289 1820 2361 (2)
1851 2287 1939 2343 di-

289 2393 511 2468 gnitate
532 2384 1006 2463 parentibus,sed
1027 2383 1099 2438 ad
1130 2380 1468 2454 religionem
1501 2397 1629 2451 qum
1658 2377 1939 2468 Christia-

291 2466 400 2539 nos
431 2482 597 2537 decet
624 2477 796 2550 longe
828 2471 1369 2544 majoribus.Tanta
1399 2468 1690 2540 siquidem
1710 2466 1944 2522 virtutis

290 2571 515 2628 ratione
543 2566 802 2623 viventes
834 2563 1095 2618 animum
1130 2558 1510 2625 colebant,tet
1528 2556 1641 2630 piis
1666 2554 1941 2628 operibus

293 2662 633 2717 laborantes
671 2652 1050 2717 insudabant,
1084 2652 1147 2704 ut
1176 2663 1544 2703 commonem
1594 2644 1941 2701 mortalibus

289 2752 442 2807 viam
465 2740 1025 2822 ingressi,angelicis
1046 2736 1350 2811 spiritibus
1382 2738 1746 2791 mererentur
1773 2751 1940 2790 asso-

290 2840 454 2908 ciari,
473 2837 627 2893 sicut
656 2834 845 2891 eidem
879 2828 999 2885 filio
1031 2845 1138 2883 suo
1163 2826 1539 2899 postmodum
1572 2823 1768 2879 divina
1791 2839 1942 2878 reve-

289 2930 506 2986 latione
537 2922 811 2981 innotuit.
845 2918 1007 2987 Quod
1041 2934 1157 2972 non
1190 2914 1447 2970 alienum
1481 2918 1572 2969 est
1618 2911 1938 2967 divinitatis

289 3016 530 3075 consilio
561 3014 780 3069 factum
804 3007 1192 3078 conjicere,ut
1222 3002 1490 3059 videlicet
1520 3006 1719 3057 tantus
1742 3000 1937 3055 infans

289 3106 435 3163 tales
458 3105 729 3177 parentes
761 3098 1019 3162 haberet,
1045 3092 1143 3166 qui
1176 3110 1309 3147 cum
1334 3090 1444 3163 ipsi
1478 3090 1626 3144 bene
1655 3090 1933 3155 viverent,

290 3203 415 3253 tum
452 3176 598 3248 bene
627 3186 855 3245 vivendi
885 3186 1133 3240 formam
1166 3180 1463 3236 nascituro
1495 3196 1561 3233 ex
1593 3195 1655 3233 se
1687 3176 1803 3232 tilio
1826 3180 1938 3231 tra-

291 3287 424 3341 dere
454 3282 712 3354 possent.
737 3277 1017 3347 Magnum
1049 3271 1263 3344 quippe
1284 3269 1439 3324 Deus
1468 3266 1636 3322 illum
1671 3267 1934 3322 futurum

290 3371 663 3448 praevidebat,
697 3382 872 3440 quem
901 3362 983 3419 ibi
1015 3357 1343 3416 dulcedinis
1372 3375 1491 3412 sua:
1520 3354 1936 3412 benedictioni-

289 3442 402 3520 bus
428 3452 906 3534 przevcnerat,ubi
931 3467 1136 3507 omnes
1168 3447 1270 3502 lilii
1300 3447 1485 3502 Adam
1519 3444 1724 3501 nativa:
1757 3442 1935 3499 male-

289 3549 565 3609 dictionis
587 3542 937 3601 sententiam
959 3537 1276 3610 excipiunt,
1310 3535 1359 3590 si
1393 3551 1508 3590 non
1542 3551 1644 3607 per
1673 3550 1937 3604 assump-

289 3650 409 3699 tam
441 3658 474 3696 a
506 3636 649 3694 Filio
682 3634 781 3691 Dei
816 3628 1061 3687 humani
1085 3625 1322 3681 habitus
1356 3624 1603 3680 formam
1636 3623 1707 3679 ad
1739 3620 1933 3693 pristi-

289 3748 427 3787 nam
458 3728 848 3784 reformentur
880 3713 1643 3785 beatitudinem.Magnum,
1667 3712 1932 3784 inquam,

291 3822 445 3876 Deus
465 3816 633 3873 illum
656 3814 919 3869 futurum
940 3802 1404 3880 praevidebat,cui
1427 3806 1656 3857 tantum
1675 3800 1939 3855 muneris

292 3887 573 3965 donatum
596 3907 704 3967 est,
740 3905 807 3957 ut
841 3902 974 3955 ante
1022 3894 1244 3951 mundo
1292 3891 1478 3966 signis
1528 3890 1936 3955 innotesceret,

292 4015 471 4071 quam
493 3995 651 4050 hunc
684 3990 744 4045 in
776 3986 981 4043 mundi
1013 3985 1195 4056 hujus
1225 3981 1416 4037 lucem
1450 3983 1637 4035 mater
1667 3978 1935 4034 fudisset.

290 4069 479 4157 Atque
533 4086 596 4138 ut
640 4083 849 4135 cratera
895 4073 1150 4131 dilucide
1194 4078 1251 4127 et
1298 4069 1561 4126 ordinate
1600 4069 1937 4142 procedant,

293 4176 429 4232 hinc
458 4168 690 4228 dicendi
719 4164 888 4223 initia
907 4161 1285 4220 constituam.

720 4256 899 4313 Gemis
930 4254 1030 4309 tua:
1051 4251 1259 4305 cwlitus
1281 4247 1509 4305 reddita.

366 4355 419 4408 4.
455 4347 735 4406 Maternis
764 4344 944 4417 igitur
974 4339 1203 4397 sinibus
1251 4355 1417 4393 sacro
1448 4337 1754 4410 puerperio
1780 4337 1942 4391 intu-

1977 1663 2024 1729 B
2055 1661 2451 1734 solverat,jam
2471 1663 2971 1736 quemadmodum
2995 1679 3245 1735 puerum
3262 1662 3464 1719 Jesum
3483 1663 3540 1719 in
3567 1670 3727 1721 tem-

2065 1751 2230 1825 plum
2282 1756 2551 1824 parentes
2599 1751 2944 1807 inducerent
2993 1751 3224 1807 recitari
3275 1756 3543 1825 cceperat,
3579 1770 3728 1810 cum

2064 1847 2296 1913 repente
2328 1841 2607 1912 majestas
2641 1839 2867 1897 Domini
2901 1841 2957 1895 in
3010 1844 3228 1914 templo
3262 1842 3551 1914 apparuit,
3589 1860 3727 1916 qua

2060 1931 2258 1986 omnia
2270 1929 2535 1986 omnium
2548 1928 2864 1986 luminaria
2881 1930 3457 2004 exstinxittotamquc
3469 1930 3724 1989 domum

2058 2020 2367 2075 tenebrosa
2416 2018 2664 2092 caligine
2712 2020 2948 2075 obtexit.
2985 2018 3128 2075 Hine
3179 2019 3409 2092 gelidus
3441 2021 3723 2077 omnium

2057 2108 2321 2163 membra
2353 2125 2531 2181 pavor
2561 2107 2866 2182 perserpit,
2904 2107 3095 2181 rigent
3127 2126 3327 2179 comae,
3361 2127 3554 2184 genua
3603 2111 3727 2168 col-

2052 2196 2340 2253 liduntur.
2376 2198 2622 2255 Stabant
2651 2198 2866 2272 quippe
2898 2214 3077 2255 sensu
3105 2200 3411 2269 haerentes,
3449 2203 3505 2255 et
3534 2198 3723 2257 alter-

2052 2284 2143 2342 nis
2171 2286 2475 2343 obtutibus
2503 2291 2806 2361 stuporem
2842 2287 3313 2345 indicantcs.Scd
3348 2294 3412 2344 ut
3432 2288 3722 2346 omnibus

2054 2375 2280 2433 clarum
2308 2378 2473 2433 fieret
2493 2376 2634 2450 quid
2667 2376 2775 2434 hac
2804 2377 2863 2433 in
2915 2395 2976 2434 re
3004 2395 3071 2434 ea
3100 2396 3226 2451 qure
3257 2378 3533 2451 apparuit
3582 2396 3720 2434 ma-

2043 2466 2235 2534 jestas
2266 2465 2615 2533 intenderet,
2666 2467 2933 2541 exemplo
2978 2466 3075 2523 lux
3121 2467 3349 2524 omlitus
3392 2467 3616 2526 emissa
3650 2468 3716 2523 in

2054 2553 2272 2627 templo
2303 2555 2688 2628 resplenduit,
2723 2560 2780 2611 et
2809 2574 2944 2612 eum
2977 2573 3152 2629 quem
3203 2573 3491 2629 puerpera
3525 2572 3719 2612 manu

2054 2645 2286 2700 tenebat
2318 2661 2550 2701 cereum
2582 2645 2943 2701 accendit.Si
2977 2651 3108 2700 ante
3130 2643 3382 2716 populus
3397 2646 3467 2700 de
3481 2644 3713 2701 amisso

2049 2731 2272 2789 lumine
2304 2732 2552 2789 miratus
2582 2738 2854 2801 est,nunc
2887 2732 3095 2803 majori
3120 2730 3508 2787 admiratione
3525 2732 3718 2789 simul

2050 2826 2108 2877 et
2161 2820 2551 2878 exsultatione
2600 2818 2991 2876 detinebatur.
3054 2818 3396 2876 Exsultabat
3444 2837 3715 2894 namque

2048 2913 2394 2982 praesentem
2439 2926 2501 2965 se
2549 2908 2647 2964 Dei
2688 2907 2936 2982 gratiam
2968 2906 3204 2976 vidisse,
3239 2908 3341 2964 sed
3374 2907 3715 2966 mirabatur

2048 2997 2198 3052 hanc
2226 2996 2337 3053 sibi
2364 3014 2467 3070 per
2496 2995 2776 3052 feminam
2826 2996 3181 3070 provenisse.
3226 2997 3349 3052 Huc
3394 2998 3594 3069 itaque
3628 3000 3705 3055 ab

2049 3085 2326 3141 omnibus
2361 3089 2780 3157 perrectum,et
2810 3084 2947 3141 hinc
2977 3085 3176 3141 lumen
3208 3085 3487 3142 omnibus
3510 3103 3706 3159 [verre

2048 3180 2231 3230 ctum.
2286 3174 2584 3230 Habemus
2633 3191 2771 3248 ergo
2818 3191 3033 3231 novum
3081 3176 3152 3231 de
3204 3192 3352 3231 nova
3400 3175 3700 3232 Elizabeth

2042 3265 2351 3332 Joannem;
2380 3263 2670 3320 habemus
2693 3265 2877 3320 nostri
2904 3264 3186 3338 temporis
3216 3264 3702 3338 Jeremiam,quo-

2044 3370 2175 3409 rum
2199 3352 2448 3408 alterum
2473 3352 2647 3421 Deus,
2672 3352 2923 3409 alterum
2947 3352 3338 3427 archangelus
3355 3354 3456 3409 Dei
3491 3353 3548 3408 in
3568 3369 3701 3408 ma-

2046 3440 2151 3497 tris
2184 3446 2348 3497 utero
2397 3441 2830 3497 sanctificatum
2880 3443 3150 3499 asseruit.
3182 3445 3370 3516 Aque,
3400 3446 3466 3498 ut
3511 3441 3698 3498 excel-

2043 3530 2349 3587 lentiorem
2400 3530 2652 3603 gratiam
2702 3531 2991 3599 advertas,
3028 3549 3145 3604 qua
3175 3531 3269 3587 die
3314 3532 3498 3588 Filius
3527 3530 3627 3585 Dei
3665 3547 3700 3586 a

2047 3625 2232 3676 matre
2259 3619 2497 3693 Virgine
2530 3620 2590 3675 in
2618 3620 2836 3693 templo
2868 3624 2957 3677 est
2987 3626 3393 3693 praesentatus,
3427 3636 3496 3676 ea
3525 3620 3701 3675 nimi-

2046 3725 2176 3765 rum
2210 3724 2353 3781 puer
2382 3708 2482 3763 Dei
2520 3708 2577 3763 in
2612 3710 2818 3764 matris
2856 3714 3020 3766 utero
3052 3710 3125 3765 ad
3161 3709 3445 3782 templum
3480 3713 3568 3765 est
3598 3709 3700 3766 de-

2048 3803 2334 3872 portatus.
2362 3798 2585 3853 Lumen
2618 3798 2691 3853 ad
2730 3797 3139 3855 revelationem
3173 3799 3457 3872 gentium,
3490 3802 3549 3853 et
3578 3797 3704 3870 glo-

2050 3888 2197 3943 riam
2222 3885 2401 3942 Israel
2433 3890 2673 3943 sanctus
2706 3887 2943 3944 Simeon
2977 3888 3324 3944 exsultando
3375 3886 3704 3960 proclama-

2049 3975 2374 4031 batzlumen
2409 3973 2795 4033 nihilominus
2825 3976 2882 4032 iu
2918 3982 3073 4032 terra
3103 3976 3703 4050 Anglorumexortum

2050 4064 2454 4136 Christus,qui
2483 4081 2685 4120 verum
2716 4063 2941 4121 lumine
2971 4071 3079 4133 est,
3101 4065 3326 4122 lumine
3343 4064 3701 4121 declarabat.

2146 4216 2151 4219 η
2380 4155 2651 4210 Dunstum'
2676 4155 2935 4211 nativitas
2965 4162 3016 4211 et
3046 4155 3364 4227 baptismus.
3498 4148 3503 4153 ’

2119 4244 2174 4298 5.
2209 4242 2525 4315 Postquam
2540 4247 2736 4298 autem
2754 4244 2962 4300 edendi
2981 4249 3185 4317 partus
3199 4247 3435 4316 tempus
3446 4240 3704 4309 advenit,

2053 4330 2268 4387 mulier
2294 4331 2588 4404 genuit(3)
2601 4330 2789 4387 ﬁlium
2816 4333 3144 4406 quantitate
3175 4332 3413 4405 quidem
3444 4332 3708 4403 corporis

295 4435 851 4504 mesccntibus,dies
881 4426 1309 4487 Puriﬁcationis
1331 4430 1543 4483 sanctae
1565 4444 1629 4481 ac
1653 4430 1941 4498 perpetua;
1976 4430 2023 4495 D
2054 4418 2384 4493 parvulum,
2418 4421 2519 4476 sed
2548 4437 2614 4475 ea
2646 4437 2772 4493 qua:
2806 4425 3131 4494 praeventus
3163 4421 3355 4477 fuerat
3382 4419 3571 4493 gratia
3600 4418 3706 4474 Dei

294 4529 554 4602 Virginis
586 4525 779 4583 Mariae
812 4519 1004 4577 illuxit
1024 4516 1554 4588 festivus.Cumque
1580 4515 1808 4570 vicinus
1843 4532 1945 4570 un—

295 4621 475 4692 dique
493 4614 745 4691 populus
762 4613 833 4669 ad
852 4607 1156 4666 ecclesiam
1181 4606 1370 4662 eidem
1391 4603 1615 4678 Virgini
1651 4604 1706 4659 in
1732 4603 1948 4660 Glesto-

297 4709 457 4766 niam
483 4708 738 4763 dicatam
768 4701 1087 4756 conflueret
1115 4699 1177 4750 ut
1209 4693 1529 4749 devotionis
1552 4710 1670 4748 suae
1694 4692 1952 4748 ministe-

299 4799 452 4853 rium
472 4797 530 4851 in
550 4800 713 4850 tanta
728 4786 1095 4846 solemnitate
1108 4783 1246 4855 Regi
1270 4800 1473 4855 regum
1491 4780 1720 4837 Christo
1738 4782 1953 4854 persol-

299 4889 475 4952 veret,
507 4878 795 4953 contingit
826 4878 1049 4949 patrem
1081 4871 1247 4945 pueri
1279 4870 1632 4927 Ilerstanum
1660 4887 1792 4926 cum
1813 4888 1949 4926 con-

292 4975 438 5045 juge
468 4988 577 5027 sua
606 4966 935 5041 Kynedrida
966 4960 1290 5026 advenisse,
1324 4957 1704 5032 accensisque
1733 4958 1953 5032 lampa-

302 5061 478 5115 dibus
544 5057 728 5113 sacris
806 5052 1124 5107 missarum
1214 5047 1517 5103 solemniis
1592 5047 1947 5105 interfuisse.

301 5149 551 5219 Jamque
578 5144 894 5218 plurimam
918 5137 1113 5195 diurni
1131 5135 1346 5192 servitii
1371 5139 1597 5208 partem
1628 5135 1819 5193 clerus
1849 5138 1949 5194 ab-

373 5280 450 5346 (l)
473 5273 794 5333 Ethelstani
809 5288 1007 5346 annus
1023 5269 1250 5346 primps
1269 5266 1641 5346 componitur
1651 5284 1784 5324 cum
1796 5287 1951 5327 anno

304 5338 517 5406 Christi
548 5348 655 5403 925
683 5347 740 5400 in
771 5338 1147 5411 chronologia
1166 5338 1469 5411 Saxonica,
1501 5340 1825 5411 eodemque
1855 5359 1955 5398 an.

306 5442 380 5477 no
412 5423 750 5477 Duustanus
784 5415 998 5470 ibidem
1049 5408 1223 5465 natus
1254 5408 1481 5464 dicitur.
1520 5410 1591 5462 At
1620 5408 1951 5470 iste'annus

305 5497 632 5548 esttantum
647 5483 1091 5554 octingentesim
1104 5496 1171 5554 us
1183 5478 1653 5554 septuagesimus
1666 5483 1953 5554 septimus

306 5565 378 5618 ab
409 5565 657 5618 adventu
688 5550 1084 5630 Anglorumin
1114 5550 1949 5630 Britanniiaminsulam,quem

308 5636 622 5689 adventum
646 5632 715 5688 ad
738 5620 960 5686 annum
984 5624 1090 5681 449
1107 5624 1281 5677 refert
1297 5620 1525 5696 Bedajn
1541 5621 1644 5696 lib.
1667 5620 1821 5696 icap.
1861 5630 1948 5684 15.

308 5707 468 5766 Idem
497 5708 754 5763 erratum
783 5696 996 5757 erravit
1025 5695 1321 5752 Osbernus
1353 5691 1409 5749 in
1437 5693 1551 5748 fine
1581 5691 1946 5767 hujus'Vitse,

2052 4509 2432 4565 immensum.
2469 4508 2608 4564 Inde
2639 4510 2839 4565 statim
2873 4512 3140 4566 secundae
3171 4506 3567 4583 generationis
3595 4507 3709 4563 ho-

2059 4614 2196 4653 nore
2240 4598 2480 4670 potitus,
2514 4597 2771 4653 futuram
2823 4599 2957 4655 ﬁdei
3007 4598 3168 4655 illius
3198 4598 3550 4654 soliditatem
3576 4597 3708 4668 jam

2058 4691 2196 4742 tunc
2219 4684 2497 4741 divinitus
2508 4686 2745 4759 praefigu
2756 4690 2940 4743 ratam
2955 4688 3014 4742 in
3038 4687 3274 4742 nomine
3293 4686 3538 4742 sortitur
3552 4685 3713 4741 Dun-

2058 4780 2284 4843 stantis,
2307 4774 2459 4845 quod
2482 4776 3008 4846 petraeﬁrmitatem
3024 4780 3213 4843 sonat,
3228 4778 3538 4847 parentum
3571 4790 3711 4829 suo-

2060 4881 2190 4919 rum
2240 4862 2613 4918 adnotatione
2660 4864 2965 4921 vocitatus.
3018 4864 3237 4921 Deinde
3285 4865 3429 4919 dum
3475 4866 3713 4921 teneros

2061 4969 2246 5010 annos
2296 4950 2555 5007 infantia:
2604 4969 2859 5026 sequens
2912 4958 3052 5010 sitas
3114 4952 3477 5020 exclusisset,
3540 4954 3599 5007 et
3650 4951 3710 5006 in

2060 5044 2292 5115 apertos
2321 5055 2498 5096 sonos
2526 5040 2791 5114 linguam
2831 5042 2959 5113 jam
3008 5042 3260 5098 formare
3309 5040 3601 5113 coepisset,
3637 5039 3715 5095 ad

2059 5128 2345 5203 templum
2365 5130 2679 5185 nascentize
2691 5129 2852 5186 illius
2868 5131 3151 5188 miraculo
3163 5130 3460 5203 quondam
3476 5127 3715 5203 insigne

2062 5272 2161 5329 ubi
2202 5273 2276 5327 de
2307 5274 2493 5327 morte
2518 5272 2826 5327 Dunstani.

2131 5347 2207 5416 (2)
2239 5344 2417 5418 Regia:
2444 5345 2612 5415 stirpi
2629 5346 3121 5417 consanguinitatis
3137 5347 3267 5418 jure
3296 5340 3721 5411 devincti,infra

2062 5432 2225 5556 “Diali
2256 5415 2606 5559 (Dunstanus
2652 5502 2830 5559 prope
2879 5485 3245 5559 Glastoniam
3294 5488 3472 5540 natus
3503 5487 3619 5559 est,
3652 5484 3725 5536 ut

2063 5555 2221 5629 patet
2249 5559 2378 5612 tum
2410 5555 2786 5629 exAOsbe‘rno',
2822 5564 2948 5614 tum
2982 5574 3051 5614 ex
3080 5558 3145 5614 B.
3191 5558 3250 5613 in
3283 5560 3485 5613 octava
3512 5555 3722 5611 obser-

2060 5627 2289 5686 vatione
2323 5627 2552 5699 praevia.
