3912 6384
216 415 331 475 417

1820 419 2000 485 VITA
2012 465 2026 481 .

3512 435 3633 509 iis

216 565 349 602 cum
383 549 779 607 oblationibus
810 552 1136 609 hostiarum
1160 555 1435 621 defertur,
1462 556 1578 609 imo
1614 556 1737 626 ipse
1771 554 1864 652 ho-
1896 589 1952 655 Α
1982 553 2102 608 ιιωο
2385 555 2721 655 in'Do‘mi-no
2772 563 3063 655 quievisse
3092 568 3450 643 perhibetur.
3485 573 3631 631 Cum

215 636 332 693 stia
359 639 506 706 viva,
541 644 747 695 sancta
793 641 930 709 Deo,
971 642 1229 714 placens,
1253 644 1511 698 otl‘ertur.
1545 643 1628 699 Ibi
1661 642 1778 697 illis
1808 641 1868 696 in

215 726 479 782 oratione
508 730 991 799 pernoctantibus
1038 731 1310 803 apparuit
1340 732 1425 786 vir
1454 731 1734 787 aethereos
1764 730 1868 785 ha-

214 815 360 871 bens
390 815 893 883 vultus,etlorum
919 818 1063 873 dixit
1095 838 1207 875 non
1242 820 1426 876 multo
1460 826 1588 892 post
1612 826 1871 890 tempore

216 902 680 971 sublimandum,
719 924 963 977 puerum
995 907 1211 963 ibidem
1246 909 1361 963 Deo
1395 908 1866 980 relinquendum,

215 996 274 1047 et
305 993 542 1047 beatum
594 995 756 1049 illum
814 1013 912 1065 per
959 997 1171 1053 saecula
1226 998 1685 1069 praedicandum.
1718 997 1867 1072 Tum

215 1082 507 1137 mensoris
531 1083 854 1139 funiculum
880 1102 985 1158 per
1003 1085 1177 1157 plana
1205 1087 1339 1141 atrii
1371 1088 1691 1142 extendens
1715 1103 1728 1141 :
1753 1086 1870 1151 Sic,

216 1170 832 1242 inquit,aadiﬁeabitur
861 1173 1022 1230 locus
1052 1176 1161 1230 iste
1192 1176 1265 1231 ad
1297 1176 1677 1248 praeparanda
1698 1175 1872 1229 corda

219 1257 456 1314 illorum
492 1260 740 1316 Domino
772 1264 867 1334 qui
904 1263 959 1317 in
992 1264 1102 1319 hoc
1134 1263 1257 1319 loco
1290 1282 1393 1336 per
1420 1265 1577 1320 hunc
1624 1279 1872 1338 puerum

219 1346 335 1401 Deo
364 1348 641 1403 credituri
678 1352 1003 1418 sunt.Quia
1025 1352 1105 1406 illi
1128 1353 1474 1408 revelatione
1504 1353 1877 1408 vehementer

220 1436 428 1505 gavisi,
464 1437 785 1493 immensas
815 1441 1201 1513 omnipotenti
1257 1442 1372 1498 Deo
1419 1440 1623 1497 laudes
1654 1440 1873 1514 persol-

218 1528 384 1591 vunt,
422 1527 902 1584 commendantes
952 1545 1199 1600 puerum
1250 1532 1310 1584 in
1353 1529 1590 1602 templo,
1626 1535 1689 1585 ut
1722 1533 1876 1585 esset

224 1610 391 1666 Levis
425 1613 698 1680 Domino,
730 1620 787 1669 et
819 1617 1007 1687 portio
1060 1617 1217 1673 illius
1266 1619 1551 1673 Dominus
1580 1620 1871 1684 existeret,

221 1701 725 1770 quemadmodum
786 1704 966 1776 Moysi
1018 1705 1240 1761 dictum
1267 1711 1376 1773 est,
1409 1722 1546 1762 eum
1594 1707 1877 1762 divideret

220 1787 557 1843 Judzeorum
589 1806 695 1861 per
725 1791 918 1848 tribus
974 1792 1239 1865 singulas
1282 1794 1593 1850 incolatus.
1626 1794 1743 1851 Non
1771 1796 1879 1851 erit

220 1875 395 1931 tribui
414 1878 543 1933 Levi
567 1894 685 1934 sors
704 1881 849 1936 inter
864 1883 1064 1952 fratres
1093 1898 1241 1950 suos,
1272 1882 1407 1939 dicit
1432 1884 1712 1951 Dominus,
1747 1886 1879 1957 quia

1981 656 2117 711 ergo
2149 640 2208 695 hi
2240 641 2388 697 tales
2417 644 2523 699 viri
2551 646 2769 704 talibus
2799 651 2869 706 de
2901 640 3107 710 causis
3154 657 3512 717 Glestoniam
3544 680 3634 720 ve-

1981 728 2182 797 nisset,
2218 748 2322 786 nec
2350 736 2547 789 tamen
2597 736 2883 809 quidquid
2924 741 3035 798 sibi
3058 746 3456 807 necessarium
3488 755 3630 817 erat,

1981 818 2480 875 sufﬁcientissime
2502 822 2558 877 in
2580 822 2706 879 loco
2729 829 3102 898 reperissent,
3127 836 3460 909 suscipiunt
3482 837 3633 895 ﬁlios

1983 906 2263 962 nobilium
2323 907 2666 969 liberalibus
2718 918 2932 973 studiis
2976 906 3346 989 imbuendos,
3382 929 3628 997 utquod

1982 995 2179 1049 minus
2202 998 2272 1050 ad
2294 1015 2465 1052 usum
2499 999 2608 1055 loci
2635 1004 2871 1059 ubertas
2901 1008 3218 1081 exhiberet,
3248 1029 3449 1069 eorum
3484 1032 3631 1087 quos

1980 1082 2267 1139 docebant
2296 1084 2643 1145 liberalitate
2673 1092 3046 1152 redundaret.

2195 1172 2374 1230 Morbo
2401 1185 2675 1249 correptus
2703 1183 2850 1236 mira
2875 1186 3011 1253 facit
3036 1189 3229 1259 angelo
3262 1190 3414 1247 duce.
3514 1244 3519 1249 .

2048 1262 2106 1314 7.
2121 1262 2298 1317 Adest
2317 1280 2453 1336 ergo
2467 1266 2871 1328 nobilissimus
2892 1272 2951 1327 in
2972 1274 3051 1328 Ch
3062 1276 3203 1333 riste
3225 1295 3370 1350 puer
3386 1282 3633 1338 Dunsta-

1983 1365 2095 1404 nus
2115 1349 2269 1404 inter
2290 1351 2435 1408 alios
2466 1371 2641 1423 unus,
2670 1356 2788 1413 imo
2819 1377 2935 1432 prie
2967 1363 3097 1421 aliis
3127 1349 3422 1437 solus,ubi
3456 1371 3631 1444 paulo

1983 1437 2322 1510 diligentius
2343 1457 2523 1512 quam
2546 1444 2842 1504 imbecilla
2867 1456 3008 1507 natas
3030 1453 3177 1512 ferre
3199 1437 3635 1528 posset,littera-

1984 1544 2115 1582 rum
2149 1529 2342 1583 studio
2391 1530 2653 1589 intentus
2703 1539 2986 1596 acerrimo
3035 1543 3092 1597 in
3142 1547 3354 1603 tenello
3396 1565 3634 1624 corpore

1984 1614 2262 1687 languore
2284 1618 2731 1691 fatigatur,adeo
2753 1631 2815 1681 ut
2839 1644 2941 1699 per
2968 1630 3192 1704 aliquot
3220 1635 3344 1692 dies
3366 1655 3469 1693 nec
3491 1614 3634 1711 quid

1984 1709 2200 1775 ageret,
2258 1722 2364 1763 nec
2421 1709 2562 1780 quid
2618 1712 2689 1767 ab
2746 1714 2879 1770 aliis
2944 1726 3215 1791 ageretur
3287 1709 3632 1783 intenderet.

1987 1791 2186 1847 Flebat
2206 1798 2399 1850 autem
2433 1797 2916 1859 scholasticorum
2938 1811 3228 1866 eoastanea
3246 1814 3439 1882 turba,
3460 1815 3638 1879 ﬂebat

1983 1881 2105 1935 tota
2134 1880 2366 1950 domus,
2401 1884 2624 1942 familia
2651 1888 2798 1961 ipsa,
2826 1892 3092 1951 doctores
3124 1880 3492 1959 recordantes
3517 1920 3638 1960 mo-

219 1965 482 2021 Dominus
513 1967 654 2023 Deus
677 1984 808 2041 pars
852 1971 1079 2026 illorum
1124 1980 1220 2027 est.
1254 1972 1418 2028 Unde
1446 1972 1649 2028 Petrus
1680 1955 1876 2029 osten-
1905 1955 1955 2021 Β
1983 1966 2230 2023 destiam
2280 1972 2467 2044 pueri,
2520 1955 2844 2049 ingenium,
2907 1984 3293 2056 nobilitatem,
3348 1991 3638 2051 educatio-

219 2053 365 2108 dens
395 2070 458 2110 se
488 2057 815 2127 portionem
850 2058 908 2112 in
948 2059 1064 2115 Deo
1108 2058 1339 2127 habere,
1376 2078 1491 2116 non
1523 2061 1580 2114 in
1615 2060 1825 2116 saeculo
1857 2077 1871 2117 :

220 2142 533 2211 Argentum,
566 2144 778 2216 inquit,
811 2154 865 2201 et
907 2163 1109 2202 aurum
1137 2164 1248 2203 non
1276 2148 1465 2214 habeo,
1495 2149 1587 2205 sed
1617 2151 1756 2224 quod
1785 2150 1878 2206 ha-

221 2230 313 2284 beo
342 2231 441 2285 hoe
471 2232 572 2287 tibi
600 2233 667 2288 do
703 2252 721 2288 :
752 2235 817 2289 In
863 2238 1087 2291 nmine
1129 2238 1281 2293 Iesus
1330 2242 1603 2294 Nazareni
1638 2257 1801 2312 surge
1828 2248 1879 2296 et

219 2318 460 2375 ambula.
499 2320 614 2375 Hoc
647 2327 738 2376 est
771 2338 784 2375 :
820 2324 1042 2379 Aurum
1094 2342 1208 2381 non
1241 2331 1329 2381 est
1359 2328 1548 2393 portio
1582 2346 1709 2384 mea
1737 2347 1749 2391 ;
1784 2347 1873 2384 ar-

221 2412 462 2477 gentum
486 2425 600 2464 non
624 2414 712 2464 est
734 2412 924 2482 portio
941 2430 1100 2469 mea:
1117 2416 1306 2485 portio
1331 2432 1459 2471 mea
1480 2416 1748 2472 Christus
1764 2424 1872 2474 est.

220 2495 337 2550 Hoc
387 2514 600 2553 nomen
653 2502 1029 2568 muniﬁcum,
1061 2502 1169 2559 hoc
1216 2521 1425 2560 nomen
1460 2506 1602 2561 mihi
1636 2514 1725 2562 est
1756 2508 1875 2562 fru-

219 2588 514 2641 ctuosum.
549 2586 709 2641 Talis
755 2605 891 2660 ergo
940 2590 1226 2662 portionis
1256 2596 1510 2650 fructum
1546 2596 1879 2654 tirunculus

218 2671 435 2727 Christi
460 2674 516 2728 in
537 2674 745 2731 timore
768 2682 972 2733 sancto
993 2683 1875 2748 assecutus,assiduaministra-

219 2759 378 2815 tione
437 2761 687 2818 Domino
749 2764 1056 2832 serviebat,
1093 2768 1403 2840 proﬁciens
1463 2772 1719 2843 quotidie
1755 2780 1878 2830 tam

219 2849 277 2903 in
310 2850 557 2906 scientia
587 2852 823 2924 pietatis
854 2871 1032 2926 quam
1065 2856 1124 2910 in
1162 2857 1370 2913 virtute
1400 2860 1752 2917 sanctitatis.

285 2940 341 2993 6.
376 2939 455 2995 Ea
485 2944 828 3012 tempestate
877 2943 1177 3000 Glestonia
1224 2946 1520 3019 regalibus
1567 2950 1877 3022 stipendiis

218 3027 451 3082 addicta
480 3029 817 3085 monasticae
867 3030 1166 3104 religionis
1208 3034 1444 3106 penitus
1491 3042 1615 3092 erat
1650 3038 1876 3111 ignara.

216 3115 492 3171 Nondum
532 3118 688 3172 enim
722 3119 778 3172 in
814 3119 1021 3192 Anglia
1050 3122 1124 3193 (4)
1155 3125 1489 3179 communis
1540 3126 1670 3182 vita:
1726 3130 1876 3185 ratio

213 3203 532 3273 colebatur,
569 3224 683 3261 non
717 3226 864 3263 usus
894 3209 1199 3265 deserendi
1232 3214 1497 3285 proprias
1545 3215 1875 3274 voluntates

1984 2072 2141 2111 nem.
2192 2058 2478 2134 Cumque,
2519 2064 2648 2135 jam
2695 2066 2755 2122 in
2805 2069 3005 2133 limine
3052 2090 3211 2132 mors
3271 2079 3477 2136 adesse
3523 2098 3635 2154 pu-

1986 2150 2228 2215 taretur,
2263 2148 2526 2223 nihilque
2578 2154 2734 2211 aliud
2782 2174 2959 2231 quam
3009 2162 3232 2220 funeris
3286 2148 3635 2241 obsequium

1989 2234 2386 2302 meditaretur,
2482 2256 2613 2297 ecce
2707 2244 3061 2323 intempesta
3154 2259 3320 2310 nocte
3385 2257 3637 2316 ccclestis

1988 2320 2151 2378 illum
2211 2327 2502 2384 medicina
2561 2332 2778 2403 revisit,
2820 2320 2997 2407 quam
3054 2338 3104 2394 ei
3154 2359 3258 2414 per
3307 2347 3636 2418 angelicum

1988 2412 2380 2470 ministerium
2414 2418 2682 2477 Christus
2713 2423 2992 2483 exhibuit.
3040 2432 3132 2494 At,
3156 2412 3252 2487 ﬁne
3283 2412 3636 2506 quasalutis

1986 2499 2379 2560 innecteretur
2409 2524 2594 2576 mora,
2617 2511 2716 2565 ubi
2739 2513 2935 2570 divina
2963 2534 3066 2589 pro
3080 2528 3303 2577 venerat
3324 2525 3634 2597 medicina,

1986 2591 2292 2659 confestim
2327 2594 2398 2648 de
2427 2594 2639 2654 lectulo
2696 2616 2945 2675 surgens
2975 2606 3213 2678 doloris,
3246 2612 3317 2666 ad
3353 2591 3636 2687 templum

1987 2677 2102 2733 Deo
2132 2680 2350 2751 gratias
2383 2686 2622 2742 acturus
2654 2690 2952 2748 moderata
2981 2677 3284 2754 velocitate
3313 2677 3514 2770 currit,
3538 2704 3636 2759 ha-

1985 2766 2128 2821 bens
2151 2767 2319 2824 illum
2352 2770 2411 2827 in
2437 2771 2645 2831 itinere
2678 2777 3187 2856 ductorem,quem
3208 2786 3267 2842 in
3291 2790 3636 2860 aegritudine

1983 2853 2193 2913 habuit
2267 2860 2636 2919 salvatorem.
2706 2853 3043 2940 Stupefaeti‘
3091 2873 3163 2929 de
3229 2853 3637 2950 magnitudine

1982 2944 2116 2999 facti
2151 2947 2249 3018 qui
2292 2949 2464 3005 domo
2513 2958 2699 3027 erant,
2740 2957 2841 3029 qui
2872 2963 3207 3032 aegrotantis
3240 2965 3399 3022 illius
3430 2985 3633 3026 curam

1981 3035 2278 3105 gerebant,
2310 3036 2467 3094 lento
2496 3041 2642 3112 pede
2676 3048 2980 3115 pereuntis
3021 3052 3268 3126 vestigia
3316 3059 3532 3128 terunt,
3566 3060 3633 3115 ﬁ-

1980 3138 2114 3177 nem
2144 3123 2224 3178 rei
2271 3125 2503 3184 curiosa
2540 3130 2799 3202 agilitate
2829 3123 3216 3210 explorantes.
3249 3144 3509 3202 Necdum
3542 3148 3635 3204 iti-

1980 3211 2138 3265 neris
2152 3213 2412 3271 medium
2437 3219 2928 3288 confecerat,cum
2943 3227 3239 3303 malignus
3258 3235 3504 3306 spiritus
3516 3240 3636 3296 sive

214 3293 558 3351 hominibus
588 3297 990 3352 atl‘ectabatur.
1023 3299 1265 3355 Abbatis
1312 3318 1525 3358 nomen
1576 3304 1670 3360 vix
1701 3306 1869 3377 quis-
1898 3319 1941 3385 ί]
1979 3300 2109 3371 ejus
2141 3300 2319 3402 εξᾶῙυῐί
2342 3304 2625 3378 ίηνίάθηε,
2650 3327 2753 3366 seu
2785 3314 3045 3373 {lituram
3078 3319 3416 3394 religionem
3435 3345 3637 3402 $11896-

216 3399 396 3454 quam
427 3384 731 3453 audierat;
765 3391 1084 3443 conventus
1125 3390 1545 3448 monachorum
1579 3410 1692 3449 non
1726 3395 1871 3450 satis

216 3470 513 3543 quispiam
544 3472 806 3541 viderat;
850 3460 951 3530 sed
993 3476 1087 3531 cui
1131 3479 1278 3533 forte
1302 3478 1360 3535 id
1378 3479 1696 3538 voluntatis
1725 3489 1869 3552 erat,

220 3558 278 3612 in
303 3559 640 3632 pereginam
662 3562 832 3617 vellet
851 3565 1176 3638 transigere
1194 3566 1396 3635 vitam,
1419 3567 1470 3623 is
1491 3571 1664 3626 modo
1687 3572 1870 3642 solus,

219 3648 394 3704 modo
425 3649 626 3720 paucis
671 3651 938 3721 ejusdem
987 3654 1268 3727 propositi
1307 3657 1623 3715 comitatus
1652 3660 1874 3731 patrios

214 3735 363 3792 ﬁnes
392 3738 820 3810 egrediebatur,
851 3745 910 3796 et
939 3757 1055 3813 qua
1105 3744 1512 3815 opportunitas
1541 3746 1769 3804 vivendi
1801 3749 1871 3805 li-

212 3825 467 3881 centiam
500 3827 823 3894 dabat,illie
845 3828 1173 3903 alienigena
1192 3832 1369 3888 vitam
1404 3835 1630 3907 agebat.
1652 3837 1871 3910 Hicque

212 3929 342 3969 mos
363 3931 498 3970 cum
530 3916 860 3990 plerosque,
892 3923 1020 3974 tum
1052 3920 1423 3979 vehementer
1451 3924 1642 3980 adhuc
1673 3933 1871 3984 manet

211 4001 500 4059 Hibernos
525 4022 539 4072 ;
564 4006 705 4077 quia
736 4007 890 4078 quod
922 4007 1053 4063 aliis
1088 4009 1238 4066 bona
1260 4010 1532 4069 voluntas
1553 4014 1612 4069 in
1630 4032 1869 4073 consue-

210 4090 639 4161 tudinem,'hoc
689 4093 809 4150 illis
853 4099 1217 4154 consuetudo
1262 4100 1435 4155 vertit
1480 4101 1538 4156 in
1571 4108 1866 4175 naturam,

211 4195 464 4250 quorum
499 4182 666 4237 multi
692 4188 871 4255 atque
901 4184 1160 4242 illustres
1191 4187 1297 4243 viri
1330 4189 1542 4246 divinis
1575 4208 1641 4247 ac
1686 4210 1865 4250 saecu-

210 4268 675 4326 laribuslitteris
708 4272 980 4329 nobiliter
1008 4276 1247 4344 eruditi,
1269 4277 1642 4347 dum,relicta
1674 4281 1867 4338 Hiber-

211 4356 327 4424 nia,
361 4357 421 4413 in
453 4362 670 4415 terram
718 4361 1040 4433 Anglorum
1087 4364 1512 4437 peregrinaturi
1546 4370 1861 4439 venissent,

208 4445 526 4520 locumque
557 4447 937 4506 habitationis
959 4468 1077 4507 suae
1101 4453 1461 4511 Glestoniam
1487 4457 1865 4531 delegissent,

207 4540 513 4607 propterea
542 4539 696 4609 quod
730 4544 902 4606 esset,
937 4544 993 4596 et
1015 4557 1048 4596 a
1068 4541 1221 4597 civili
1253 4543 1636 4601 multitudine
1657 4564 1863 4621 seque-

207 4627 454 4692 stratus,
490 4630 548 4680 et
580 4625 859 4684 humanis
894 4628 1102 4685 usibus
1130 4632 1565 4701 accommodus,
1599 4640 1656 4690 et
1685 4637 1860 4709 (quod

207 4687 461 4769 maxime
493 4715 865 4783 alt‘ectabant)
895 4717 1186 4790 peregrini
1208 4718 1448 4775 Patricii
1482 4687 1565 4791 (55
1595 4687 1865 4798 religiosa
1894 4687 1941 4752 Β

202 4802 575 4858 veneratione
631 4803 940 4876 gloriosus,
973 4807 1073 4878 qui
1123 4805 1263 4863 olim
1303 4811 1749 4883 evangelizando
1773 4832 1861 4871 re-

204 4889 513 4959 gnuvaei
536 4891 674 4948 illuc
706 4894 1067 4966 perveniens,
1092 4895 1229 4963 vita,
1268 4897 1552 4966 doctrina,
1588 4901 1773 4973 signis
1804 4909 1861 4960 et

205 4977 575 5037 mirabilibus
607 4982 1008 5054 multipliciter
1055 4983 1360 5055 claruisse,
1391 4992 1450 5041 et
1490 4995 1620 5060 post
1663 4993 1862 5049 omnia

275 5121 823 5199 (1i)_lisdem_verbis
867 5124 1130 5199 loquitur
1166 5126 1488 5199 ,Gervasius
1533 5135 1856 5192 monachus

204 5191 808 5284 Doroliernensis,pisi
836 5191 990 5281 quon
1016 5197 1287 5284 postnhafc
1308 5202 1854 5284 verbainterponit,

198 5273 567 5349 praeterquam
599 5268 659 5323 in
691 5268 1076 5352 Cantuarienqi
1126 5268 1687 5352 EcclesiazDie‘eres‘
1714 5268 1853 5352 nus;

201 5352 384 5423 quam
414 5336 592 5423 fuisse
614 5345 793 5423 antea
823 5341 1141 5423 monachos
1168 5341 1227 5423 in
1255 5342 1483 5423 Anglia.
1517 5346 1627 5423 Sed
1661 5349 1743 5403 ita
1770 5350 1853 5407 lo-

201 5408 588 5496 quunturisti
606 5415 873 5496 auctores
895 5412 1099 5492 habita
1118 5408 1521 5496 rationeillius
1552 5421 1850 5492 temporis,

201 5495 315 5550 quo
364 5480 720 5538 monasteria
768 5485 886 5539 fere
925 5484 1124 5539 omnia
1155 5484 1227 5539 ad
1257 5484 1601 5542 clericorum
1633 5480 1851 5550 sortem

202 5550 1013 5629 transierantdilodemmodo
1043 5554 1223 5629 locuti
1251 5560 1391 5612 sunt
1439 5558 1679 5629 quidam
1713 5568 1853 5624 tunc

201 5622 483 5696 temporis
511 5622 831 5696 scriptores
856 5625 1161 5683 Gallicani.

269 5695 345 5767 (5)
368 5694 710 5755 ﬁcanti-Eae
735 5697 800 5756 ob
834 5698 981 5755 beati
1026 5699 1258 5757 Patririi
1294 5701 1541 5776 junioris
1593 5703 1852 5771 honorem

1978 3393 2133 3446 ctam
2157 3389 2592 3462 habens,latran
2604 3398 2749 3471 tium
2763 3418 2977 3459 canum
2996 3389 3371 3479 multitudine
3384 3389 3635 3488 stipatus

1981 3478 2254 3543 occurrit,
2285 3482 2559 3556 viamque
2580 3489 2740 3544 eunti
2766 3490 3153 3552 intercludere
3173 3478 3491 3557 contendit.
3525 3505 3635 3559 Ex-

1982 3564 2198 3627 clamat
2217 3568 2415 3643 itaque
2434 3589 2581 3645 puer
2600 3576 2897 3635 Christum
2921 3598 3129 3653 pavore
3150 3588 3631 3659 conterritus,sed

1981 3653 2240 3713 ductoris
2271 3658 2361 3714 sui
2374 3662 2654 3737 praesidio
2674 3665 3172 3744 vallatus,virgam
3202 3676 3427 3749 arripit,
3453 3696 3632 3752 quam

1979 3741 2037 3798 in
2072 3743 2278 3802 faciem
2310 3748 2651 3809 obsistentis
2675 3756 2975 3812 simulacri
3000 3741 3255 3831 vibrans,
3280 3741 3631 3837 ipsumtum

1979 3834 2137 3888 omni
2186 3836 2466 3894 comitatu
2506 3839 2567 3895 in
2613 3842 2811 3915 fugam
2852 3848 3167 3920 compellit.
3201 3852 3246 3909 Ο
3277 3834 3547 3914 sanctum
3575 3865 3633 3916 et

1978 3922 2235 3980 terribile
2265 3925 2479 3983 Christi
2500 3946 2745 4001 nomen,
2779 3935 3144 4008 sapientibus
3192 3942 3627 4017 absconditum,

1976 4012 2236 4087 parvulis
2268 4017 2623 4075 revelatum!
2657 4039 2788 4093 ecce
2836 4025 3009 4082 draco
3054 4045 3229 4101 quem
3260 4033 3495 4090 initium
3524 4037 3629 4111 ﬁg-

1977 4105 2158 4160 menti
2184 4105 2275 4162 sui
2305 4107 2472 4171 ﬁnxit
2503 4108 2656 4165 Deus
2687 4113 2758 4167 ad
2791 4111 3158 4174 illudendum
3190 4120 3263 4189 ei,
3288 4139 3404 4191 non
3436 4105 3629 4182 solum

1976 4194 2048 4249 ab
2071 4195 2295 4267 angelis
2327 4196 2427 4252 Dei
2458 4196 2742 4268 illuditur,
2776 4219 2976 4261 verum
3018 4207 3192 4263 etiam
3226 4226 3260 4265 a
3288 4228 3468 4283 puero
3496 4230 3627 4286 par-

1973 4282 2107 4337 vulo
2129 4286 2613 4357 superatur.Vere
2637 4289 2896 4348 detracta
2915 4296 3093 4350 estad
3116 4282 3334 4356 inferos
3353 4282 3629 4372 superbia

1975 4371 2207 4441 ejus,~in
2231 4375 2585 4445 profundum
2609 4376 2995 4437 laci‘coneidit
3017 4384 3261 4441 cadaver
3309 4371 3488 4443 illius.
3514 4389 3626 4446 Sed

1974 4458 2033 4514 in
2073 4476 2189 4533 quo
2221 4463 2335 4520 ista
2365 4469 2564 4520 noster
2593 4466 2786 4539 potuit
2816 4469 3125 4539 parvulus,
3160 4474 3272 4528 nisi
3302 4475 3361 4529 in
3392 4475 3491 4532 illo
3520 4479 3624 4551 qui

1973 4564 2108 4604 eum
2132 4550 2208 4605 sit
2228 4550 2383 4611 Deus
2405 4569 2581 4624 super
2600 4556 2800 4612 omnia
2821 4558 3160 4617 benedictus
3176 4560 3237 4617 in
3252 4564 3483 4634 srecula,
3501 4583 3627 4639 par-

1971 4639 2145 4697 vulus
2166 4640 2236 4695 de
2256 4640 2493 4714 Virgine
2513 4648 2687 4700 natus
2706 4650 2796 4701 est
2816 4647 3009 4716 nobis,
3020 4648 3241 4707 Filiusa
3265 4652 3428 4709 Patre
3450 4654 3622 4725 datus

1972 4734 2061 4783 est
2079 4728 2884 4805 nobis.Dunstanusigiturad
2903 4742 3131 4808 portam
3145 4741 3346 4814 templi
3363 4744 3618 4815 veniens,

1971 4817 2069 4872 sed
2094 4818 2356 4873 eamdem
2376 4820 2671 4893 repagulis
2694 4822 3023 4881 obaeratam
3050 4828 3369 4900 inveniens,
3401 4833 3621 4892 scalam

1969 4905 2253 4961 cuiinniti
2278 4905 2562 4971 solebant,
2580 4910 2677 4981 qui
2711 4914 3012 4984 superiora
3033 4918 3233 4990 templi
3265 4923 3617 4993 sarciebant,

1967 4994 2306 5068 ignoranter
2335 5002 2391 5051 et
2421 4997 2590 5068 quasi
2622 5016 2724 5070 per
2754 5018 3056 5060 excessum
3089 5010 3302 5065 mentis
3336 5012 3616 5068 ascendit.

1966 5138 2061 5209 qui
2088 5138 2300 5207 faustus
2335 5139 2615 5218 ibidem_in
2635 5142 2864 5218 Domino
2893 5151 3161 5218 quievisse
3186 5163 3468 5211 narratur.
3493 5156 3617 5212 Non

1965 5224 2114 5291 ergo.
2133 5226 2382 5291 magnus
2406 5212 2505 5291 ille
2525 5211 2830 5291 Patricius,
2857 5211 2918 5273 BI
2945 5220 3219 5283 Germani
3260 5211 3620 5284 Autissiodo;

1963 5280 2150 5364 rensis
2173 5280 2425 5364 episcopi
2451 5280 3160 5364 discipulus,utopinatus
3180 5280 3617 5355 estWillel—nius

1964 5352 2504 5440 Malmesburi‘e‘nsis
2528 5352 2731 5440 jn'lib.
2766 5352 2807 5440 ii
2847 5352 2941 5417 De.
2966 5365 3364 5434 pontiﬁcibus,
3397 5352 3612 5440 capti-5:

1962 5424 2387 5507 Patricius_i_ste
2409 5425 2614 5507 junior
2640 5424 3049 5507 videturues‘se
3095 5424 3613 5507 senioris'ﬁliolus,

1964 5495 2063 5579 qui
2095 5498 2224 5582 ej‘us
2253 5495 2445 5581 _Vitam
2496 5499 2810 5582 scripsisse
2858 5504 3075 5582 dicitur
3120 5525 3154 5582 _a
3199 5495 3483 5578 Jocclino,
3513 5495 3614 5582 qui

1962 5565 2101 5643 item
2124 5565 2458 5643 Benignum
2488 5565 2686 5643 (cujus
2711 5590 2848 5631 ossa
2877 5565 3184 5635 GlaStoniae
3214 5565 3448 5639 servata
3469 5565 3616 5639 dicit

1959 5639 2314 5769 Wigeimus)
2347 5639 2608 5719 aliosque
2639 5644 2787 5705 duos
2818 5646 3080 5723 ejusdem
3111 5649 3250 5709 Vita:
3296 5651 3608 5729 scriptores

1982 5729 2058 5769 au
2103 5730 2138 5769 a
2170 5756 2182 5769 .

1952 5719 2182 5771 laudat.
