3912 6366
369 463 489 524 419

1358 460 1422 522 S.
1469 461 1939 524 DUNSTANUS
1984 459 2349 522 ARCHIEP.
2394 461 2791 525 CANTUAR.

3679 461 3803 525 420

372 598 510 654 Inde
541 597 613 653 ad
646 596 890 653 alteram
919 595 1056 652 tecti
1085 600 1333 667 partem,
1366 611 1481 667 qua
1527 593 1728 651 nullus
1767 600 1893 651 erat
1922 594 2021 650 de-
2050 596 2106 663 Α
2134 593 2395 667 gentiam
2420 612 2433 651 :
2459 599 2694 652 auctore
2715 594 2832 652 Deo
2854 595 2937 651 sic
2959 598 3207 667 utraque
3236 595 3519 667 praeditus
3550 601 3704 663 erat,
3740 601 3801 650 ut

368 703 636 753 sccnsus,
667 683 1067 757 progrediens,
1102 682 1381 756 angelicis
1421 684 1697 740 manibus
1728 684 1799 739 ad
1833 682 2024 739 solum

367 773 703 846 deponitur,
736 774 884 830 etin
936 774 1216 828 interiora
1264 772 1465 844 templi
1520 791 1635 829 non
1686 773 2023 846 patentibus

365 862 641 919 claustris
663 863 984 918 inducitur.
1014 863 1153 919 Orta
1184 868 1380 917 autem
1415 861 1563 929 luce,
1600 864 1741 917 dum
1774 861 2025 935 pervici-

364 970 470 1009 nas
494 953 698 1009 domos
731 954 973 1025 quaestio
1008 954 1077 1007 de
1108 970 1286 1024 puero
1313 954 1464 1008 facta
1496 952 1724 1019 fuisset,
1760 958 2023 1024 repertus

362 1047 451 1098 est
474 1044 532 1098 in
556 1042 775 1114 templo
798 1060 932 1097 cum
960 1043 1049 1097 his
1082 1044 1181 1113 qui
1218 1050 1535 1097 nocturnas
1563 1042 1860 1097 custodias
1890 1029 2019 1112 age-

362 1133 505 1187 bant
534 1131 648 1187 leni
683 1148 887 1203 sopore
920 1132 1167 1186 offusus.
1196 1133 1453 1203 Rogatus
1490 1136 1549 1185 ut
1580 1138 1698 1185 tam
1732 1129 2022 1185 mirabilis

362 1227 605 1277 eventus
632 1223 874 1276 modum
898 1226 1230 1291 exponeret,
1250 1238 1366 1275 non
1389 1238 1515 1275 esse
1541 1220 1647 1275 hoc
1676 1220 1731 1273 in
1756 1237 1863 1274 sua
1884 1236 2019 1273 eon-

358 1310 605 1366 scientia
625 1312 873 1381 respond
886 1310 1011 1374 it,et
1029 1310 1426 1383 ignorantium
1442 1314 1666 1364 mentes
1680 1309 1885 1380 majori
1905 1324 2026 1364 am-

359 1398 538 1471 biguo
562 1397 943 1453 deduxit.Sed
962 1397 1017 1451 hi
1033 1414 1181 1468 quos
1204 1396 1539 1469 explorandi
1564 1397 1753 1470 gratia
1772 1412 2021 1467 puerum

357 1493 590 1543 secutos
613 1486 795 1542 fuisse
821 1486 1219 1559 praediximus,
1235 1487 1304 1541 de
1318 1487 1595 1541 omnibus
1609 1504 1733 1558 qua:
1748 1485 2019 1557 usquead

357 1594 633 1650 suprema
653 1581 767 1632 tem
779 1575 855 1647 pli
880 1575 1116 1646 fastigia
1136 1574 1685 1647 contigerant,elaro
1698 1578 1753 1628 et
1775 1574 2017 1646 probato

358 1683 631 1723 sermone
667 1665 1062 1721 testiﬁcantur
1091 1681 1104 1718 :
1139 1669 1347 1719 caetera
1377 1681 1531 1732 vero,
1564 1662 1841 1735 quoniam
1885 1661 2017 1718 illos

352 1762 411 1811 et
435 1749 684 1829 ptierum
709 1751 1217 1822 latuerunt,solius
1250 1752 1350 1809 Dei
1381 1751 1641 1824 potentia
1666 1751 2017 1807 mirabiliter

351 1848 583 1917 patrata
602 1842 784 1899 fuisse
807 1841 1166 1899 claruerunt.
1192 1842 1401 1914 Magno
1433 1840 1612 1914 igitur
1636 1841 1845 1896 timore
1876 1858 2011 1896 con-

351 1934 509 1989 cussi
533 1949 739 1989 omnes
760 1932 860 2004 qui
883 1932 1220 1998 audierunt,
1245 1931 1584 2003 cogitabant
1610 1930 1894 2003 quidnam
1925 1946 2012 1985 es-

352 2019 439 2070 set
460 2014 617 2085 quod
640 2029 820 2085 puero
843 2011 1481 2083 contigisset,dicentes
1513 2010 1584 2066 ad
1617 2010 1965 2066 alterutrum
1996 2030 2010 2069 :

351 2095 502 2163 Quid
525 2093 638 2151 sibi
661 2095 785 2148 vult
806 2108 951 2164 puer
982 2090 1216 2159 iste,cui
1250 2095 1335 2147 tot
1365 2097 1422 2147 et
1453 2096 1572 2146 tam
1604 2094 1810 2146 saneta
1867 2106 2010 2162 prte-

349 2184 519 2241 conia
540 2185 892 2239 attestantur
911 2180 939 2235 ?
961 2180 1215 2252 quiante
1232 2180 1439 2236 beatus
1472 2182 1649 2252 quam
1675 2184 2013 2248 natus,ante

348 2274 534 2329 virtus
557 2270 815 2344 prodidit
835 2268 1156 2343 gloriosum
1180 2286 1360 2341 quam
1390 2270 1529 2325 tetas
1560 2269 1831 2341 probaret
1852 2268 2011 2324 adul-

350 2369 500 2419 tum.
553 2358 851 2433 Singulari
901 2358 1059 2414 hunc
1108 2358 1296 2431 gratia
1342 2358 1652 2429 praeditum
1715 2358 2005 2428 videmus,

348 2467 524 2524 quem
556 2447 801 2523 angelus
831 2452 1115 2521 aegrotum
1151 2447 1397 2516 sanavit,
1433 2446 1701 2503 diabolus
1733 2452 2006 2503 sanatum

348 2539 725 2607 contremuit,
785 2536 1044 2593 Ecclesia
1101 2536 1333 2608 signata
1390 2537 1632 2608 excepit.
1688 2537 1757 2591 Et
1814 2538 2005 2592 denuo

346 2629 881 2700 oranteszAugeat,
922 2625 1217 2697 inquiunt,
1248 2626 1401 2680 Deus
1428 2625 1701 2681 meritum
1734 2626 1898 2697 pueri
1932 2626 2004 2682 ad

355 2719 605 2793 gloriam
655 2716 768 2771 sui.
819 2716 892 2769 At
925 2714 1020 2770 ille
1052 2714 1308 2786 regentis
1340 2731 1401 2770 se
1432 2714 1644 2769 Christi
1679 2714 1888 2786 spiritu
1924 2731 2011 2770 re-

352 2808 749 2882 pletus,aures
779 2804 1018 2877 quidezn
1048 2803 1310 2876 corporis
1341 2821 1374 2857 a
1406 2802 1529 2858 suis
1561 2803 1836 2859 laudibus
1857 2821 2012 2859 aver-

356 2896 653 2964 tebat,sed
686 2895 744 2949 in
776 2898 998 2949 secreto
1030 2892 1353 2965 pectusculi
1387 2893 1570 2947 Deum
1603 2892 2005 2948 lienedicebat.

341 2987 426 3041 Ab
453 2985 552 3039 illo
585 2984 780 3055 itaque
804 2982 897 3036 die
926 2982 983 3035 in
1021 2985 1184 3036 tanta
1214 2981 1599 3037 admiratione
1627 2982 1863 3037 habitus
1894 2987 2002 3051 est,

346 3079 411 3129 nt
443 3073 699 3147 plurima
722 3071 893 3127 illum
920 3071 1230 3142 utriusque
1254 3087 1425 3125 sexus
1450 3070 2003 3144 multitudo,quam-

342 3164 430 3219 vis
460 3162 655 3218 adhuc
715 3159 1053 3228 delicatum,
1112 3160 1307 3215 videre
1365 3165 1621 3232 cuperet.
1683 3161 1811 3232 Ipse
1871 3178 2001 3217 vero

344 3257 566 3325 quanto
598 3249 1004 3307 excellentiora
1053 3249 1348 3318 audiebat,
1384 3255 1543 3305 tanto
1576 3251 1645 3306 de
1677 3268 1738 3306 se
1772 3250 2000 3307 minora

344 3341 581 3397 sentire.

467 3448 694 3504 Ordines
730 3450 971 3503 minores
1001 3449 1250 3519 suscipit.
1287 3448 1525 3504 Lectioni
1555 3457 1605 3505 et
1633 3450 1877 3504 scientiis

986 3519 1079 3574 dat
1118 3535 1357 3591 operam.

413 3612 468 3664 8.
500 3609 752 3681 Jamque
807 3625 1061 3663 vernans
1100 3612 1240 3664 zetas
1270 3608 1673 3665 adolescentia:
1707 3609 1885 3665 decus
1920 3607 2008 3663 in-

346 3700 576 3768 duerat,
608 3715 742 3754 cum
775 3714 910 3753 eum
934 3700 1204 3769 parentes
1236 3698 1327 3752 sui
1351 3716 1549 3754 sacros
1579 3699 1814 3755 ordines
1838 3714 2003 3772 roga-

343 3792 473 3844 rent
504 3788 898 3859 suscipere,ut
927 3786 1026 3858 qui
1063 3787 1251 3842 fuerat
1271 3804 1305 3842 a
1334 3788 1610 3859 primmva
1629 3787 2006 3844 mtateDomi-

342 3895 416 3934 no
439 3875 1144 3947 electus,perhujusmodi
1170 3876 1419 3947 gratiam
1443 3877 1631 3932 eidem
1655 3878 2005 3948 eonjunctus

342 3967 684 4024 adhazreret.
719 3966 979 4031 Quorum
1014 3964 1109 4019 ille
1137 3964 1421 4020 voluntati
1462 3965 1766 4021 humiliter
1796 3982 2007 4037 parens

343 4054 601 4110 minores
630 4052 847 4126 gradus
873 4053 949 4125 (6)
970 4058 1026 4108 et
1055 4053 1260 4108 habitu
1293 4054 1553 4126 suscepit
1583 4058 1640 4109 et
1670 4054 1797 4109 vitae
1821 4054 2006 4109 hone-

343 4147 494 4200 state
544 4141 815 4198 servavit.
842 4143 993 4196 Tum
1021 4159 1154 4198 vero
1187 4142 1345 4215 quod
1378 4142 1462 4199 illi
1492 4143 1645 4199 aetati
1680 4160 1796 4198 non
1829 4160 2003 4215 parvo

342 4236 687 4289 ornamento
725 4235 832 4300 est,
867 4233 1133 4288 certabat
1189 4249 1395 4288 omnes
1458 4233 1649 4289 officio
1702 4248 2003 4304 superare,

341 4322 531 4396 gratia
552 4325 607 4378 et
628 4321 971 4377 affabilitate
1003 4340 1206 4378 omnes
1238 4323 1480 4388 anteire,
1515 4339 1744 4378 servare
1775 4321 2003 4393 pudici-

341 4412 711 4485 tiam,fugere
734 4410 1071 4481 lasciviam;
1096 4412 1392 4484 appetitor
1421 4411 1675 4482 honesti,
1691 4412 2008 4485 turpitudi'

342 4501 434 4557 nis
457 4506 807 4571 exsecrator,
834 4502 1126 4572 majorum
1160 4506 1301 4558 natu
1333 4500 1642 4574 colloquiis
1673 4502 2007 4576 adesse,ju.

340 4608 553 4648 venum
572 4590 803 4646 ludicra
825 4589 1146 4659 declinare;
1166 4590 1433 4647 ciborum
1457 4592 1779 4660 abstinens,
1796 4609 2002 4649 somno

341 4684 699 4752 temperans,
733 4679 968 4735 incessu
1000 4680 1232 4751 gravis;
1267 4697 1455 4752 neque
1486 4681 1652 4738 facile
1683 4682 1899 4738 moveri
1926 4680 2004 4738 lo-

2134 688 2190 739 et
2218 682 2496 739 facilitate
2546 684 2766 758 ingenii
2818 684 3144 757 quamlibet
3174 701 3297 740 rem
3329 684 3678 740 acutissime
3712 685 3802 740 in-

2137 771 2440 845 telligeret,
2476 777 2531 829 et
2570 774 2950 845 occupatione
2994 773 3173 829 studii
3207 773 3601 846 quodcunque
3630 773 3805 830 intel-

2133 860 2350 917 lectum
2401 863 2612 917 fuisset
2659 862 3000 917 firmissime
3049 862 3343 917 retineret.
3371 863 3453 918 Ex
3484 880 3601 935 quo
3634 863 3801 918 brevi

2132 950 2350 1005 factum
2372 956 2479 1021 est,
2506 956 2569 1006 ut
2589 968 2776 1023 neque
2799 951 3253 1023 przeceptoribus
3286 952 3409 1007 suis
3440 951 3799 1023 imperitior,

2131 1045 2187 1094 et
2226 1040 2760 1111 comliscipulorum
2809 1040 3182 1112 peritissimis
3230 1041 3413 1096 multo
3463 1045 3620 1098 esset
3672 1042 3804 1114 ipse

2132 1128 2389 1199 peritior.
2427 1129 2912 1200 Philosophorum
2949 1129 3248 1198 scientias,
3290 1148 3437 1201 quas
3466 1147 3676 1185 earum
3711 1149 3801 1187 re-

2131 1234 2261 1270 rum
2297 1234 2421 1288 quae
2456 1222 2614 1285 sunt,
2640 1222 2697 1273 et
2724 1236 2849 1290 quae
2884 1219 3054 1273 aliter
3082 1234 3207 1275 esse
3241 1236 3354 1274 non
3390 1226 3664 1291 possunt,
3703 1238 3800 1277 co-

2132 1305 2455 1376 gnitionem
2487 1306 2748 1363 veritatis
2792 1311 3052 1362 vetustas
3097 1324 3224 1363 esse
3262 1308 3516 1377 difﬂuit;
3553 1314 3619 1364 ut
3649 1317 3802 1366 sunt

2132 1394 2656 1466 magnitudines,et
2676 1413 2879 1451 earum
2901 1396 3026 1451 alia:
3050 1402 3357 1454 manentes
3378 1401 3668 1471 motuque
3700 1417 3801 1456 ea-

2130 1487 2342 1552 rentcs,
2377 1482 2503 1539 alia:
2535 1476 2668 1540 vero
2715 1502 2843 1556 quas
2884 1484 3086 1541 mobili
3138 1502 3372 1559 semper
3415 1492 3640 1545 ratione
3673 1507 3800 1544 ver-

2127 1575 2353 1640 tuntur,
2388 1590 2492 1627 nec
2525 1573 2659 1630 ullis
2692 1575 3056 1646 temporibus
3085 1575 3485 1648 acquiescant,
3520 1578 3803 1635 multitu-

2125 1660 2292 1717 dines
2321 1679 2576 1735 quoque,
2610 1667 2666 1719 et
2697 1682 2897 1719 earum
2949 1663 3337 1721 nihilominus
3382 1664 3507 1721 alia:
3556 1685 3668 1739 per
3710 1685 3795 1735 se,

2123 1748 2247 1805 alia:
2280 1751 2339 1805 in
2373 1750 2652 1808 relatione
2674 1754 2903 1826 posita).
2939 1754 3472 1828 Horum,inquam,
3502 1758 3798 1815 scientias

2121 1838 2389 1910 diligenti
2440 1840 2695 1898 excoluit
2743 1844 2990 1909 ratione,
3024 1860 3302 1915 magnam
3332 1844 3393 1900 in
3431 1844 3525 1901 his
3557 1849 3619 1902 et
3649 1863 3796 1904 con-

2120 1933 2377 1986 stantem
2402 1931 2763 2003 perspiciens
2787 1947 2915 1987 esse
2936 1932 3352 2005 perfectionem
3378 1951 3392 2002 ;
3425 1939 3483 1990 et
3512 1937 3795 2007 quamvis

2122 2019 2399 2075 omnibus
2426 2017 2521 2075 his
2548 2020 2775 2076 artibus
2808 2020 3121 2094 magnifice
3153 2021 3415 2095 polleret,
3431 2026 3563 2097 ejus
3587 2029 3791 2082 tamen

2124 2108 2526 2165 multitudinis
2558 2126 2684 2182 qua:
2717 2109 3006 2166 musicam
3038 2110 3301 2179 instruit,
3334 2128 3464 2168 eam
3510 2114 3795 2171 videlicet

2122 2214 2247 2270 qua:
2262 2198 2675 2255 instrumentis
2688 2199 2963 2271 agitatur,
2989 2199 3226 2272 speciali
3249 2201 3506 2272 quadam
3528 2203 3792 2261 affectio.

2120 2304 2191 2342 ne
2214 2287 2521 2343 scientiam
2541 2288 2896 2356 vindicabat,
2919 2289 3074 2344 sicut
3095 2289 3273 2346 David
3299 2289 3649 2362 psalterium
3684 2311 3790 2349 su-

2118 2392 2307 2445 mens,
2367 2376 2653 2433 citharam
2711 2377 3065 2450 percutiens,
3129 2379 3479 2437 modiﬁcans
3535 2398 3791 2454 organa,

2118 2464 2387 2538 cymbala
2417 2467 2795 2539 tangens,sed
2822 2483 2938 2522 non
2959 2468 3113 2524 sicut
3134 2467 3195 2524 hi
3217 2485 3470 2541 quorum
3504 2470 3788 2527 inertiam

2116 2560 2173 2610 et
2203 2555 2570 2612 luxuriosum
2618 2556 2803 2611 otium
2853 2560 3051 2611 noster
3097 2559 3475 2629 propheticus
3514 2558 3792 2632 increpat

2114 2645 2506 2700 armentarius
2530 2662 2543 2701 :
2567 2645 2671 2713 Qui
2689 2644 2961 2714 dormitis,
2986 2645 3199 2716 inquit,
3225 2648 3284 2701 in
3315 2648 3467 2703 lectis
3496 2648 3788 2714 eburneis,

2120 2733 2450 2789 etiaseivitis
2484 2736 2543 2789 in
2572 2735 2759 2789 stratis
2787 2735 2998 2800 vestris,
3035 2736 3133 2805 qui
3168 2734 3448 2790 comeditis
3472 2754 3693 2807 agnum
3723 2739 3790 2793 de

2116 2839 2295 2894 grege,
2336 2831 2389 2879 et
2433 2824 2629 2879 vitulos
2658 2822 2723 2878 de
2753 2821 2927 2877 medio
2956 2824 3211 2891 armenti,
3234 2824 3331 2894 qui
3358 2825 3564 2880 canitis
3590 2827 3672 2883 ad
3693 2844 3787 2883 vo-

2114 2928 2230 2967 cem
2252 2912 2505 2983 psalterii
2546 2913 2691 2966 sicut
2741 2910 2932 2977 David,
2961 2918 3292 2982 putaverunt
3325 2929 3383 2968 se
3412 2930 3546 2969 vasa
3576 2919 3791 2972 cantici

2112 3000 2309 3057 habere
2339 3001 2573 3056 bibentes
2606 3002 2666 3054 in
2690 2999 2899 3071 phialis
2923 3000 3255 3056 vinum.Ncc
3278 3018 3344 3056 eo
3378 3001 3494 3057 ista
3524 3020 3790 3061 comme-

2112 3104 2435 3157 moramus,
2484 3105 2599 3160 quo
2629 3087 2723 3143 his
2755 3105 2902 3160 opus
2936 3107 3064 3144 esse
3095 3090 3168 3144 ad
3202 3090 3626 3161 perfectionem
3661 3098 3790 3151 ten-

2109 3178 2267 3233 denti
2294 3177 2664 3244 arbitremur,
2701 3178 2801 3232 sed
2837 3183 2902 3232 ut
2934 3177 3293 3249 multiplices
3325 3179 3426 3235 Dei
3457 3182 3683 3254 gratias
3718 3183 3783 3237 in

2096 3268 2313 3338 juvene
2342 3267 2846 3322 commendemus.
2880 3271 3029 3322 Nam
3061 3268 3339 3323 omnibus
3384 3269 3783 3327 smcularibus

2025 3368 2070 3435 ρ
2106 3355 2319 3412 studiis
2338 3355 2681 3428 przeferebat
2712 3355 3022 3411 scientiam
3058 3356 3315 3428 pietatis,
3348 3374 3475 3429 quae
3508 3359 3565 3413 in
3597 3376 3781 3415 evan-

2113 3443 2316 3518 gelicis
2347 3448 2403 3500 et
2431 3443 2769 3517 apostolicis
2815 3445 3153 3500 continetur
3197 3444 3434 3514 litteris,
3466 3448 3609 3502 dum
3658 3466 3783 3506 sua

2113 3552 2346 3607 semper
2375 3534 2611 3607 ingenia
2638 3540 2979 3591 sanctorum
3013 3535 3252 3590 Patrum
3275 3536 3611 3592 auctoritati
3635 3555 3785 3594 con~

2114 3625 2373 3692 tradens,
2396 3628 2451 3679 et
2480 3625 2685 3679 ambas
2715 3642 2806 3679 res
2829 3624 2900 3680 ad
2923 3623 3159 3680 easdem
3189 3623 3414 3681 litteras
3436 3625 3778 3696 conferens,

2115 3714 2290 3769 fidem
2322 3730 2539 3781 veram,
2564 3730 2797 3769 morum
2820 3712 3281 3785 disciplinam,et
3300 3714 3477 3786 (quod
3500 3732 3689 3771 unum
3710 3733 3785 3771 ac

2115 3802 2307 3860 solum
2339 3820 2454 3874 prze
2486 3803 2763 3859 omnibus
2793 3802 2967 3857 rebus
3000 3803 3381 3875 quaarendum
3429 3806 3540 3874 est)
3588 3805 3783 3860 vitam

2116 3898 2395 3948 aeternam
2419 3909 2480 3947 se
2512 3890 2804 3947 invenisse
2836 3892 3151 3964 gaudebat.
3186 3891 3352 3949 Sicut
3398 3892 3580 3948 David
3634 3910 3785 3968 ergo

2115 3987 2314 4038 noster
2335 3980 2744 4053 symphonista
2763 3998 2902 4037 vasa
2924 3980 3133 4036 cantici
3158 3980 3366 4037 habuit
3389 3999 3403 4050 ;
3428 3982 3564 4054 quia
3593 4000 3785 4040 usum

2113 4069 2349 4126 illorum
2372 4087 2489 4125 non
2512 4069 2624 4125 nisi
2645 4069 2705 4125 in
2745 4070 2958 4126 divinis
2987 4069 3266 4126 laudibus
3295 4071 3593 4142 expendit.
3631 4072 3786 4128 Prae-

2116 4164 2273 4215 terea
2292 4176 2471 4214 manu
2493 4163 2667 4231 aptus
2687 4158 2759 4215 ad
2783 4158 3000 4227 omnia,
3034 4175 3207 4230 posse
3244 4158 3434 4216 facere
3454 4159 3780 4232 picturam,

2113 4246 2340 4305 litteras
2399 4247 2671 4327 formare,
2705 4247 2981 4319 scalpello
3012 4246 3372 4321 imprimere,
3405 4265 3475 4305 ex
3504 4266 3671 4317 auro,
3707 4268 3784 4307 ex

2113 4342 2374 4408 argento,
2408 4354 2518 4392 mre
2548 4340 2605 4391 ct
2634 4337 2784 4392 ferro
2817 4336 3106 4408 quidquid
3138 4336 3347 4394 liberet
3374 4340 3625 4410 operari.

2380 4426 2457 4481 Ab
2486 4426 2727 4482 Atheimo
2754 4426 2992 4482 traditur
3022 4428 3141 4498 regi
3168 4426 3499 4485 Ethelstano.

2182 4515 2237 4572 9.
2263 4516 2427 4571 Tunc
2450 4515 2651 4571 audita
2670 4515 2828 4570 fama
2838 4514 3184 4571 venerabilis
3194 4516 3302 4572 viri
3316 4516 3774 4575 Cantuariorum

2113 4603 2537 4676 archiepiscopi
2563 4602 2815 4659 Athelmi
2846 4603 2945 4676 (7),
2994 4605 3165 4676 cujus
3195 4604 3321 4677 ipse
3348 4609 3476 4663 erat
3505 4623 3691 4679 nepos
3717 4614 3777 4665 et

2113 4692 2271 4749 filius
2303 4693 2821 4765 fratris,permissu
2852 4697 3167 4764 parentum
3188 4710 3434 4751 suorum
3455 4697 3778 4767 proficisci-

337 4785 423 4835 co,
459 4746 648 4839 neque
680 4746 929 4839 abrupte
960 4746 1119 4840 lo'qui
1146 4786 1159 4837 ;
1195 4746 1419 4843 magna:
1462 4771 1716 4826 ﬁdentia:
1748 4771 1821 4827 ad
1853 4771 1997 4826 inei-

2157 4746 2267 4749 ---η
2578 4746 2690 4748 -1.
2796 4746 2819 4747 η
2852 4746 2879 4764 κ
2900 4746 2923 4747 η
3188 4746 3319 4751 η--
3339 4746 3434 4750 ea-
3455 4746 3753 4767 rw---"

2155 4801 2205 4837 ιι·
2234 4783 2307 4839 ad
2337 4782 2632 4850 eumdem,
2666 4787 2959 4853 quatenus
2993 4783 3140 4839 tanti
3186 4783 3451 4856 parentis
3482 4789 3540 4840 et
3568 4787 3773 4859 cogni-

340 4855 621 4925 piendum
645 4856 887 4923 bonum,
904 4858 1246 4913 constantia:
1270 4859 1341 4912 ad
1366 4859 1788 4929 perficiendum
1807 4879 1819 4929 ;
1837 4860 1995 4933 prin-

340 4942 559 5013 cipium
584 4944 731 4998 bene
752 4945 957 5013 agendi
977 4945 1159 5000 Deum
1181 4963 1412 5018 semper
1434 4947 1851 5019 habere,f1nem
1865 4967 1996 5005 vero

340 5030 528 5084 eidem
553 5032 986 5085 commendare.
1016 5034 1276 5088 Moribus
1305 5053 1538 5107 quoque
1559 5037 1728 5093 bonis
1750 5039 1998 5094 accessit

341 5119 606 5174 studium
631 5135 807 5175 sacra:
831 5119 1119 5187 lectionis,
1141 5126 1312 5194 cujus
1333 5126 1603 5181 exercitio
1635 5132 1691 5181 et
1718 5128 1994 5183 vitiorum

341 5206 819 5277 importunitates
848 5208 1102 5264 evitabat
1141 5216 1194 5265 et
1223 5212 1507 5267 virtutum
1540 5222 1855 5288 augmenta
1887 5236 1994 5272 nn-

341 5295 573 5349 triebat.
609 5296 678 5349 Et
711 5295 987 5365 quoniam
1020 5298 1283 5354 studium
1316 5317 1552 5371 parvam
1586 5305 1762 5360 habet
1800 5307 1994 5363 effica-

340 5383 490 5438 ciam
523 5383 620 5438 ubi
657 5380 922 5438 naturale
952 5383 1254 5455 ingenium
1310 5406 1426 5444 non
1485 5395 1749 5464 suggerit
1779 5394 1991 5451 intelli-

409 5525 486 5604 (6)
520 5525 615 5580 B.:
653 5547 687 5604 «-
710 5522 1533 5604 Videntes‘itaqueuparentes
1585 5537 1990 5604 praznominati

340 5592 565 5671 tantam
599 5595 687 5650 sui
721 5592 1528 5671 excellentianfiiliiklignam
1561 5592 1653 5660 sui
1685 5592 1991 5667 clericatﬁg

337 5664 671 5748 imposuere
716 5668 1022 5748 tonsuram
1051 5664 1275 5746 .ofticii,
1302 5664 1478 5740 inque
1509 5674 1731 5735 famoso
1765 5664 1990 5741 Glesto;

339 5734 561 5797 nie'nsis
619 5734 888 5794 Ecclesiae
946 5734 1341 5821 sociaverant.
1369 5734 1652 5823 coenobio,
1695 5734 1990 5828 quatenus

2105 4872 2325 4928 tionem
2357 4871 2619 4934 haberet,
2654 4875 2712 4925 et
2760 4871 2891 4926 vita:
2946 4872 3106 4928 illius
3165 4871 3430 4945 exemplo
3475 4874 3772 4946 juveniles

2107 4978 2298 5016 mores
2321 4960 3025 5037 informarethetabatur
3044 4962 3240 5033 itaque
3260 4961 3573 5036 episcopus
3591 4964 3772 5021 nimis

2105 5049 2163 5105 in
2198 5051 2447 5105 adventu
2484 5050 2735 5121 nepotis,
2762 5050 3143 5107 considerans
3174 5050 3233 5105 in
3266 5050 3365 5108 illo
3395 5058 3771 5109 venustatem

2106 5140 2386 5211 corporis,
2422 5139 2604 5193 animi
2634 5139 2915 5211 vigorem,
2950 5156 3017 5195 ac
3049 5140 3229 5196 totius
3260 5139 3589 5196 honestatis
3622 5143 3769 5197 emi-

2107 5228 2389 5285 nentiam.
2420 5228 2584 5283 Unde
2617 5245 2682 5283 eo
2716 5245 2831 5300 quo
2866 5230 3101 5284 afflatus
3150 5233 3240 5285 est
3283 5228 3385 5285 Dei
3418 5230 3636 5301 spiritu
3666 5248 3769 5287 vas

2105 5318 2273 5374 illum
2296 5317 2596 5375 electionis
2620 5317 2887 5372 futurum
2909 5335 3299 5389 praenoscens,
3331 5317 3546 5390 potiori
3578 5321 3769 5392 gradu

2103 5408 2395 5476 decorare,
2420 5411 2477 5462 et
2508 5406 2627 5478 regi
2657 5406 2998 5463 Ethelstano
3033 5405 3307 5463 familiari
3335 5408 3770 5465 contestatione

2102 5549 2322 5623 ibidem
2350 5549 2446 5623 die
2476 5554 2769 5621 noctuque
2798 5549 2913 5606 Deo
2947 5549 3164 5623 Deique
3210 5549 3479 5623 genitrici
3515 5551 3772 5610 deservi-

2102 5625 2189 5675 ret
2221 5619 2435 5685 Mariae,
2469 5643 2495 5669 »
2532 5624 2642 5677 etc.

2171 5694 2247 5772 (7)
2280 5692 2359 5772 De
2376 5708 2442 5772 ep
2464 5696 2663 5772 actum
2692 5693 2873 5772 est_ad
2906 5693 3167 5769 elogium
3198 5693 3547 5772 Plegmundi
3576 5696 3770 5757 archi-

2099 5762 2359 5842 episcopi
2389 5762 2850 5826 Cantuariensis.
