3912 6380
362 342 480 412 4'27

1355 353 1418 412 S.
1466 350 1937 414 DUNSTANUS
1978 346 2344 409 ARCHIEP.
2392 347 2787 410 CANTUAR.

3688 344 3827 408 428

367 484 451 540 sol
483 486 756 557 vergebat
785 487 858 541 ad
889 501 1181 553 occasum,
1217 488 1273 539 et
1304 483 1648 539 Dunstanus
1696 487 2015 536 nocturnas
2045 485 2099 551 Α
2130 485 2301 536 aucta
2331 486 2490 549 sunt,
2522 487 2587 537 ut
2617 480 2867 554 singulis
2911 479 3304 552 complurium
3357 481 3820 536 monachorum

365 574 599 646 fugiens
630 573 901 629 tenebras
932 574 1003 629 ad
1037 589 1213 629 suum
1249 575 1468 627 remeat
1513 568 1879 643 ergastulum
1915 585 1927 623 :
1962 574 2021 625 et

366 676 498 716 ecce
529 662 667 716 dum
702 661 918 716 ostium
947 660 1205 716 ecclesia
1228 657 1536 731 psallendo
1557 656 2022 730 praeteriret,ere-

366 750 476 804 ctis
507 750 579 804 ad
612 749 823 804 coelum
847 749 1053 817 oculis,
1070 747 1492 820 omnipotentis
1515 746 1615 801 Dei
1640 745 1829 801 Patris
1859 750 1915 801 et
1936 745 2021 801 Fi-

366 836 428 891 lii
460 842 809 893 comternum
836 837 1121 910 Spiritum
1145 838 1203 891 in
1228 834 1515 891 columba:
1538 834 1730 907 speeie
1752 834 1907 890 videt
1928 835 2022 889 de-

367 926 764 997 scendentem,
799 928 971 998 cujus
1002 943 1215 999 corpus
1249 925 1409 981 omni
1452 924 1703 980 candore
1752 923 2017 991 nitidius,

367 1014 593 1070 alarum
626 1032 757 1070 vero
791 1016 1036 1088 remigia
1065 1013 1441 1070 scintillantis
1473 1011 1626 1086 ignis
1649 1010 2019 1085 splendorem

368 1120 473 1174 per
499 1120 634 1159 aera
654 1105 1028 1177 spargebant.
1050 1106 1235 1170 Quam
1261 1102 1355 1158 ille
1380 1108 1521 1157 tunc
1541 1116 1674 1156 vere
1696 1101 1905 1156 beatus
1927 1099 2022 1172 pia

370 1192 583 1247 mentis
616 1193 889 1248 aviditate
921 1190 1376 1264 contemplatus,
1411 1187 1707 1262 penetrale
1737 1187 1878 1243 illud
1906 1203 2022 1242 mo-

370 1279 575 1337 rientis
591 1287 870 1338 matronae
896 1282 1329 1337 subintrantem
1350 1277 1899 1351 conspicit.Concite
1922 1276 2025 1349 igi-

368 1372 468 1423 tur
502 1369 656 1424 unde
702 1374 939 1425 venerat
987 1385 1310 1442 regressus,
1344 1367 1500 1422 videt
1551 1367 1791 1421 domum
1842 1364 2021 1419 divini

371 1454 700 1527 splendoris
720 1458 941 1530 fulgore
960 1455 1558 1530 splendesceraaudit
1578 1455 1852 1510 feminam
1874 1454 2023 1509 infra

373 1548 539 1616 septa
564 1545 807 1617 eppansi
836 1545 945 1601 veli
976 1546 1199 1619 gratias
1241 1548 1532 1617 agentem.
1569 1544 1815 1599 Miratur
1843 1542 2024 1598 collo-

374 1633 604 1705 quium,
634 1652 697 1689 ac
726 1635 957 1690 dicendi
980 1636 1154 1691 ﬁnem
1186 1635 1414 1707 patiens
1446 1633 1679 1688 auditor
1707 1636 2021 1705 exspectat.

373 1722 593 1778 Deinde
624 1722 807 1779 levato
837 1722 962 1779 velo
995 1722 1293 1796 penetrale
1324 1721 1637 1791 subintrat,
1672 1719 1936 1777 stelliferi
1962 1719 2024 1776 il-

370 1811 487 1867 lius
518 1828 731 1867 nomen
762 1811 1028 1884 requirit,
1053 1811 1329 1867 nuntium
1352 1810 1694 1883 interrogat.
1723 1809 1827 1866 Illa
1847 1808 2027 1865 excel-

372 1898 514 1956 lenti
529 1901 783 1972 quadam
797 1900 1194 1974 gratiavultus
1212 1900 1471 1972 perfusa.
1486 1898 1749 1955 modeste
1762 1898 2026 1955 arridens

375 1989 457 2045 ait
487 2005 501 2042 ε
535 1990 621 2045 Tu
656 1989 1005 2046 stellifcrum
1030 1993 1347 2061 antequam
1370 1989 1486 2044 huc
1505 1988 1734 2044 venires
1750 1986 2030 2055 vidisti,et

376 2095 533 2133 nunc
564 2077 656 2133 cui
679 2095 811 2133 sum
835 2078 1032 2135 locuta
1049 2077 1420 2150 interrogas?
1444 2077 1572 2150 Ipse
1596 2080 1685 2133 est
1706 2075 1806 2149 qui
1827 2074 1931 2132 tibi
1954 2076 2025 2132 ad

377 2166 594 2222 ostium
628 2166 883 2223 ecclesia:
913 2166 1186 2239 psallenti
1218 2165 1617 2239 apparuit,qui
1651 2170 1708 2221 et
1728 2181 1821 2220 me
1842 2165 1912 2220 de
1934 2182 2029 2237 pa-

375 2271 510 2310 vore
528 2254 891 2310 imminentis
909 2254 1114 2311 mortis
1137 2253 1509 2311 conterritam
1532 2253 1885 2309 visitatienis
1908 2270 2027 2309 suae

261 2333 277 2347 ’
376 2343 567 2415 gratia
594 2343 882 2399 consolari
901 2343 1175 2416 dignatus
1193 2346 1301 2399 est.
1320 2342 1618 2398 Annuntio
1634 2342 1830 2414 itaque
1848 2341 2030 2398 omni-

378 2433 490 2488 bus
520 2431 724 2489 amicis
757 2431 903 2488 mcis
919 2432 1275 2488 tristandum
1295 2431 1365 2488 de
1383 2435 1569 2487 morte
1585 2448 1715 2487 mea
1740 2447 1855 2486 non
1877 2446 2025 2500 esse,

377 2520 658 2592 quoniam
689 2520 1034 2577 morientem
1067 2538 1160 2576 me
1193 2525 1420 2576 internae
1440 2519 1568 2575 vita:
1591 2519 1827 2576 claritas
1849 2520 2031 2576 susci-

378 2610 517 2681 piet.
551 2609 681 2664 Tibi
714 2615 909 2666 autem
933 2609 1259 2665 clarissimo
1281 2626 1345 2664 ac
1369 2607 1653 2682 singulari
1678 2608 1864 2664 amico
1887 2608 2027 2664 ube-

378 2715 469 2753 res
502 2698 720 2771 gratias
753 2700 957 2766 refcro,
993 2703 1300 2771 propterea
1329 2698 1484 2770 quod
1520 2699 1640 2753 tuis
1680 2714 1911 2769 semper
1938 2698 2026 2752 in-

378 2790 600 2841 structa
630 2786 1150 2855 admonitionibus,
1184 2792 1241 2842 et
1270 2787 1473 2859 adjuta
1502 2785 1866 2843 orationibus
1897 2802 2028 2842 ecce

374 2876 447 2929 ad
481 2875 663 2931 Dcnm
695 2876 861 2931 vado.
896 2876 1088 2931 Unum
1120 2875 1226 2931 tibi
1257 2880 1314 2932 et
1346 2874 1708 2944 ultimum,si
1732 2875 1922 2931 ausim
1948 2875 2030 2930 di-

375 2980 523 3032 cere,
558 2965 705 3018 facio
726 2969 1103 3036 praeceptum,
1124 2968 1189 3018 ut
1210 2980 1443 3018 summo
1466 2961 1724 3018 diluculo
1746 2962 1896 3019 sacri
1918 2980 2026 3018 un-

376 3052 572 3124 guinis
604 3054 715 3124 (20)
750 3070 816 3107 ac
848 3051 1136 3107 Dominici
1165 3050 1426 3122 corporis
1457 3050 1799 3122 participem
1824 3067 1917 3106 me
1937 3052 2028 3105 fa-

376 3140 498 3195 cias
532 3144 860 3211 :quatenus
881 3140 976 3197 his
1007 3140 1251 3195 viviﬁcis
1285 3138 1514 3194 munita
1561 3138 1875 3211 mysteriis,
1910 3156 2026 3195 non

2116 767 2147 784 δ

2126 571 2310 625 turba:
2342 568 2624 640 inessent,
2658 569 2761 642 qui
2786 585 2992 625 omnes
3035 570 3361 625 secundum
3411 569 3703 643 regulam
3743 570 3821 625 ab

2127 658 2331 715 eodem
2360 662 2524 730 patre
2553 656 2889 713 institutam
2919 657 3196 713 viverent.

2618 782 2832 839 Arcana
2871 784 3080 839 cwtitus
3108 782 3287 839 discit.

2203 890 2288 944 17.
2322 888 2540 944 Exinde
2571 893 2811 945 sanctus
2840 888 2948 957 vir,
2983 888 3307 960 majoribus
3339 905 3469 945 sese
3498 888 3817 945 virtutum

2130 976 2489 1049 profectibus
2506 978 2747 1045 dedens,
2763 978 3110 1050 deprecatus
3124 982 3213 1032 est
3224 976 3542 1032 Dominum
3558 978 3815 1033 ostendi

2130 1065 2243 1120 sibi
2274 1065 2522 1139 gloriam
2545 1067 2870 1137 justorum,
2907 1070 2973 1122 ut
3001 1064 3100 1138 qui
3131 1081 3263 1121 eam
3294 1082 3399 1136 per
3426 1066 3613 1121 ﬁdem
3651 1066 3817 1122 bene

2130 1154 2412 1210 creditam
2454 1154 2714 1223 haberet,
2749 1171 2852 1227 per
2903 1153 3439 1210 manifestationem
3487 1156 3814 1226 cognitam

2130 1243 2362 1298 dulcius
2405 1248 2650 1297 amaret.
2684 1242 2848 1298 Talia
2879 1259 2945 1298 ex
2976 1243 3149 1299 corde
3199 1241 3527 1311 meditanti,
3565 1242 3815 1299 assistit

2122 1332 2358 1403 juvenis
2390 1332 2501 1402 ('22)
2532 1333 2739 1387 decore
2768 1331 3039 1405 insignis,
3074 1348 3247 1403 quem
3278 1348 3530 1402 puerum
3564 1331 3724 1387 olim
3752 1333 3811 1388 in

2133 1437 2371 1491 corpore
2403 1420 2526 1491 ipse
2557 1437 2701 1491 puer
2731 1424 3068 1493 agnoverat,
3103 1426 3160 1475 et
3178 1425 3393 1475 sancta
3440 1437 3692 1493 semper
3723 1422 3812 1476 fa-

2134 1509 2468 1565 miliaritate
2497 1509 2797 1577 dilexerat,
2827 1509 3081 1564 referens
3113 1526 3178 1563 ea
3210 1525 3338 1580 qua:
3389 1513 3532 1565 sunt
3561 1516 3811 1565 aeternae

2132 1597 2260 1653 vita:
2294 1597 2525 1670 gaudia.
2562 1597 2732 1653 Illum
2763 1614 2897 1653 vero
2920 1597 2980 1653 in
3004 1598 3111 1653 hoc
3144 1597 3356 1653 saeculo
3384 1597 3559 1670 plura
3587 1615 3814 1670 passu-

2134 1702 2288 1755 rum,
2320 1688 2653 1743 daemonum
2693 1686 2960 1755 insidias,
2995 1686 3391 1760 malignitates
3438 1687 3807 1756 hominum;

2135 1781 2269 1848 post
2296 1775 2419 1831 haec
2449 1775 2647 1832 omnia
2678 1775 2749 1831 ad
2782 1791 3049 1832 summos
3081 1775 3299 1849 gradus
3342 1781 3808 1848 perventurum,

2052 1855 2101 1922 B
2131 1863 2318 1919 multa
2347 1864 2654 1921 hominum
2678 1863 2864 1920 millia
2880 1864 2996 1920 Deo
3013 1863 3402 1933 lucraturum,
3420 1881 3691 1937 cumque
3714 1865 3809 1921 his

2138 1951 2266 2008 οωΙί
2298 1968 2478 2026 regna
2507 1953 2999 2009 scansurum.Sed
3029 1970 3163 2008 cum
3193 1951 3292 2008 ille
3323 1958 3565 2026 propter
3593 1960 3810 2010 caute-

2137 2041 2255 2097 lam
2287 2042 2502 2098 dicenti
2535 2058 2845 2098 assensum
2880 2059 2997 2097 non
3042 2042 3322 2113 dedisset,
3354 2042 3809 2114 apprehensum

2137 2129 2305 2185 illum
2329 2129 2564 2202 juvenis
2593 2130 2809 2187 atrium
2841 2130 3045 2202 templi
3077 2130 3325 2199 induxit,
3361 2132 3810 2204 ostendensque

2139 2217 2332 2274 locum
2365 2223 2607 2275 eatenus
2654 2219 3088 2287 inconvulsum,
3124 2220 3206 2275 ait
3235 2237 3254 2273 :
3284 2220 3356 2275 Ut
3385 2218 3552 2275 nulla
3582 2224 3645 2276 te
3677 2236 3807 2277 cre-

2140 2308 2348 2363 dendis
2378 2307 2471 2363 his
2502 2325 2629 2380 quae
2659 2308 2876 2364 audisti
2909 2308 3179 2364 dubietas
3221 2307 3491 2382 attingat,
3523 2313 3670 2366 ante
3700 2310 3808 2365 tri-

2140 2397 2324 2453 duum
2356 2397 2657 2471 presbyter
2680 2397 2925 2469 quidam
2957 2396 3053 2452 hic
3073 2395 3389 2469 sepelietur
3407 2398 3510 2470 qui
3529 2398 3804 2454 nondum

2139 2485 2494 2542 infirmatur.
2543 2486 2877 2558 Exsurgens
2936 2491 3134 2541 autem
3184 2502 3356 2541 mane
3404 2487 3478 2542 ab
3529 2487 3805 2559 oratione

2139 2573 2501 2642 Dunstanus,
2529 2574 2860 2630 convocatis
2891 2574 2950 2628 in
2984 2590 3169 2629 unum
3207 2573 3453 2642 clericis,
3489 2575 3563 2630 ad
3595 2574 3801 2631 locum

2137 2664 2316 2730 venit,
2348 2663 2653 2736 positoque
2683 2663 2852 2736 signo
2883 2663 2964 2718 ait
2993 2679 3006 2718 :
3042 2662 3101 2719 Si
3132 2678 3271 2718 vera
3301 2668 3441 2719 sunt
3466 2679 3595 2734 quae
3650 2664 3801 2720 mihi

2139 2757 2425 2808 nocturno
2454 2756 2716 2825 tempore
2746 2756 2981 2808 ostensa
3010 2756 3169 2820 sunt,
3188 2757 3323 2807 ante
3354 2756 3474 2807 tres
3502 2752 3636 2809 dies
3668 2769 3799 2827 pre-

2138 2842 2337 2915 sbyter
2351 2842 2592 2914 quidam
2610 2841 2705 2898 hic
2722 2841 3054 2915 sepelietur,
3074 2845 3132 2898 et
3148 2842 3409 2896 nondum
3428 2841 3798 2898 inﬁrmatur.

2136 2930 2244 2985 Vix
2276 2930 2392 2986 illis
2423 2932 2495 2986 ab
2527 2931 2776 2986 invicem
2807 2930 3112 3003 digressis,
3146 2930 3486 3002 supervenit
3534 2931 3673 3003 ejus
3704 2933 3793 2987 fe-

2138 3019 2331 3086 minae,
2348 3036 2524 3090 quam
2543 3020 2803 3092 proxime
2824 3019 3216 3086 laudavimus,
3236 3017 3473 3074 curialis
3490 3021 3799 3091 quondam

2136 3108 2455 3180 presbyter,
2487 3109 2587 3180 qui
2620 3110 2775 3164 facta
2804 3126 2939 3164 cum
2970 3106 3199 3163 clericis
3229 3107 3612 3163 conventione
3644 3126 3799 3180 pras-

378 3229 781 3284 confundarin
806 3233 988 3300 porta,
1016 3230 1159 3283 dum
1185 3228 1264 3283 ibi
1286 3228 1448 3283 fuero
1478 3227 1735 3284 inimicis
1767 3229 1913 3283 meis
1944 3228 2025 3284 lo-
2058 3225 2102 3293 C
2139 3197 2325 3300 fatu?
2356 3195 2551 3252 locum
2585 3215 2643 3251 In
2672 3197 3037 3297 Sepulthm
3068 3198 3340 3300 ommu't‘f
3374 3197 3578 3300 d‘men?
3608 3214 3622 3251 ³
3648 3198 3796 3300 (Eum

379 3322 532 3373 cuta.
548 3318 729 3388 Cujus
750 3318 993 3388 imperio
1016 3316 1363 3372 venerabilis
1387 3320 1550 3389 pater
1570 3316 1912 3373 Dunstanus
1935 3336 2032 3373 an-

381 3425 567 3462 nucns
590 3405 751 3473 abiit,
772 3407 1123 3478 manejuxta
1143 3405 1477 3462 condictum
1501 3404 1638 3460 rdiit
1658 3423 1672 3474 ;
1692 3405 1889 3478 itaque
1911 3424 2031 3462 om-

381 3497 479 3551 nia
507 3495 750 3568 peregit,
777 3498 839 3550 ut
869 3494 1034 3550 ﬁnita
1064 3495 1182 3550 fere
1212 3495 1413 3562 missa,
1432 3511 1565 3549 cum
1592 3494 1720 3567 ipsa
1739 3513 1952 3568 corpus
1974 3499 2030 3551 et

380 3584 727 3656 sanguinem
742 3583 955 3639 Christi
969 3583 1346 3656 suscepisset,
1362 3583 1621 3639 animam
1640 3582 1857 3655 pariter
1872 3584 2031 3640 Chri-

378 3678 467 3729 sto
500 3674 854 3730 tradidisset.
871 3675 995 3740 Qua
1014 3672 1332 3730 honorifice
1355 3674 1413 3727 in
1438 3671 1684 3729 ecclesia
1704 3673 1882 3729 beatae
1906 3672 2027 3728 Ma-

377 3762 475 3818 riae
487 3762 1087 3835 sepulta,Dunstanus
1099 3779 1234 3819 cum
1248 3762 1318 3818 de
1330 3761 1647 3831 illius,cum
1663 3761 1837 3818 etiam
1851 3762 1920 3819 de
1933 3762 2024 3819 sui

375 3850 563 3923 ipsius
593 3852 705 3923 (21)
737 3850 1092 3924 patrimonio
1122 3849 1410 3907 sollicitus
1444 3850 1603 3924 (nam
1649 3855 1893 3923 uterque
1923 3868 2025 3924 pa-

374 3957 509 3995 rens
542 3940 826 4009 obierant,
860 3957 966 3995 nec
987 3930 1196 4012 praeter
1218 3956 1352 3996 eum
1374 3938 1554 3995 alium
1577 3939 1865 3995 hmredem
1891 3938 2023 3996 reli-

374 4031 663 4100 querant),
689 4028 878 4100 primo
898 4028 1137 4100 quidem
1158 4029 1425 4084 eamdem
1449 4027 1756 4084 ecclesiam
1780 4027 2025 4084 vicinio-

370 4117 537 4189 ribus
570 4122 743 4189 atque
777 4115 1145 4172 uberioribus
1178 4116 1370 4185 terris,
1406 4133 1535 4189 quae
1567 4117 1626 4172 in
1658 4117 1818 4174 omni
1841 4117 2020 4189 patri-

373 4206 569 4263 monio
619 4210 806 4273 erant,
839 4205 1196 4274 muneravit;
1231 4209 1468 4262 caeteras
1510 4221 1644 4261 vero
1702 4206 2021 4263 fundandis

371 4295 633 4367 quinque
664 4295 1035 4351 monasteriis
1067 4312 1170 4368 pro
1192 4294 1312 4351 situ
1346 4299 1635 4351 terrarum
1669 4295 1739 4351 ab
1773 4295 2019 4353 invicem

372 4385 653 4456 sejunctis
693 4384 1021 4441 reservavit.
1056 4385 1190 4450 Quae
1242 4384 1600 4440 monasteria
1646 4386 2018 4457 sequentium

370 4491 574 4547 regum
607 4474 970 4548 temporibus
1001 4473 1059 4528 in
1093 4477 1322 4529 tantum
1357 4490 1458 4545 per
1487 4474 1614 4546 ejus
1664 4472 2017 4530 industriam

443 4582 554 4661 (2.0)
586 4581 680 4637 Sic
711 4580 850 4662 olim
883 4580 1217 4662 unctionem
1252 4580 1631 4662 infirmorum
1647 4579 1857 4661 viatico
1880 4599 2019 4662 prae:
2047 4594 2094 4662 Ῑ)

370 4650 505 4723 poni
534 4670 665 4723 mos
697 4657 839 4716 erat,
875 4658 938 4706 ut
969 4651 1189 4705 dictum
1216 4657 1308 4723 cst
1337 4650 1394 4705 in
1438 4651 1773 4723 praefatione
1821 4650 2017 4709 saiculi

371 4722 565 4793 primi.
602 4724 663 4776 Β.
700 4723 883 4776 solius
930 4722 1362 4777 communionis
1410 4722 1696 4789 meminit,
1732 4724 1833 4777 sed
1883 4730 2017 4780 ante

363 4794 615 4864 missam
640 4798 696 4846 et
715 4794 1186 4864 communionem
1206 4793 1288 4847 ait
1311 4793 1676 4864 praemissum
1696 4811 1730 4849 a
1752 4799 2022 4851 matrona

370 4862 645 4917 balneum
697 4865 769 4916 ad
828 4863 1086 4934 corporis
1132 4862 1502 4920 lavationem.
1545 4864 1825 4921 Osbertus
1884 4883 2019 4921 cum

368 4934 628 4987 Osberno
641 4934 927 5001 convenit,
941 4938 997 4987 et
1013 4950 1134 4988 cum
1149 4942 1483 4990 sacramento
1498 4952 1667 4991 sacrae
1686 4938 2020 4994 inn-nationis

368 5006 636 5076 viaticum
659 5005 933 5076 Dominici
962 5007 1203 5075 corporis
1225 5007 1296 5060 ab
1319 5022 1387 5060 ea
1406 5006 1769 5076 postulatum
1792 5009 2015 5064 scribit.

441 5074 551 5147 (2t)
582 5074 739 5127 Idem
762 5074 939 5127 tradit
958 5074 1257 5147 Osbertus.
1285 5074 1428 5130 Hinc
1453 5081 1611 5147 patet
1632 5080 1937 5136 monachis
1958 5080 2016 5134 in

364 5144 573 5224 Anglia
591 5145 1038 5224 tunc‘temporis
1052 5145 1312 5224 relictam
1334 5144 1518 5224 fuisse
1539 5153 1885 5219 potestatem
1908 5151 2020 5206 he-

365 5215 642 5269 reditates
674 5215 951 5281 adeundi,
984 5222 1049 5271 ut
1078 5215 1209 5271 aliis
1242 5217 1299 5270 in
1332 5216 1495 5272 locis.

437 5288 548 5409 S222
580 5286 845 5366 0sberto,
872 5306 899 5333 «
923 5287 993 5366 ad
1019 5292 1228 5369 nutum
1252 5287 1436 5358 patris
1467 5288 1753 5343 Dunstani
1788 5292 1897 5374 sub
1926 5310 2014 5350 re-

437 5383 439 5408 :
469 5373 583 5409 aris
596 5361 724 5409 νιιεΒ
743 5356 1010 5409 custodia
1024 5357 1364 5409 militarent.
1386 5380 1413 5408 ››
1436 5358 1498 5409 Β.
1519 5374 1639 5409 rem
1659 5360 2013 5409 exnlmathig

362 5356 583 5430 gularis
596 5356 943 5430 vitaecustod
955 5356 1010 5411 ia
1024 5356 1364 5430 militarent.
1386 5380 1413 5408 ››
1436 5358 1498 5411 Β.
1519 5374 1639 5430 rem
1659 5360 1906 5430 explicat
1919 5363 2013 5421 his

360 5424 560 5513 verbis
585 5424 1020 5513 :_«'Oscula‘tus‘
1055 5434 1145 5483 est
1193 5427 1361 5513 illum
1411 5444 1532 5493 rex,
1564 5424 1906 5513 ducensque
1936 5437 2010 5491 ad

360 5496 783 5569 sacerdotalem
806 5495 1176 5569 cathedram,
1201 5501 1258 5551 et
1278 5498 1588 5569 imponens
1609 5499 1775 5554 illum
1798 5495 1857 5556 in
1878 5521 2009 5563 eam

360 5567 534 5645 dixit:
561 5564 1071 5645 Esto'scﬂisistius
1092 5564 1710 5645 princeps—potensque
1726 5570 2004 5645 insessor,

352 5641 412 5717 et
441 5635 750 5719 praesentis
780 5634 1047 5697 Ecclesiae
1082 5634 1465 5697 fidelissimus
1495 5634 1711 5710 abbas;
1745 5647 1802 5699 et
1832 5634 2006 5719 quid;

2140 3302 2235 3340 me
2278 3286 2431 3341 Deus
2461 3302 2492 3340 e
2520 3302 2760 3358 corpore
2804 3285 3057 3359 migrare
3099 3284 3365 3356 jusserit,
3398 3285 3507 3340 hoc
3556 3286 3615 3340 in
3668 3285 3797 3341 loco

2140 3391 2301 3430 meas
2332 3391 2536 3447 precor
2565 3374 2844 3446 reliquias
2874 3373 3135 3446 sepelite.
3165 3372 3426 3429 Recessit
3446 3373 3630 3447 igitur
3661 3392 3794 3447 pre-

2138 3464 2337 3536 sbyter
2364 3479 2606 3536 vespera
2636 3480 2840 3531 sanus,
2872 3467 3048 3518 noctu
3081 3462 3568 3533 rediit-aegrotus;
3607 3463 3795 3518 decu-

2138 3552 2284 3620 buit,
2319 3553 2662 3627 agonizatus
2690 3555 2798 3620 est,
2832 3551 3191 3625 defungitur,
3226 3555 3283 3607 et
3328 3551 3389 3605 in
3440 3550 3568 3607 loco
3618 3552 3791 3607 beato

2137 3642 2289 3714 patri
2320 3643 2553 3714 signato
2584 3640 2881 3714 sepelitur.
2915 3641 3133 3713 Stupor
3161 3641 3371 3714 ingens
3399 3639 3794 3696 circumdedit

2137 3746 2362 3800 omnes,
2396 3735 2702 3803 propterea
2733 3730 2888 3802 quod
2910 3730 3067 3785 idem
3098 3728 3185 3785 vir
3204 3734 3326 3784 tam
3357 3728 3509 3784 mira
3537 3729 3609 3783 de
3639 3727 3790 3796 loco,

2136 3823 2397 3892 tempore
2417 3836 2483 3874 ac
2500 3835 2753 3891 persona
2768 3818 3152 3891 praedixisset,
3167 3833 3296 3889 qua:
3313 3816 3513 3872 omnia
3530 3816 3791 3889 posthaec

2134 3923 2270 3963 vera
2316 3907 2430 3980 ipsi
2477 3913 2536 3963 et
2585 3907 2900 3977 manifesta
2952 3906 3260 3962 vidissent.
3293 3905 3424 3979 Ipse
3479 3911 3678 3961 autem
3722 3907 3791 3962 de

2134 4000 2370 4053 ostensa
2402 4013 2467 4052 ac
2498 3996 2790 4070 promissa
2817 3996 2930 4051 sibi
2951 3995 3079 4050 vitae
3102 3999 3327 4050 aeterna:
3352 3993 3539 4068 gloria
3558 3992 3789 4052 laetissi-

2134 4102 2269 4141 mus
2299 4085 2584 4153 efficitur;
2616 4086 2689 4141 de
2719 4084 2943 4140 caeteris
2992 4100 3125 4139 vero
3179 4099 3293 4139 non
3342 4099 3551 4155 parum
3602 4083 3789 4140 tristis

2133 4178 2308 4246 atque
2339 4172 2632 4230 sollicitus
2665 4172 2947 4229 redditur.

2130 4300 2206 4355 Ab
2238 4298 2555 4355 Emlmundo
2580 4299 2644 4371 fin
2670 4299 2943 4371 palatium
2981 4300 3205 4365 accitus,
3241 4301 3439 4354 iterum
3486 4298 3619 4354 inde
3660 4316 3784 4371 pro-

2144 4382 2149 4386 ‘
2201 4371 2459 4427 truditur.
2489 4370 2591 4426 Sed
2646 4370 2769 4442 rege
2811 4386 2881 4427 ex
2922 4372 3235 4443 praecipitio
3279 4379 3459 4441 erepto
3492 4370 3786 4443 honoriﬁce

2198 4451 2504 4508 revocatur,
2533 4457 2778 4498 concesso
2806 4443 2915 4514 ipsi
2942 4443 3054 4498 solo
3083 4442 3279 4497 natali.

2202 4550 2288 4604 18.
2324 4549 2607 4604 Defuncto
2639 4551 2833 4604 autem
2876 4564 3010 4620 rege
3055 4546 3396 4603 Ethelstano
3442 4549 3554 4619 (23)
3606 4548 3781 4606 frater

2127 4654 2403 4728 quidqtibi
2437 4655 2507 4709 ad
2531 4654 2717 4728 divini
2750 4654 2945 4711 cultus
2975 4658 3358 4728 augmentum
3385 4653 3472 4728 vel
3497 4655 3570 4728 ad
3601 4672 3776 4712 sacra

2130 4725 2342 4799 regula:
2374 4726 2851 4799 supplementum
2886 4728 2956 4799 de
2987 4725 3221 4799 propria
3248 4725 3771 4799 adminiculatione

2130 4797 2399 4871 defuerit,
2430 4797 2543 4871 ego,
2565 4797 2707 4853 illud
2741 4797 3197 4871 regia‘largit’ate
3229 4798 3432 4871 devote
3463 4798 3770 4871 supplebo.

2132 4870 2337 4951 Igitur,
2364 4867 2501 4951 post
2515 4868 2652 4951 .hsec
2683 4867 2884 4951 servus
2915 4867 3774 4951 Deii'D‘unstanusjam'dictam

2130 4939 2477 5013 dignitatem
2500 4941 2678 5011 jussu
2712 4940 2868 5013 regis
2896 4940 3132 5013 regendi
3171 4939 3385 5013 gratia_
3408 4940 3690 5013 suscepit,
3720 4947 3777 4997 et

2128 5011 2238 5067 hoc
2270 5011 2542 5083 prazdicto
2576 5013 2749 5067 modo
2782 5011 3236 5068 saluberrimam
3268 5012 3326 5065 S.
3358 5011 3649 5083 Benedicti
3683 5030 3775 5068 se—

2129 5080 2315 5156 quens
2345 5082 2773 5139 institutionem
2805 5084 3033 5156 primus
3061 5083 3242 5138 abbas
3272 5080 3491 5154 Anglia:
3522 5082 3774 5140 nationis

2128 5154 2357 5210 enituit.
2390 5174 2420 5204 »
2455 5159 2565 5209 etc.

2663 5223 2980 5306 g‘Contigit
3009 5229 3206 5306 autem
3237 5223 3776 5306 iisdem__t,empopi-

2126 5296 2237 5352 bus
2273 5294 2601 5368 quemdam
2661 5294 3082 5368 Glestoniensis
3113 5294 3399 5368 Ecclesia;
3444 5294 3773 5368 diaconem,

2124 5366 2362 5442 nomine
2379 5366 2702 5435 Ulfredum,
2724 5370 2973 5442 mortem
2992 5366 3245 5442 subiisse
3262 5366 3776 5442 tem_poralem,qui

2122 5438 2185 5493 Β.
2214 5438 2517 5493 Dunstano
2540 5443 2800 5510 tempore
2818 5438 2962 5493 dum
2982 5438 3200 5510 viveret
3221 5436 3535 5509 praeclarus
3557 5436 3779 5510 pariter

2119 5510 2341 5564 exstitit
2368 5514 2427 5565 et
2457 5508 2764 5564 familiaris
2794 5512 3038 5564 amator.
3073 5508 3176 5563 llic
3215 5508 3351 5580 ergo
3402 5525 3518 5563 non
3558 5508 3773 5570 admo-

2118 5581 2267 5657 dum_
2300 5579 2474 5653 longe
2514 5583 2782 5657 tempore
2815 5584 2965 5657 post
3012 5579 3342 5657 discessum
3390 5582 3671 5657 apparuit
3700 5586 3770 5657 ei,

2114 5651 2379 5727 pandens
2408 5650 2596 5710 inulta
2627 5650 2697 5710 de
2727 5650 3060 5713 ccclcstibus
3091 5650 3409 5727 incognita,
3432 5650 3609 5714 sete.
