3912 6366
133 382 256 441 429

1735 374 1945 438 VITA.

3433 384 3554 445 430

134 514 267 585 ejus
298 513 680 570 Eadmundus
712 513 939 587 imperii
968 512 1368 567 monarchiam
1397 510 1788 582 suscepit.0ui
1821 512 1871 576 Α
1906 513 2113 567 mortis
2130 514 2386 584 periculo
2400 516 2764 583 consistenti,
2784 532 2886 570 nec
2905 516 3300 571 reminiscaris
3321 516 3558 587 injuria-

132 617 272 657 cum
318 601 497 657 sciret
527 607 751 675 quanta
800 601 939 656 olim
988 602 1200 656 virtute
1232 600 1599 655 venerandus
1631 603 1796 671 pater

132 690 477 747 Dunstanus
500 691 557 746 in
583 690 796 763 palatio
820 690 1102 754 fulsisset,
1119 706 1295 761 quam
1313 688 1496 761 justis
1517 688 1793 760 operibus

128 780 191 834 et
222 779 396 835 rectis
425 778 689 834 consiliis
720 779 1002 851 praeditus
1035 779 1266 845 fuisset,
1300 794 1367 832 ac
1405 794 1507 849 per
1536 777 1643 831 hoc
1677 777 1793 831 fra-

128 871 299 923 terno
321 884 554 940 semper
570 885 767 923 amore
792 868 955 922 illum
976 866 1540 931 dilexisset,directis
1562 866 1632 919 ad
1656 882 1792 920 eum

125 956 359 1013 nuntiis
389 961 517 1012 orat
546 957 827 1029 dignetur
861 958 931 1012 ad
966 974 1027 1012 se
1053 957 1269 1023 venire,
1297 959 1363 1009 ut
1392 971 1567 1026 quem
1601 954 1790 1008 omni-

126 1047 352 1118 potenti
404 1046 520 1101 Deo
566 1051 806 1101 noverat
851 1050 1180 1117 acceptum,
1214 1060 1347 1099 eum
1396 1043 1552 1098 inter
1600 1043 1791 1115 regios

125 1151 398 1207 proceres
429 1137 486 1190 et
516 1134 808 1207 palatinos
841 1133 1135 1206 principes
1163 1132 1275 1205 (24)
1312 1148 1614 1187 summum
1647 1132 1793 1186 face-

124 1227 218 1279 ret
247 1227 444 1280 tenere
477 1223 902 1296 principatum.
930 1225 1003 1278 At
1040 1223 1380 1277 Dunstanus
1412 1220 1531 1276 sive
1574 1234 1786 1292 prince-

123 1312 245 1383 ptis
277 1311 615 1385 apostolicis
647 1312 883 1367 obedire
903 1310 1346 1383 volens,quibus
1376 1309 1569 1365 omnis
1589 1309 1789 1365 anima

122 1401 401 1471 potestati
424 1400 752 1457 sublimiori
778 1400 1017 1456 subdita
1039 1417 1168 1455 esse
1190 1399 1399 1455 debere
1430 1396 1782 1471 praecipitur,

122 1487 247 1543 sive
279 1506 525 1562 regnum
550 1489 819 1560 justitiaa,
846 1490 1000 1560 quod
1030 1507 1097 1543 ex
1132 1505 1345 1560 magna
1375 1492 1535 1558 parte
1559 1485 1783 1540 obsole-

118 1582 309 1645 verat,
342 1579 399 1632 in
450 1582 604 1632 terra
650 1577 973 1649 Anglorum
1025 1576 1279 1631 exaltare
1310 1575 1572 1647 cupiens,
1609 1574 1785 1645 regiis

111 1664 505 1735 petitionibus
538 1680 847 1719 assensum
878 1664 1107 1731 tribuit,
1141 1663 1469 1718 consistens
1500 1678 1604 1734 pro
1634 1667 1780 1715 tem-

108 1769 328 1825 porum
352 1751 757 1808 vicissitudine
777 1751 836 1806 in
864 1752 1102 1824 palatio,
1123 1756 1180 1807 et
1200 1756 1321 1807 tam
1346 1751 1539 1823 ipsum
1562 1767 1777 1823 regem,

107 1857 298 1913 quam
330 1857 537 1897 omnes
566 1840 887 1915 Anglorum
937 1839 1233 1913 principes
1272 1839 1521 1911 justitim
1552 1838 1781 1911 legibus

103 1929 493 1986 submittens.
520 1929 633 1986 Sed
665 1945 799 1984 cum
833 1929 950 1983 fere
983 1929 1105 1998 ﬁat,
1126 1933 1192 1983 ut
1222 1944 1292 1983 ex
1320 1926 1569 1982 aliorum
1602 1927 1775 1981 indu-

103 2018 259 2073 stria
290 2017 541 2073 aliorum
567 2022 792 2073 crescat
823 2016 1062 2083 invidia,
1081 2032 1333 2088 cumque
1363 2016 1435 2070 ad
1460 2031 1638 2087 quam
1659 2014 1777 2069 vir-

106 2109 305 2161 tutem
337 2105 633 2179 pessimus
663 2105 776 2177 (25)
808 2104 1059 2177 quisque
1102 2121 1218 2159 non
1262 2103 1417 2160 valet
1447 2119 1775 2175 assurgere,

104 2210 242 2249 eam
268 2192 328 2249 in
353 2201 696 2266 assurgente
725 2198 969 2249 conetur
988 2208 1323 2265 expugnare
1349 2209 1361 2246 :
1391 2193 1602 2247 iterum
1625 2192 1779 2247 sicut

106 2281 252 2338 olim
286 2299 321 2338 a
348 2281 646 2354 plerisque
696 2281 1007 2349 nobilium,
1033 2281 1092 2336 in
1145 2298 1455 2353 prosperos
1488 2280 1775 2336 Dunstani

108 2388 428 2427 successus
460 2374 550 2426 est
570 2372 885 2437 offensum,
911 2375 969 2425 et
998 2370 1143 2441 regi,
1168 2374 1233 2425 ut
1263 2388 1297 2424 a
1326 2369 1618 2426 consortio
1648 2367 1778 2423 illo-

111 2475 247 2514 rum
282 2458 600 2532 pelleretur
630 2458 779 2514 falsa
812 2458 1220 2514 criminatione
1259 2462 1624 2531 suggestum.
1661 2457 1778 2512 Rex

112 2552 316 2604 autem
338 2547 471 2619 plus
494 2546 738 2603 honesto
761 2546 930 2602 falsis
961 2546 1214 2602 favorem
1237 2546 1587 2613 attribuens,
1612 2545 1777 2600 Dun-

113 2642 357 2692 stanum
381 2641 438 2691 et
459 2636 635 2692 rebus
657 2641 714 2691 et
737 2634 896 2708 regia
915 2635 1105 2706 gratia
1127 2634 1440 2707 privatum,
1455 2634 1618 2688 curia
1638 2650 1776 2706 pro-

114 2725 343 2781 turbari
366 2726 537 2797 jubet
558 2726 689 2797 (26).
710 2724 805 2780 Sic
837 2725 1046 2796 primo,
1076 2723 1158 2779 sic
1181 2724 1437 2779 secundo
1461 2724 1554 2778 die
1583 2728 1775 2778 trans-

114 2815 287 2870 itum.
330 2813 579 2885 Jamque
637 2814 809 2869 tertia
856 2811 956 2867 lux
1005 2813 1335 2880 advenerat,
1389 2816 1446 2867 et
1493 2829 1591 2867 rex
1641 2827 1777 2866 cum

118 2903 246 2959 suis
270 2907 548 2958 venatum
578 2901 719 2958 ibat.
745 2902 965 2957 Nemus
990 2906 1187 2957 autem
1210 2901 1364 2972 quod
1384 2899 1634 2955 venandi
1655 2916 1781 2972 gra-

115 2992 197 3048 tia
254 2991 579 3059 invenerat,
632 3007 804 3046 mons
848 2990 1167 3046 Cedrorum
1202 2989 1287 3062 [Β.
1323 2989 1633 3062 Ceodrum]
1678 3005 1782 3060 per

114 3081 381 3136 excelsus
401 3079 674 3151 concipit,
695 3079 795 3151 qui
831 3079 1024 3135 medio
1048 3077 1139 3134 sui
1164 3078 1545 3149 interruptus,
1572 3078 1780 3150 ingens

115 3169 459 3225 barathrum
494 3170 553 3224 et
583 3168 840 3223 immane
870 3166 1257 3239 praecipitium
1282 3166 1352 3221 de
1383 3182 1617 3222 summo
1648 3182 1778 3238 spe-

1905 617 2035 653 rum
2062 600 2216 655 fideli
2241 606 2338 655 tuo
2363 603 2665 658 Duustano
2690 621 2790 675 per
2810 621 2901 658 me
2924 603 3253 670 illatarum;
3280 606 3555 676 quoniam

1904 688 1953 742 si
1987 704 2079 743 me
2110 688 2297 760 ipsius
2343 691 2569 745 meritis
2617 709 2650 746 a
2696 692 2968 763 praesenti
3017 696 3202 746 morte
3251 692 3557 763 eripueris,

1904 777 2096 847 quoad
2128 777 2316 832 viva‘m
2340 780 2613 833 devotum
2649 796 2741 834 me
2771 780 2857 834 tui
2889 779 3145 833 nominis
3169 785 3225 834 et
3253 780 3411 835 illius
3433 780 3561 835 lau-

1902 864 2163 920 datorem
2198 866 2463 921 habebis.
2492 868 2606 922 Nec
2627 869 2768 922 dum
2802 868 2969 939 plene
3000 869 3173 922 verba
3204 869 3453 933 finierat,
3480 872 3557 937 et,

1903 954 2057 1024 quod
2082 954 2241 1008 dictu
2260 961 2350 1010 est
2372 956 2730 1023 incredibile,
2751 958 2850 1011 sed
2872 958 2985 1011 Deo
3010 956 3152 1010 nihil
3172 957 3556 1029 impossibile,

1902 1043 2067 1114 quasi
2094 1043 2291 1097 divina
2314 1061 2489 1099 manu
2518 1050 2803 1099 retentum
2831 1045 3045 1101 animal
3072 1046 3128 1099 in
3153 1062 3385 1100 summo
3404 1063 3560 1101 vora-

1900 1129 2054 1201 ginis
2088 1132 2271 1186 ﬁxum
2313 1134 2605 1187 manebat.
2640 1135 2713 1189 At
2758 1133 2855 1188 ille
2902 1135 3074 1189 corde
3125 1132 3341 1205 pariter
3368 1138 3427 1188 et
3458 1150 3555 1189 ore

1898 1218 2156 1274 excelsas
2189 1221 2305 1275 Deo
2339 1222 2559 1292 gratias
2584 1222 2857 1287 referens,
2884 1223 3253 1277 Dunstanum
3277 1239 3396 1277 sua:
3418 1221 3556 1277 libe-

1899 1304 2142 1361 rationis
2175 1312 2474 1362 auctorem
2512 1309 2781 1364 accersiri
2812 1310 3070 1380 jubet,et
3093 1326 3219 1381 quae
3252 1326 3353 1381 per
3381 1309 3547 1364 illum

1896 1394 2181 1449 Divinitas
2203 1401 2441 1467 operata
2468 1396 2563 1464 sit,
2580 1414 2775 1452 coram
2809 1398 2967 1453 omni
3001 1398 3261 1470 principe
3291 1398 3547 1469 exponit,

1895 1488 1952 1537 et
1981 1484 2349 1555 apprehensa
2398 1486 2633 1540 dextera
2679 1486 2786 1540 viri
2839 1487 3140 1541 osculatus
3187 1491 3275 1540 est
3324 1503 3451 1542 eam
3495 1491 3552 1542 et

1894 1572 2085 1626 dixit:
2138 1575 2425 1644 Agnosco,
2459 1574 2715 1627 virorum
2767 1575 3159 1642 sanctissime,
3194 1575 3333 1646 quid
3385 1576 3441 1629 in
3493 1580 3549 1630 te

1893 1659 2289 1713 commiserim
2323 1661 2484 1725 mali,
2518 1678 2632 1715 non
2678 1678 2781 1733 per
2824 1663 2998 1716 ﬁdem
3030 1679 3221 1716 meam
3256 1663 3409 1733 quod
3444 1680 3549 1735 ego

1890 1747 2193 1813 voluerim,
2211 1750 2309 1802 sed
2336 1750 2489 1822 quod
2514 1768 2546 1803 a
2571 1750 2844 1821 pessimis
2870 1750 3210 1805 hominibus
3231 1755 3465 1805 coactus
3490 1752 3546 1805 id

1895 1836 2153 1891 fecerim.
2187 1836 2419 1892 Gratias
2441 1854 2577 1910 ergo
2601 1837 2925 1893 clementia:
2946 1838 3067 1906 Dei,
3085 1855 3211 1910 qua:
3233 1855 3348 1893 non
3373 1840 3546 1896 modo

1887 1924 2153 1981 debitum
2185 1924 2330 1979 mihi
2356 1925 2716 1997 supplicium
2752 1944 2868 1981 non
2898 1926 3346 1994 inferre,verum
3367 1928 3545 1984 etiam

1886 2012 2216 2068 indebitum
2245 2012 2431 2068 voluit
2461 2014 2814 2070 beneficium
2851 2032 3193 2088 praerogare,
3219 2016 3361 2070 dum
3387 2034 3480 2073 me
3512 2034 3546 2073 a

1887 2099 2204 2173 praecipitio
2237 2100 2443 2156 mortis
2475 2101 2751 2174 eripiens,
2787 2102 3069 2175 longioris
3096 2104 3225 2157 vita:
3263 2104 3454 2175 spatia
3484 2106 3544 2161 in

1888 2188 2006 2244 tuis
2037 2188 2379 2244 nominibus
2420 2192 2732 2247 concessit.
2765 2191 2852 2247 Sit
2901 2208 3037 2264 ergo
3070 2191 3344 2264 deinceps
3392 2192 3546 2247 inter

1888 2292 1994 2330 nos
2026 2277 2291 2348 perfecta:
2324 2277 2743 2333 familiaritatis
2791 2285 3071 2350 perpetua
3102 2279 3432 2353 integritas,
3468 2280 3545 2336 sit

1887 2365 2266 2438 disponendis
2299 2367 2357 2421 in
2390 2366 2606 2437 palatio
2639 2370 2814 2423 rebus
2844 2368 3027 2424 libera
3057 2386 3290 2442 semper
3318 2370 3422 2426 tibi
3459 2371 3543 2427 f0.-

1887 2453 2096 2523 cultas,
2118 2455 2195 2510 sit
2218 2456 2276 2510 in
2296 2460 2417 2510 toto
2438 2456 2760 2528 Anglorum
2793 2458 3037 2529 imperio
3062 2459 3371 2529 judicandi
3393 2458 3546 2514 inter

1885 2541 2077 2596 virum
2109 2547 2166 2598 et
2195 2542 2528 2615 proximum
2553 2548 2681 2617 ejus
2707 2563 2943 2601 summa
2972 2551 3250 2617 potestas.
3273 2550 3459 2619 Atque
3481 2552 3545 2602 ut

1889 2631 2071 2685 animi
2102 2631 2216 2687 mei
2240 2632 2514 2687 affectum
2540 2634 2694 2689 circa
2713 2637 2767 2688 te
2788 2635 3088 2707 cognitum
3111 2634 3346 2703 habeas,
3374 2635 3542 2690 illum

1886 2718 1993 2771 tibi
2027 2717 2221 2774 locum
2252 2718 2313 2773 in
2344 2737 2460 2791 quo
2509 2725 2565 2775 te
2613 2721 2900 2793 genitum,
2933 2723 3270 2791 educatum,
3305 2739 3542 2779 conver-

1888 2811 2085 2862 satum
2118 2807 2334 2879 accepi,
2360 2810 2789 2880 perpetuojure
2823 2811 3241 2881 possidendum
3267 2812 3453 2878 trado,
3478 2815 3545 2866 ut

1889 2895 2281 2966 quodcunque
2330 2896 2400 2951 de
2448 2896 2546 2950 illo
2576 2897 2718 2952 velis
2748 2903 3027 2969 statuere,
3050 2898 3136 2954 tui
3186 2900 3413 2954 arbitrii
3466 2901 3545 2956 sit

1890 2983 2279 3038 considerare.
2314 2986 2476 3051 Quod
2510 2985 2557 3039 si
2612 2986 2669 3040 id
2702 2986 2861 3041 cordi
2896 2991 2997 3041 tuo
3046 2988 3419 3059 potissimum
3453 3005 3543 3043 se-

1891 3071 2065 3140 derit,
2088 3075 2153 3127 ut
2183 3072 2311 3143 ejus
2334 3073 2556 3128 ordinis
2582 3074 2758 3140 viros,
2783 3075 2954 3146 cujus
2976 3080 3039 3130 tu
3063 3075 3331 3131 habitum
3362 3077 3541 3149 geris,

1889 3159 2109 3216 ibidem
2143 3177 2459 3233 aggregare
2509 3161 2813 3234 placuerit,
2849 3164 3133 3236 quidquid
3168 3164 3252 3219 eis
3294 3165 3352 3219 in
3402 3183 3544 3237 qua-

114 3256 703 3313 ctantibusostendit.
722 3236 906 3327 Igitur
925 3272 1022 3310 rex
1040 3236 1781 3327 perdevexamontisfrena
1811 3236 1855 3303 (ἶ
1886 3265 2118 3321 cunque
2150 3266 2210 3304 re
2242 3249 2513 3317 defuerit,
2550 3267 2655 3322 ego
2687 3252 2759 3305 ob
2804 3252 3054 3323 gratiam
3091 3253 3173 3307 tui
3210 3254 3368 3325 regia
3396 3236 3546 3309 libe-

114 3344 333 3413 laxare,
366 3350 425 3401 et
454 3363 558 3418 per
587 3344 756 3400 devia
785 3362 1032 3416 quasque
1076 3344 1396 3416 fugientem
1430 3361 1664 3400 cervum
1697 3343 1780 3398 in-

116 3434 351 3491 sectari.
388 3434 733 3506 Fatigantur
763 3434 996 3505 utrique
1048 3449 1145 3488 rex
1196 3450 1299 3504 pro
1352 3449 1542 3499 cervo,
1576 3449 1779 3488 cervus

115 3541 217 3595 pro
247 3523 470 3596 seipse.
495 3522 667 3578 Omni
691 3522 928 3577 tandem
952 3520 1516 3594 fugiendiJibertate
1548 3525 1775 3593 negata,

116 3612 310 3669 bestia
340 3611 727 3684 precipitinm
752 3611 918 3683 petit,
939 3608 1077 3679 ruit,
1094 3627 1158 3665 ac
1181 3610 1237 3664 in
1274 3615 1470 3682 partes
1504 3609 1779 3664 minutis-

114 3700 297 3757 simas
325 3700 625 3756 conscissa
646 3700 891 3772 deperit.
918 3699 1305 3771 chuentium
1331 3715 1546 3754 canum
1570 3697 1781 3754 similis

112 3788 415 3856 interitus,
448 3788 725 3844 ultimum
758 3805 954 3861 regem
986 3789 1222 3861 sonipes
1259 3788 1506 3856 advexit,
1524 3788 1622 3859 qui
1658 3787 1781 3842 viso

116 3879 391 3934 cominus
438 3877 596 3951 quod
656 3894 772 3951 pra:
831 3893 893 3933 se
957 3876 1191 3933 fortuna
1242 3881 1493 3950 pararat,
1543 3874 1783 3931 retraxit

120 3963 709 4035 babenas,vectorem
747 3981 981 4037 quoque
1006 3966 1300 4022 reﬂectere
1320 3964 1507 4034 nisus,
1532 3981 1666 4021 cum
1689 3981 1783 4019 re-

122 4060 289 4126 pente
319 4054 513 4127 ruptis
544 4053 744 4123 frenis,
770 4059 829 4111 et
858 4055 931 4109 de
954 4071 1135 4109 manu
1158 4070 1331 4126 porro
1354 4052 1606 4125 rejectis,
1629 4052 1787 4108 volu-

122 4139 203 4195 cri
224 4158 405 4198 cursu
430 4157 720 4198 sessorem
745 4157 941 4214 regem
962 4158 1154 4213 equus
1175 4145 1455 4214 asportat.
1472 4141 1621 4207 Quid
1655 4140 1785 4214 plu-

123 4229 222 4285 ra?
245 4230 490 4287 omnino
511 4230 582 4286 de
604 4246 667 4286 se
687 4230 1072 4297 diffidens,de
1094 4229 1195 4284 Dei
1219 4246 1354 4284 vero
1386 4228 1788 4285 misericordia

127 4317 392 4375 nonnihil
425 4319 748 4387 confidens,
783 4317 1018 4375 caaleste
1050 4317 1333 4375 auxilium
1367 4316 1662 4389 implorat,
1683 4316 1790 4373 sic-

130 4422 239 4477 que
268 4407 604 4465 confitendo
653 4411 781 4463 orat
836 4423 849 4462 :
905 4406 1079 4474 Deus,
1116 4423 1213 4462 rex
1264 4406 1658 4478 omnipotens,
1687 4405 1787 4478 qui

133 4508 265 4551 cum
297 4497 383 4552 sis
412 4513 591 4568 super
621 4495 821 4552 omnia
849 4494 1136 4562 excelsus,
1170 4494 1419 4550 humilia
1446 4495 1709 4567 respicis,
1733 4498 1791 4551 et

1890 3337 2120 3391 ralitate
2152 3337 2437 3409 supplebo
2470 3340 2604 3409 (27).

1892 3462 2182 3520 Glasteniw
2211 3465 2605 3518 monasterium
2628 3465 2834 3520 celebre
2862 3465 3056 3521 reddit.
3083 3467 3354 3523 Dzrmonis
3374 3467 3549 3522 eludit

1962 3536 2270 3607 terriculas.
2311 3534 2368 3588 S.
2401 3534 2726 3607 Aizdrcwgse
2762 3539 3065 3591 committit.
3122 3538 3340 3607 Angelis
3376 3539 3542 3607 fami-

1962 3606 2141 3673 liaris,
2175 3605 2374 3676 Edgari
2396 3614 2593 3660 sortem
2623 3605 2802 3662 discit.
2835 3608 3087 3662 Absentia
3118 3605 3276 3662 videt.

1964 3703 2049 3759 19.
2077 3702 2262 3776 Igitur
2287 3702 2627 3759 Dunstanus
2660 3710 2898 3776 accepta
2929 3708 3215 3775 potestate
3246 3723 3425 3778 super
3457 3721 3541 3763 re-

1889 3792 2049 3865 giam
2072 3792 2437 3847 mansionem
2462 3808 2588 3864 qua:
2611 3791 3396 3865 Glastoniavocabatur,post
3412 3813 3550 3868 pau-

1891 3896 1991 3936 cos
2007 3879 2130 3936 dies
2152 3880 2510 3952 angustioris
2528 3879 2784 3936 ecclesize
2804 3881 3190 3938 fundamenta
3208 3883 3554 3953 jacere,ofﬁ-

1893 3969 2055 4025 cinas
2088 3968 2414 4024 secundum
2432 3968 2728 4041 exemplar
2744 3968 2883 4025 olim
2905 3970 3015 4025 sibi
3049 3975 3351 4027 ostensum
3384 3990 3552 4030 cons-

1893 4062 2109 4127 truere,
2132 4063 2189 4114 et
2226 4058 2656 4115 consummatis
2698 4060 2975 4115 omnibus
3016 4077 3299 4133 magnum
3340 4063 3558 4135 pariter

1895 4151 2070 4220 atque
2086 4146 2385 4221 egregium
2406 4148 2831 4204 monachorum
2852 4166 3062 4221 agmen
3096 4150 3314 4206 ibidem
3338 4152 3555 4208 coadu-

1896 4253 2033 4293 nare
2056 4254 2068 4292 :
2095 4236 2310 4309 quibus
2335 4236 2458 4308 ipse
2482 4237 2712 4310 primus
2736 4238 2918 4294 abbas
2941 4239 3203 4310 effectus,
3221 4240 3291 4294 ad
3327 4244 3553 4296 tantam

1895 4326 2309 4398 perfectionem
2322 4326 2345 4398 j
2357 4327 2568 4381 ustitize
2582 4344 2783 4383 omnes
2797 4326 3200 4383 cohabitantes
3218 4327 3553 4395 adduxit,ut

1898 4413 2065 4486 quasi
2085 4414 2209 4470 εαξΙὶ
2233 4413 2551 4470 luminaria
2572 4415 2641 4469 ad
2665 4415 3008 4487 effugandas
3026 4414 3206 4469 totius
3223 4415 3435 4471 erroris
3457 4434 3551 4474 ne-

1898 4504 2068 4561 bulas
2110 4508 2166 4559 et
2197 4508 2569 4575 peccatorum
2602 4504 2871 4559 tenebras
2892 4503 3243 4559 viderentur.
3280 4503 3443 4559 Tunc
3473 4504 3546 4560 ad

136 4586 253 4638 alia
273 4601 508 4657 semper
525 4584 751 4657 alonge
769 4584 1094 4656 cognoscis,
1110 4583 1309 4640 adesto
1332 4600 1487 4639 nunc
1506 4601 1621 4639 non
1646 4583 1787 4656 regi,
1820 4603 1868 4669 Ι)
1899 4610 2103 4650 omnes
2126 4593 2582 4664 circumquaque
2603 4592 2889 4648 Ecclesias
2914 4609 2980 4647 ex
3002 4591 3219 4647 eisdem
3242 4593 3549 4650 monachis

134 4671 235 4725 sed
257 4671 484 4729 homini
504 4674 729 4729 caeteris
752 4671 1100 4728 mortalibus
1118 4671 1502 4744 simili,inque
1519 4688 1793 4744 supremo

169 4889 179 4901 .
204 4822 319 4907 (24)
351 4825 572 4897 Nempe
605 4842 759 4881 anno
789 4824 915 4892 940,
951 4830 1097 4881 teste
1121 4825 1412 4882 Willelmo
1440 4825 1793 4881 Malmesbu-

137 4906 330 4952 1⁷18081.

238 4984 328 5067 25)
360 4985 625 5110 Edgarus
656 5002 753 5040 rex
800 4986 857 5039 in
891 4985 1151 5041 oratione
1184 5003 1357 5057 quam
1391 4986 1799 5071 adepiseopos

238 5053 424 5110 bulsse
490 5063 665 5110 nentur
681 5058 836 5110 apud
854 5057 1164 5110 Avlredum
1187 5064 1243 5110 et
1265 5058 1799 5110 llarnsteldnumnta

150 5048 424 5129 habuisse
448 5048 665 5129 dicitur
681 5058 836 5129 apud
854 5057 1164 5112 Avlredum
1187 5048 1243 5111 et
1265 5048 1803 5128 liarpst‘eldiumﬁta

154 5119 483 5248 loqpentem
516 5119 745 5184 inducit
775 5133 1000 5199 patrem
1034 5146 1208 5183 suum
1235 5119 1613 5183 Edmundum
1639 5119 1802 5182 :«Tu

154 5207 230 5246 m1
278 5196 315 5248 i.
341 5205 505 5248 pater
536 5199 855 5248 Dunstane-
881 5200 953 5248 de
976 5200 1386 5248 construendis
1410 5199 1802 5248 monasteriis.

152 5196 315 5269 mihi,
341 5205 505 5269 pater
534 5196 856 5267 Dunstane,
881 5200 953 5253 de
976 5200 1386 5254 construendis
1410 5199 1802 5253 monasteriis.

154 5261 223 5317 de
273 5261 534 5325 ecclesiis
591 5261 951 5325 mdiﬁcandis
998 5270 1309 5325 consilium
1359 5269 1593 5325 salubre
1644 5269 1805 5323 dedi-

157 5334 273 5416 sti}.
295 5342 355 5416 tu
387 5341 532 5395 mihi
564 5342 799 5414 adjutor
835 5342 895 5396 in
944 5342 1221 5396 omnibus
1250 5346 1308 5396 et
1338 5346 1678 5412 cooperator
1706 5357 1805 5395 ex-

157 5408 377 5479 stitisti,
402 5433 432 5461 »
463 5416 573 5467 etc.

376 5509 438 5564 Β.
463 5508 939 5596 brec‘interponit
962 5528 1032 5596 :nu
1055 5510 1235 5596 Erant
1268 5513 1461 5593 autem
1491 5509 1652 5596 apud.
1677 5508 1813 5596 geo-

165 5571 393 5650 derum,
426 5582 527 5636 ubi
586 5583 707 5637 haec
772 5571 922 5637 facta
979 5584 1210 5637 fuerant
1268 5579 1395 5645 viri,
1426 5571 1809 5648 venerabiles,

168 5648 328 5720 regni
375 5648 650 5711 Vvidelicet
703 5652 956 5711 Orientis
1014 5652 1229 5722 nuntii,
1287 5667 1421 5709 cum
1479 5668 1612 5728 rege
1671 5658 1811 5709 tunc

1902 4682 2206 4754 pontifices
2238 4680 2392 4752 eligi,
2418 4684 2555 4736 tunc
2588 4680 2829 4736 abbates
2861 4680 3104 4749 assumi,
3132 4685 3268 4735 tunc
3302 4681 3555 4754 denique

1907 4833 2297 4904 hospitantes,
2333 4848 2479 4901 quos
2512 4829 2606 4885 ille
2638 4831 2954 4904 quasijam
2988 4831 3190 4886 exsilio
3218 4833 3556 4903 deputatus,

1907 4903 2065 4959 aliud
2128 4903 2237 4957 sibi
2296 4903 2573 4975 ignorans
2617 4903 2950 4975 consilium,
2994 4920 3308 4975 aggressus
3357 4910 3466 4975 est,
3498 4905 3558 4959 id

1908 4921 2065 4959 aliud
2128 4921 2237 4957 sim
2296 4921 2573 4975 ignorans
2617 4921 2950 4969 consmum,
2994 4921 3308 5027 aggressus
3357 4921 3466 4975 est,
3498 4921 3558 4959 la

1908 4993 2104 5037 orans,
2139 4992 2212 5029 ne
2251 4991 2312 5027 se
2365 4973 2632 5027 relictum
2664 4991 2699 5028 a
2730 4991 2860 5043 rege
2909 4973 3019 5044 ipsi
3110 4981 3421 5041 esererent,
3458 4977 3559 5031 sed

1911 5063 2111 5102 secum
2134 5046 2205 5099 ad
2233 5044 2501 5169 patriam,
2519 5045 2785 5124 quamvis
2807 5046 2877 5099 ad
2903 5045 3245 5113 incolatum,
3290 5048 3563 5117 perduce-

1915 5123 2061 5169 rent:
2096 5119 2165 5169 At
2200 5117 2233 5169 il
2265 5116 2280 5168 i
2312 5116 2602 5169 IDCBStltlﬂ}
2634 5116 2820 5169 iusius
2853 5117 3295 5169 comnatientes.
3321 5136 3563 5169 suonon-

1915 5123 2061 5172 rents
2096 5119 2165 5171 At
2196 5116 2280 5189 illi
2312 5116 2602 5171 mcestitia:
2634 5116 3567 5189 ipsiusicompatientes,’spopon-

1916 5190 2126 5243 derunt
2157 5187 2207 5241 ei
2259 5204 2496 5259 qareque
2548 5188 2711 5259 regni
2758 5188 2848 5241 sui
2902 5187 3233 5258 commoda,
3267 5190 3315 5244 si
3355 5187 3566 5245 secum

1917 5260 2231 5315 comitatus
2262 5258 2467 5313 adiret.
2494 5280 2520 5307 ι)

1991 5349 2100 5417 (27)
2124 5346 2458 5421 Willelmus
2492 5346 2547 5399 in
2580 5345 2680 5421 lib.
2708 5365 2762 5421 ui
2780 5347 2858 5401 De
2890 5348 3145 5421 regibus,
3174 5365 3301 5420 cap.
3333 5352 3387 5421 7,
3422 5349 3568 5421 inte-

1920 5436 2089 5492 grum
2126 5418 2494 5492 privilegium
2529 5420 2705 5492 refert
2735 5420 2939 5473 datum
2960 5418 3125 5492 anno
3153 5418 3278 5487 ΟΜ,
3307 5443 3333 5467 ‹‹
3358 5419 3571 5475 litteris

1920 5489 2115 5616 fluuiis
2149 5489 2387 5617 idqtlibro
2414 5489 2859 5563 Evangeliorum
2893 5491 3242 5565 scriptum,»
3270 5508 3441 5563 quem
3473 5505 3573 5547 rex

1918 5579 2044 5636 ipse
2115 5579 2144 5617 e
2191 5579 2252 5618 ι.
