3912 6360
384 390 494 449 431

1364 391 1427 452 S.
1474 388 1948 453 DUNSTANUS
1992 385 2357 447 ARCHIEP.
2406 387 2797 448 CANTUAR.
3004 397 3037 409 “

3707 388 3835 448 432

384 525 744 580 diversorum
768 522 1092 578 ofﬁciorum
1116 522 1409 595 praepositi
1434 522 1664 577 institui
1691 537 1703 574 :
1728 525 2033 593 propterea
2060 520 2116 586 Α
2146 519 2529 591 Stupentibus
2581 520 2819 592 quidem
2871 520 3167 589 omnibus,
3201 525 3259 575 et
3289 522 3383 577 vix
3415 521 3600 601 ﬁdem
3636 520 3830 591 dictis

378 614 532 685 quod
558 615 754 667 essent
775 615 832 666 et
858 610 1158 682 religionis
1179 610 1384 665 merito
1415 608 1712 681 praecipui,
1736 614 1794 665 et
1816 608 2028 664 doctri-

370 719 459 756 nae
481 700 771 772 sapientia
794 698 1129 767 clarissimi,
1156 703 1211 754 et
1234 700 1305 754 ad
1330 696 1629 753 catholicae
1662 698 1797 753 ﬁdei
1831 698 2029 769 defen-

374 788 599 845 sionem
622 787 1093 861 praestantissimi
1118 788 1369 859 (28).Sed
1391 790 1567 843 tantae
1592 786 1889 860 religionis
1912 786 2029 860 spi-

374 878 523 934 ritus
556 877 838 933 dmmonis
872 876 1065 931 malus
1096 876 1434 948 impatiens,
1459 893 1575 948 quo
1598 880 1767 948 pacto
1787 876 1979 931 virum
2000 895 2033 931 a

377 970 536 1022 statu
560 965 931 1021 rectitudinis
953 965 1210 1037 dejiciat,
1238 965 1477 1037 quantis
1496 965 1648 1021 valet
1670 964 1901 1022 insidiis
1924 965 2032 1021 ela-

377 1055 756 1127 borat.Cujus
773 1053 960 1110 oculis
980 1052 1040 1108 in
1059 1053 1331 1111 cubiculo
1350 1055 1603 1127 quadam
1627 1057 1795 1109 nocte
1812 1053 2033 1110 orantis

380 1143 699 1199 immanem
719 1161 781 1199 se
802 1143 1009 1216 lupum
1032 1142 1269 1216 ingerit,
1285 1143 1617 1215 iterumque
1639 1147 1771 1215 post
1788 1142 2034 1216 paulum

379 1231 615 1305 vulpem
639 1231 1038 1287 blandientem
1060 1231 1360 1304 conﬁngit,
1377 1248 1553 1305 quam
1576 1230 1674 1287 ille
1705 1231 2033 1305 specierum

381 1320 723 1379 varietatem
757 1321 1099 1388 subridens;
1124 1321 1167 1376 Ο
1189 1324 1264 1389 te,
1290 1321 1500 1393 inquit,
1528 1338 1631 1393 per
1660 1321 1857 1377 omnia
1880 1321 2038 1377 simi-

384 1407 499 1464 lem
533 1408 669 1464 tibi!
709 1426 739 1463 o
773 1410 992 1465 formas
1036 1415 1146 1464 tua:
1181 1409 1393 1464 actioni
1430 1411 1751 1483 congruas!
1801 1411 1943 1465 dum
1976 1410 2034 1465 in

385 1497 565 1555 altero
588 1502 917 1566 cruentum,
942 1498 1002 1553 in
1034 1498 1213 1553 altero
1246 1504 1299 1554 te
1331 1500 1675 1571 comprobes
1707 1499 2039 1555 fraudulen-

384 1591 535 1652 tum.
560 1587 879 1659 Vadejam,
905 1586 1161 1654 inimice,
1188 1588 1465 1659 quoniam
1491 1588 1548 1642 in
1572 1589 1700 1659 ejus
1724 1588 1959 1642 nomine
1982 1593 2038 1644 te

389 1677 619 1731 vineam
654 1676 711 1730 in
746 1675 883 1748 lupo
914 1680 967 1731 et
998 1675 1187 1749 vulpe,
1214 1676 1313 1748 qui
1346 1682 1399 1731 te
1433 1677 1489 1731 in
1521 1676 1686 1733 leone
1712 1681 1768 1732 et
1788 1677 2039 1733 dracone

388 1764 703 1836 superavit.
728 1764 983 1821 Cernens
1006 1769 1201 1820 autem
1227 1783 1288 1821 se
1312 1782 1588 1839 magnam
1611 1784 1644 1821 a
1675 1765 2039 1835 daemonibus

388 1853 668 1909 invidiam
700 1852 841 1925 pati,
866 1869 971 1909 nec
995 1854 1119 1909 suis
1141 1858 1243 1911 aut
1264 1854 1519 1911 ﬁliorum
1552 1872 1795 1913 suorum
1817 1856 2042 1915 viribus
2070 1891 2121 1958 Β

390 1943 533 1999 satis
575 1943 895 2011 conﬁdens,
938 1942 1210 1999 adhibuit
1243 1944 1375 1999 vitae
1414 1961 1533 2001 suae
1571 1949 1886 2018 patronum
1923 1947 2039 2001 An-

392 2032 591 2089 dream
645 2031 998 2104 apostolum,
1040 2036 1105 2088 ut
1151 2037 1307 2089 esset
1352 2033 1507 2090 ﬁdus
1556 2033 1844 2108 interpres
1884 2034 2040 2107 apud

391 2121 598 2190 Deum,
623 2121 900 2176 assiduus
932 2120 991 2176 in
1030 2125 1187 2178 terra
1215 2139 1431 2193 comes,
1468 2126 1644 2196 atque
1674 2121 1733 2195 in
1765 2122 2040 2193 omnibus

392 2210 573 2283 hujus
604 2208 810 2265 mundi
839 2208 1177 2266 turbinibus
1222 2216 1421 2269 custos
1462 2212 1828 2273 indeﬁciens.
1854 2213 2043 2287 lidius

393 2298 518 2373 ipse
550 2299 790 2355 assidua
821 2298 1177 2370 protectionc
1198 2301 1367 2372 quasi
1390 2317 1558 2357 muro
1589 2298 1859 2372 vallatus,
1883 2319 2045 2369 Secu-

393 2405 494 2443 rus
524 2387 678 2443 infra
708 2385 914 2442 cellam
936 2387 1147 2460 agebat
1174 2392 1424 2459 aetatem,
1449 2388 1675 2448 excelsa
1696 2395 1890 2457 mente
1912 2392 2042 2449 uni-

392 2494 559 2533 versa
590 2475 797 2533 mundi
826 2476 1269 2546 transcendens,
1294 2482 1351 2534 et
1381 2477 1439 2533 in
1482 2496 1681 2536 amore
1721 2476 2044 2553 divinitatis

388 2565 519 2640 jugi
552 2566 934 2622 meditatione
965 2565 1530 2637 requiescens.Unde
1562 2567 1929 2639 suavissimis
1955 2588 2049 2626 su-

398 2672 713 2728 pernorum
759 2654 1078 2727 spirituum
1127 2653 1511 2713 concentibus
1568 2674 1719 2730 saepe
1765 2658 2048 2721 interesse

399 2743 742 2817 promeruit,
767 2744 983 2800 bonam
1024 2744 1234 2799 futura;
1266 2744 1551 2802 mercedis
1581 2764 1747 2820 spem
1787 2747 1905 2804 Deo
1943 2748 2047 2805 tri-

400 2835 643 2903 buente;
671 2837 735 2889 ut
755 2831 855 2905 qui
878 2832 1220 2907 angelorum
1243 2834 1740 2891 conversationem
1760 2838 1969 2910 agebat
1987 2837 2048 2911 in

399 2929 576 2992 terra,
598 2923 835 2979 illorum
858 2922 1197 2978 societatem
1221 2928 1563 2995 agnosceret
1594 2924 1653 2979 in
1685 2925 1848 2982 ccelo.
1874 2927 2051 3003 Deni-

402 3029 513 3084 que
538 3029 673 3066 cum
695 3012 931 3083 praefato
954 3011 1073 3082 regi
1111 3010 1457 3067 Eadmundo
1492 3012 1649 3069 ﬁlius
1688 3020 2046 3087 nasceretur,

400 3100 636 3155 nomine
655 3101 941 3172 Edgarus,
962 3116 1107 3171 puer
1126 3099 1395 3155 videlicet
1417 3102 1580 3172 pacis
1602 3119 1669 3157 ac
1682 3103 1928 3174 justitia}
1955 3105 2051 3162 ba-

388 3188 557 3261 julus
590 3190 847 3257 futurus,
872 3187 1095 3243 audivit
1136 3187 1290 3243 idem
1322 3189 1531 3245 beatus
1579 3191 1779 3247 beatos
1812 3192 1870 3249 in
1901 3193 2045 3251 εωΙο

2138 607 2572 677 exhibentibus,
2604 608 2819 666 velocis
2868 610 3125 666 cursoris
3175 611 3287 684 (30)
3338 611 3727 681 testimonio,
3775 614 3831 671 et

2140 713 2299 753 mors
2329 701 2387 754 et
2416 700 2621 754 mortis
2653 699 2796 759 hora
2828 701 3155 757 secundum
3180 698 3287 755 viri
3320 700 3826 773 testiﬁcationern

2138 802 2275 841 vera
2308 787 2610 859 probatur.
3816 776 3824 785 ’

2226 885 2383 956 Regis
2411 893 2638 942 mortem
2663 889 2972 958 pramoscit,
2995 890 3160 1013 f'zttjus
3185 905 3378 961 corpus
3413 890 3740 954 Clastoniar

2868 975 2992 1013 sene
3020 977 3034 1013 ι
3066 1001 3078 1013 .

2868 966 3078 1031 sepelit.

2210 1045 2301 1099 21.
2337 1045 2658 1118 Regressus
2700 1050 2896 1102 autem
2928 1065 2962 1103 a
2990 1047 3115 1108 loco
3160 1052 3226 1104 ut
3270 1064 3466 1123 regem
3520 1048 3823 1123 loquendi

2143 1133 2255 1189 sibi
2289 1134 2741 1206 cupidissimum
2775 1136 2981 1205 adiret,
3005 1136 3305 1197 diabolum
3335 1156 3557 1195 scurrae
3580 1139 3826 1197 similli-

2144 1240 2309 1278 mum
2332 1240 2528 1279 coram
2551 1225 2955 1296 equitantibus
2977 1228 3359 1299 deprehendit
3381 1229 3744 1297 saltantem,
3771 1235 3825 1301 et

2145 1312 2312 1384 quasi
2337 1313 2407 1368 de
2430 1313 2625 1369 futuro
2649 1313 2845 1387 aliquo
2867 1314 3031 1371 lucro
3051 1315 3400 1389 gloriantem
3428 1334 3441 1372 :
3467 1319 3652 1391 cujus
3678 1336 3824 1399 pra:-

2145 1401 2397 1457 sentiam
2430 1402 2572 1457 dum
2606 1404 2895 1459 coessenti
2925 1405 3139 1478 populo
3172 1406 3281 1478 (31)
3314 1406 3673 1478 indicasset,
3710 1409 3822 1464 for-

2146 1506 2421 1561 mamque
2445 1492 2708 1547 omnium
2734 1494 3144 1565 conspectibus
3166 1495 3508 1557 horribilem
3534 1515 3605 1553 ex
3628 1498 3718 1555 im
3726 1516 3821 1569 pe-

2147 1576 2233 1632 rio
2283 1579 2658 1650 denudasset,
2706 1582 3027 1652 requisitas
3079 1589 3280 1656 postea
3327 1572 3469 1657 quid
3531 1586 3818 1658 eiusdem

2148 1666 2395 1721 monstri
2428 1670 2547 1722 tam
2581 1667 2854 1739 petulans
2886 1667 3085 1724 laetitia
3105 1672 3497 1742 portenderet,
3525 1672 3629 1728 illo
3658 1691 3818 1729 mor-

2148 1758 2264 1810 tem
2298 1754 2453 1827 regis
2486 1756 2767 1829 regnique
2790 1758 3177 1815 mutationem
3210 1758 3539 1831 proximam
3560 1778 3704 1833 esse
3728 1763 3820 1817 de-

2149 1841 2514 1899 nuntiat.Cui
2539 1860 2673 1900 mox
2691 1845 3009 1916 prophetia
3031 1863 3226 1903 rerum
3242 1848 3457 1913 veritas
3477 1832 3820 1909 contestata

2148 1930 2470 2013 respondit.
2488 1931 2760 1991 Nondum
2782 1934 2938 1993 enim
2962 1933 3049 1990 sol
3072 1936 3285 2015 septies
3304 1936 3459 1993 diem
3482 1928 3815 2015 cmaverat,

2150 2023 2208 2075 et
2230 2032 2330 2075 rex
2345 2017 2596 2087 occiditu
2607 2024 2717 2090 r,et
2736 2037 2983 2101 regnum
3008 2027 3293 2081 mutatur.
3307 2025 3388 2081 Ex
3409 2042 3530 2105 quo
3551 2028 3710 2083 satis
3732 2030 3821 2099 est

2151 2109 2468 2189 advertere,
2489 2114 2709 2182 quanta
2736 2109 2918 2182 hujus
2937 2112 3044 2169 viri
3079 2117 3279 2183 pectus
3304 2115 3495 2187 gratia
3516 2115 3625 2172 Dei
3650 2134 3819 2191 rege-

2152 2198 2272 2267 bat,
2297 2196 2398 2269 qui
2428 2196 2785 2255 invisibilem
2807 2198 3038 2260 hostem
3066 2205 3185 2258 tam
3210 2200 3377 2257 facile
3399 2202 3816 2277 deprehende-

2154 2301 2234 2354 re,
2267 2291 2325 2342 et
2353 2287 2482 2360 ejus
2529 2286 2853 2361 praestigias
2884 2292 3006 2357 tam
3051 2289 3332 2351 veraciter
3376 2297 3579 2365 posset
3619 2293 3817 2363 donu-

2154 2375 2313 2445 dare.
2336 2375 2656 2432 Translata:
2690 2366 2886 2433 autem
2918 2383 3058 2436 sunt
3082 2379 3369 2451 exsequias
3400 2382 3558 2455 regis
3581 2383 3813 2441 Glesto-

2155 2465 2335 2533 niam,
2371 2464 2570 2541 ibique
2602 2482 2637 2533 a
2669 2466 2838 2523 beato
2869 2466 3171 2525 Dunstano
3211 2468 3321 2525 sub
3353 2487 3573 2544 magna
3601 2470 3814 2546 lugen-

2156 2553 2232 2610 tis
2264 2552 2465 2627 pOpuli
2498 2554 2826 2628 frequentia
2854 2560 3017 2613 terra:
3048 2558 3491 2631 commendata,

2639 2652 2846 2710 Edredo
2873 2657 2991 2727 ναοί
3017 2654 3217 2713 Charus
3243 2658 3322 2728 ﬁt.

2226 2744 2318 2797 22.
2353 2742 2650 2807 Successit
2691 2742 2751 2797 in
2802 2759 3050 2816 regnum
3091 2745 3225 2816 jure
3273 2746 3473 2813 fratris
3520 2748 3814 2821 Edredus,

2158 2830 2428 2904 egregius
2447 2831 2553 2898 vir,
2571 2830 2748 2889 homo
2778 2831 2967 2889 cultor
2980 2833 3229 2907 justitia:
3252 2852 3318 2892 ac
3339 2834 3600 2911 pietatis,
3627 2838 3817 2901 Deum

2157 2918 2324 2991 valde
2355 2919 2625 2994 diligens,
2659 2925 2717 2979 et
2763 2921 2886 2993 ipse
2917 2939 2951 2977 a
2980 2922 3096 2979 Deo
3146 2922 3401 2983 multum
3436 2924 3718 2997 dilectus,
3753 2946 3816 2993 ac

2158 3025 2262 3083 per
2289 3008 2399 3065 hoc
2428 3014 2672 3081 paterno
2703 3010 2940 3075 verbere
2984 3012 3151 3084 quasi
3195 3013 3384 3073 bonus
3416 3014 3578 3083 ﬁlius
3609 3018 3816 3077 crebro

2159 3098 2230 3153 ab
2263 3097 2361 3153 illo
2394 3097 2742 3171 ﬁagellatus.
2781 3100 2843 3155 In
2888 3100 3069 3174 hujus
3111 3107 3427 3175 conspectu
3459 3105 3816 3171 venerabilis

2157 3190 2323 3258 pater
2350 3186 2693 3244 Dunstanus
2723 3189 2865 3244 adeo
2896 3193 3020 3245 erat
3048 3191 3359 3263 pretiosus,
3384 3199 3450 3249 ut
3478 3210 3619 3255 eum
3650 3195 3814 3259 omni

397 3277 637 3350 angelos
685 3277 1070 3349 gratulantes,
1104 3281 1162 3332 et
1205 3294 1340 3332 cum
1391 3295 1605 3351 magna
1653 3280 2045 3353 gratulatione
2074 3261 2117 3327 (ἶ
2156 3275 2353 3347 generi
2370 3275 2629 3334 humano
2646 3278 2962 3349 Pl‘wfel‘l‘et,
2978 3261 3302 3353 ρι’ἷῐιοίρθω
3321 3286 3813 3347 testamentorum

395 3366 711 3439 psallentes
742 3367 855 3437 (20)
880 3383 891 3419 :
918 3366 1005 3421 Sit
1027 3383 1159 3439 pax,
1186 3366 1263 3421 sit
1284 3383 1499 3440 magna
1517 3368 1838 3441 Anglorum
1860 3371 2050 3429 Eccle-

394 3457 492 3513 siae
524 3456 744 3521 laetitia,
769 3455 1031 3527 quandiu
1052 3472 1199 3527 puer
1220 3461 1394 3511 natus
1417 3473 1663 3530 regnum
1692 3460 1965 3530 tenuerit,
1989 3466 2048 3517 et

392 3550 591 3601 noster
620 3545 961 3601 Dunstanus
993 3544 1261 3600 mortalis
1290 3544 1418 3600 vita:
1457 3551 1644 3603 metas
1676 3551 2042 3623 transegerit.

393 3636 555 3702 Quod
586 3634 810 3689 dictum
844 3638 1067 3705 quanta
1095 3632 1175 3690 sit
1207 3650 1403 3689 rerum
1424 3634 1666 3691 veritate
1700 3637 2044 3712 subnixum,

393 3732 691 3798 cengruus
702 3724 842 3779 ordo
856 3723 1161 3796 prazsentis
1173 3723 1443 3780 lectionis
1460 3723 1631 3781 faciet
1643 3727 2044 3786 manifestum.

461 3816 552 3869 20.
583 3814 663 3868 Ea
692 3813 869 3868 etiam
901 3816 1248 3885 tempestate
1287 3812 1375 3868 vir
1415 3813 1515 3869 Dei
1557 3816 1829 3886 precibus
1867 3818 2045 3891 regiis

394 3902 719 3969 devinctus,
738 3900 1088 3957 Bathensem
1104 3899 1423 3957 Ecclesiam
1443 3901 1659 3959 divinis
1682 3903 1941 3963 cultibus
1963 3907 2045 3962 in-

393 3990 752 4047 stituendam
779 3988 1026 4045 invisere
1056 3988 1247 4062 pergit
1271 4005 1283 4043 :
1310 3989 1410 4045 ubi
1434 3991 1575 4047 dum
1599 3991 1752 4049 facta
1781 3994 2043 4051 refectio.

394 4094 468 4135 ne
513 4077 815 4135 solitarius
863 4082 1072 4147 oraret,
1106 4083 1341 4149 repente
1388 4078 1460 4134 ad
1512 4096 1767 4153 superna
1814 4088 2039 4157 raptus,

395 4168 704 4240 cujusdam
737 4165 1010 4239 discipuli
1042 4165 1314 4223 nobiliter
1344 4183 1377 4223 a
1406 4184 1467 4224 se
1494 4168 1649 4241 apud
1681 4168 2040 4237 Glestoniam

392 4256 621 4314 educati
655 4256 914 4312 animam
958 4255 1269 4312 innumera
1320 4254 1661 4329 angelorum
1716 4259 2043 4333 frequentia

392 4346 528 4403 hinc
560 4346 694 4402 inde
716 4345 1014 4418 stipatam,
1040 4350 1215 4417 atque
1239 4344 1512 4402 immensi
1544 4344 1788 4406 luminis
1819 4350 2040 4424 fulgore

388 4435 707 4506 perfusam,
733 4434 803 4490 ad
838 4433 965 4489 coeli
989 4432 1272 4506 palatium
1300 4434 1536 4507 provehi
1559 4437 1861 4509 conspicit.
1890 4440 2041 4498 Mox-

388 4540 499 4596 que
534 4526 590 4579 in
640 4541 853 4579 manus
886 4523 1092 4578 divinas
1127 4523 1362 4595 pietatis
1414 4541 1544 4580 eam
1593 4530 2036 4602 commendans,

2155 3366 2267 3438 (32)
2292 3369 2591 3433 statueret,
2618 3365 2928 3424 thesauros
2959 3368 3009 3424 ei
3043 3368 3353 3441 delegaret,
3380 3371 3671 3439 animam,
3693 3391 3812 3439 cor

2156 3471 2289 3526 pus,
2313 3458 2370 3509 et
2398 3471 2643 3526 regnum
2672 3455 3090 3525 committeret;
3118 3476 3222 3515 nec
3248 3459 3565 3532 quisquam
3597 3446 3658 3526 in
3687 3467 3810 3529 toto

2156 3559 2334 3623 regno
2364 3543 2687 3617 Anglorum
2710 3549 2884 3613 esset,
2900 3546 3000 3619 qui
3022 3546 3245 3619 absque
3264 3549 3393 3619 ejus
3421 3549 3673 3625 imperio
3692 3568 3812 3623 ma-

2156 3649 2299 3688 num
2330 3631 2416 3688 vel
2450 3633 2655 3704 pedem
2682 3638 2959 3691 moveret.
2980 3634 3230 3693 Proinde
3258 3637 3605 3695 Dunstanus
3636 3640 3809 3712 quasi

2156 3738 2254 3777 rex
2292 3725 2349 3777 et
2374 3714 2551 3795 ‘regis
2582 3721 2899 3794 imperator
2929 3723 3190 3793 effectus,
3220 3725 3444 3798 virgam
3489 3729 3805 3800 mquitatis,

2153 3809 2378 3883 virgam
2412 3810 2574 3883 regni
2605 3810 2708 3867 Dei
2740 3828 2843 3885 per
2863 3828 3067 3869 omnes
3095 3813 3414 3887 Anglorum
3439 3806 3589 3874 ﬁnes
3618 3823 3809 3876 exten~

2156 3898 2309 3967 dere,
2332 3897 2610 3963 ecclesias
2629 3916 2778 3973 quas
2799 3906 2902 3959 aut
2918 3900 3045 3974 ipse
3065 3902 3429 3976 fundaverat,
3452 3909 3555 3965 aut
3576 3906 3650 3967 ab
3673 3906 3806 3965 aliis

2155 3987 2430 4053 fundatas
2455 3992 2684 4062 egestas
2706 3996 3096 4063 oppresserat,
3120 3984 3334 4065 amplis
3365 3982 3805 4065 hereditatibus

2152 4092 2482 4153 munerare,
2507 4090 2748 4152 prorsus
2769 4096 3046 4153 magnam
3071 4080 3301 4154 populis
3331 4081 3593 4152 laetitiam
3615 4085 3674 4142 in
3697 4102 3805 4155 sua

2150 4167 2413 4243 potentia
2443 4167 2651 4236 facere,
2678 4168 2819 4225 dum
2853 4185 2965 4240 pax
2995 4175 3052 4226 et
3073 4169 3307 4242 justitia
3338 4171 3396 4227 in
3428 4177 3666 4241 mutuos
3686 4192 3803 4245 am-

2153 4252 2358 4329 plexus
2389 4259 2808 4325 converterent,
2833 4262 2890 4319 et
2920 4257 3224 4333 osculandi
3264 4276 3482 4317 munus
3514 4278 3618 4333 pro
3650 4262 3800 4337 invio

2152 4360 2276 4405 cem
2315 4342 2584 4402 libarent.
2846 4342 2847 4345 “

2294 4441 2478 4513 Elfego
2507 4450 2720 4499 mortuo
2757 4442 2937 4499 sedem
2973 4444 3394 4502 Wintoniemem
3422 4456 3654 4505 recusat.

2216 4530 2309 4585 23.
2343 4529 2495 4585 Dum
2546 4529 2665 4585 haec
2714 4530 2796 4587 ita
2842 4538 3153 4605 geruntur,
3199 4534 3435 4608 Elfegus
3484 4538 3595 4609 (33)
3642 4540 3797 4611 apud

388 4614 659 4669 dominos
687 4630 919 4685 quoque
947 4612 1056 4668 loci
1100 4613 1172 4668 ad
1223 4615 1759 4671 commendandum
1811 4618 2035 4675 invitat.
2068 4632 2116 4698 ι)
2151 4634 2325 4691 quem
2362 4616 2527 4674 illum
2561 4618 2700 4675 olim
2732 4627 3140 4678 conversatum
3172 4622 3356 4679 fuisse
3398 4625 3796 4698 praediximus,

460 4731 568 4800 (2R)
594 4729 737 4783 lluio
770 4728 894 4783 loco
916 4732 1078 4800 aptat
1100 4728 1381 4785 Osbertus
1414 4734 1747 4801 portentum
1780 4733 1850 4788 de
1874 4751 2038 4791 cereo

391 4799 743 4870 illuminato,
778 4799 968 4870 su’pra'
988 4817 1150 4855 num.
1186 4801 1217 4853 4
1250 4805 1312 4855 ut
1347 4822 1374 4849 α
1408 4799 1559 4857 sicut
1601 4820 1669 4857 ex
1708 4820 1872 4859 ceree
1913 4824 2037 4862 ma-

389 4869 501 4922 tris
528 4870 816 4923 Dimstani
848 4869 1005 4923 totus
1028 4871 1281 4925 ecclesias
1306 4879 1625 4929 conventus
1649 4874 1845 4930 lumen
1869 4878 2042 4932 amis-

389 4956 521 5015 sum
557 4940 921 5015 recuperavit
954 4956 965 4995 :
1002 4941 1082 4996 ita
1113 4959 1181 4995 ex
1213 4942 1321 4997 hoc
1353 4942 1499 5015 loco,
1534 4944 1722 5015 ipsius
1752 4946 2039 5004 Dunstani

390 5011 733 5089 doctrinaet
754 5009 1025 5089 instituto
1048 5028 1252 5067 omnes
1272 5009 1789 5089 ecclesias'Angliaz
1811 5025 2040 5077 constat

387 5097 531 5136 verre
563 5079 863 5151 religionis
896 5080 1095 5137 lumen
1127 5085 1476 5155 sumpsisse.
1506 5108 1533 5136 ››

457 5178 578 5303 (292g
600 5178 728 5231 Haec
781 5178 934 5247 apud
968 5179 1305 5236 Willelmun
1347 5182 1406 5237 in
1448 5182 1550 5237 lib.
1585 5201 1625 5239 ιι
1658 5186 1738 5241 De
1770 5188 2032 5261 regibus,

459 5266 511 5303 n.
587 5290 597 5302 .

384 5265 511 5319 cap.
545 5265 597 5303 δ.

453 5336 661 5415 (30)
697 5334 778 5388 ait
809 5335 1129 5415 (leolwium
1182 5341 1579 5413 prmpositum,
1610 5344 1713 5415 qui
1764 5363 1856 5402 res
1908 5366 2031 5406 mo-

368 5406 632 5487 nasterii.
653 5421 789 5459 cum
824 5406 1128 5465 Dunstano
1161 5406 1518 5467 tractaturus
1552 5406 1882 5487 advenerat,
1907 5438 2029 5476 rem

364 5477 811 5549 comprobasse.

443 5575 557 5647 (3t)_
606 5574 667 5627 B.
725 5588 909 5647 unum
960 5582 1247 5633 memorat
1304 5577 1679 5647 zElfstanum,
1735 5581 2023 5642 Dunstani

2148 4735 2390 4803 videret,
2406 4738 2607 4791 orante
2625 4735 2927 4792 Dunstano
2944 4754 3178 4794 cernere
3195 4740 3495 4794 meruerit.
3512 4740 3803 4801 Eadmun-

2150 4805 2209 4887 di
2232 4806 2386 4887 regis
2410 4807 2597 4886 cmdes
2623 4807 2789 4887 a-ccid
2794 4807 2837 4862 it
2856 4826 3009 4887 anno
3026 4809 3209 4887 a_
3229 4810 3566 4887 latrunculo
3591 4829 3797 4887 perpe-

2148 4882 2319 4963 trata,
2365 4878 2619 4963 nomine
2646 4879 3381 4963 lieofhapudﬁ‘t’illelmu‘m
3415 4882 3474 4963 in
3508 4878 3611 4936 lib'.
3646 4878 3797 4963 ιε’ρο

2149 4950 2407 5021 regibus,
2433 4965 2562 5019 cap.
2584 4952 2639 5003 7.
2663 4950 2784 5005 Sub
2815 4950 2969 5031 idem
3000 4955 3252 5033 tempus,
3278 4952 3335 5007 id
3366 4958 3457 5035 est
3485 4970 3640 5009 anno
3668 4956 3792 5024 948,

2146 5019 2490 5101 Dunstanus
2520 5020 2703 5101 abbas
2734 5022 3054 5101 subscribit
3084 5024 3389 5094 diplomati
3418 5042 3523 5096 pro
3553 5025 3793 5083 Crulan-

2146 5090 2428 5148 densibus
2458 5092 2616 5163 apud
2649 5092 2967 5163 Ingulfum.

2216 5164 2327 5235 (32)
2352 5164 2413 5218 B.
2449 5179 2572 5217 rem
2606 5164 2888 5240 eaplicat:
2918 5164 3277 5240 «Commisit
3314 5165 3399 5223 illi
3437 5184 3538 5240 rex
3575 5169 3794 5240 optima

2146 5233 2392 5309 quisque
2423 5233 2938 5309 suppellectilium,
2959 5252 3139 5307 quam
3172 5237 3367 5309 plures
3387 5233 3791 5297 scilicet-rura-

2143 5305 2228 5385 les
2258 5305 2578 5372 chartulas,
2603 5306 2778 5362 etiam
2809 5305 3029 5385 veteres
3061 5305 3790 5385 praecedentiumregnum

2141 5377 2475 5444 thesauros,
2509 5394 2735 5454 necnon
2784 5383 2840 5454 et
2881 5377 3140 5454 diversas
3187 5377 3791 5454 propriazadeptionis

2141 5466 2259 5505 sua:
2291 5465 2463 5520 gazas
2493 5448 2605 5503 sub
2650 5450 2979 5507 munimine
3011 5448 3353 5519 monasterii
3408 5452 3501 5515 sui
3547 5448 3793 5512 fideliter

2138 5519 2614 5577 custodiendum.
2647 5542 2673 5570 ››
3454 5527 3461 5532 ’

2229 5591 2372 5671 33)·ε(
2411 5589 2637 5671 βειιὴθι.
2676 5633 2700 5671 ._
2729 5634 2792 5671 ._‘.
2825 5591 3280 5671 C_h_rydi0_nensis
3328 5593 3606 5671 Ecclesia:
3658 5615 3791 5671 pra:-

361 5641 592 5728 itincris
626 5642 924 5713 comitem,
951 5650 1050 5718 qni
1083 5666 1217 5705 cum
1247 5649 1529 5705 daemonis
1559 5641 1876 5726 prestigias
1908 5641 2022 5715 non
2134 5641 2704 5736 sul-xtv’diciturﬂapud
2738 5663 2801 5719 B.
2826 5641 3288 5721 Widtoniensem
3322 5641 3506 5724 fuisse
3537 5641 3793 5742 pate't‘efx
