3912 6376
144 435 262 498 437

1745 436 1929 504 νιΤΑ
1942 482 1956 502 .

3440 450 3562 518 438

49 590 58 599 ’
142 567 356 625 mulier
375 571 486 642 (39)
519 570 759 642 exaltat;
784 575 955 630 ambo
980 574 1251 631 exsilium
1285 575 1585 631 Dunstano
1608 575 1791 630 inten-
1817 572 1875 642 Α
1903 593 2006 634 sus
2037 578 2287 653 impium
2338 600 2532 655 regem
2565 586 2859 643 Edwium.
2893 586 3000 654 Qui
3034 604 3257 657 omnes,
3293 589 3460 660 quasi
3496 587 3555 643 in

138 660 370 714 tant.Et
393 661 579 731 primo
611 662 868 734 quidem,
898 669 1136 736 urgente
1160 665 1312 737 regis
1340 665 1552 731 edicto,
1584 681 1789 720 omnes

136 749 472 803 monasticze
505 749 803 823 religionis
825 752 1079 807 ecclesiae
1102 752 1227 808 suis
1258 754 1433 808 rebus
1466 753 1791 825 spoliaban-

132 840 248 903 tur,
283 842 366 901 ut,
402 854 529 909 quae
577 840 879 911 przecipuaa
931 858 1162 913 semper
1207 842 1329 896 viro
1360 842 1521 898 fuere
1553 843 1784 910 lzetitiaz,

130 940 285 980 nunc
323 925 511 981 eidem
544 944 720 998 quam
763 930 1017 983 maxime
1052 930 1255 985 fierent
1284 930 1536 985 mmrori.
1568 931 1787 987 Deinde

126 1029 260 1068 cum
285 1019 521 1069 ventum
556 1015 761 1069 fuisset
783 1016 1170 1085 Glastoniam,
1195 1022 1251 1073 et
1274 1019 1582 1090 descriptis
1603 1019 1786 1074 omni-
1817 1063 1821 1066 ι

126 1101 238 1155 bus
261 1102 383 1174 ipse
416 1102 780 1175 proscriptus
814 1104 1040 1172 fuisset,
1076 1106 1230 1161 inter
1259 1105 1547 1179 lacrymas
1582 1125 1782 1162 mona-

125 1188 369 1247 chorum
402 1193 531 1262 ejus
563 1208 742 1248 manu
803 1194 1183 1262 nutritorum,
1220 1195 1372 1250 inter
1401 1195 1660 1251 lamenta
1687 1213 1781 1251 vc-

125 1278 414 1335 nientium
446 1282 518 1335 ad
551 1298 613 1336 se
642 1298 709 1336 ex
741 1283 1017 1339 omnibus
1067 1283 1209 1339 locis
1254 1283 1598 1351 amicorum,
1631 1284 1784 1340 inter

123 1367 377 1439 gemitus
399 1372 1049 1441 pauperum,consuetis
1073 1372 1380 1443 stipendiis
1397 1387 1500 1443 per
1516 1372 1779 1445 singulos

123 1455 251 1511 dies
264 1457 336 1512 ab
359 1457 460 1513 illo
482 1463 875 1514 recreatorum
888 1460 1108 1525 ,audita
1126 1460 1284 1516 estin
1299 1461 1660 1533 atriotempli
1674 1479 1780 1516 vox

120 1544 458 1615 plaudentis
479 1547 891 1619 diaboli,quasi
914 1566 1018 1604 vox
1033 1549 1361 1619 juvenculae
1384 1549 1777 1622 acriteratque

120 1631 348 1689 minute
407 1634 838 1692 cachinnantis.
872 1638 1056 1701 Quem
1089 1641 1329 1693 sanctus
1361 1654 1559 1693 severa
1589 1638 1777 1693 fronte

116 1721 472 1794 suspiciens,
494 1723 671 1790 Nihil,
705 1723 804 1791 ait,
841 1742 1019 1796 super
1047 1724 1249 1780 exsilio
1281 1741 1409 1780 meo
1440 1726 1771 1798 gratularis,

113 1809 396 1880 quoniam
430 1810 563 1883 plus
594 1816 684 1867 est
722 1813 876 1884 quod
910 1829 1003 1867 me
1033 1813 1311 1868 redeunte
1343 1812 1560 1881 doleas,
1594 1831 1771 1887 quam

1901 683 2088 723 unum
2122 669 2418 727 hominem
2454 674 2866 743 translati,non
2890 677 3062 731 modo
3085 694 3331 747 regnum
3368 677 3555 748 ipsius

1898 756 2168 827 abjicere,
2188 777 2389 816 verum
2420 763 2594 817 etiam
2627 763 2823 836 ipsum
2856 783 3032 838 regno
3060 765 3345 837 expellere
3367 765 3554 820 moliti

1897 850 2057 915 sunt,
2092 852 2396 921 propterea
2425 852 2579 923 quod
2612 853 2670 907 in
2712 853 3027 909 commisso
3078 854 3361 926 regimine
3412 854 3552 907 insi-

1897 934 2124 1006 pienter
2153 937 2390 1009 egisset,
2426 940 2721 1011 sapientes
2749 943 3128 1015 disperderet,
3154 944 3390 1015 ignaros
3412 941 3549 997 boni

1896 1023 2020 1078 suis
2042 1025 2305 1082 consiliis
2337 1028 2958 1102 adscisceret,prorsus
2989 1031 3232 1086 libidine
3264 1035 3437 1103 atque
3464 1050 3549 1086 ar-

1894 1114 2163 1184 rogantia
2212 1132 2467 1187 praeceps
2525 1117 2730 1173 abiret.
2767 1120 2957 1175 Coacti
2993 1120 3189 1190 itaque
3220 1119 3279 1174 in
3312 1121 3547 1174 turbam

1892 1216 2088 1272 regem
2120 1219 2252 1257 cum
2288 1204 2550 1261 adultera
2582 1206 3006 1279 fugitalentem,
3043 1212 3215 1279 atque
3269 1209 3327 1263 in
3373 1207 3547 1263 inviis

1891 1305 2017 1345 sese
2049 1290 2437 1348 occultantem
2468 1295 2651 1350 armis
2683 1296 2952 1368 persequi
2986 1315 3098 1351 non
3133 1297 3440 1351 desistunt.
3476 1298 3546 1351 Et

1889 1376 2080 1450 ipsam
2112 1380 2348 1452 quidem
2375 1382 2546 1453 juxta
2567 1383 2875 1439 Claudium
2899 1387 3013 1453 (41)
3035 1385 3324 1440 civitatem
3359 1402 3547 1457 reper-

1888 1470 2009 1521 tam
2041 1469 2484 1526 subnervavere.
2519 1471 2737 1528 Deinde
2783 1490 2898 1545 qua
2930 1474 3109 1546 digna
3141 1474 3330 1528 fuerat
3359 1477 3543 1528 morte

1888 1554 2226 1612 multavere.
2258 1558 2432 1613 Porro
2456 1575 2649 1631 regem
2675 1577 2777 1633 per
2807 1560 3035 1616 diversa
3062 1561 3323 1617 locorum
3357 1578 3541 1616 seme-

1887 1647 1977 1698 tra
2008 1644 2338 1701 deviantem
2373 1647 2527 1702 ultra
2572 1649 2790 1704 ﬂumen
2823 1650 3151 1705 Tamisium
3185 1651 3537 1721 compulere.

1885 1731 2104 1789 Deinde
2135 1735 2320 1789 accito
2373 1737 2550 1792 fratre
2607 1736 2767 1792 illius
2827 1737 3061 1809 optima:
3110 1738 3323 1794 indolis
3354 1739 3541 1794 adole-

1883 1822 2343 1887 scente,nomine
2363 1824 2795 1897 Edgaro,quem
2815 1826 3077 1881 futurum
3102 1842 3295 1897 regem
3319 1826 3535 1881 caelesti

110 1897 403 2004 qu‘ifigpid
427 1915 519 1999 Im?
542 1899 1523 2004 ess‘ltlonteltetarivaleas.Ad.qu'od
1549 1902 1769 2004 dictum
1801 1936 1853 2004 Β
1883 1910 2179 1981 quondam
2227 1911 2462 1967 oraculo
2514 1912 2885 1985 designatum
2929 1914 3108 1969 fuisse
3138 1915 3533 1985 prmdiximus,

109 1985 316 2056 pallidi
348 1988 510 2060 regni
542 1987 797 2059 pallidus
819 1987 1089 2043 minister
1119 1989 1772 2047 abscessit.Dunstauus

108 2077 310 2130 autem
325 2092 440 2131 non
461 2075 773 2132 immemor
795 2077 935 2149 quid
960 2078 1072 2132 sibi
1095 2076 1331 2133 divinus
1343 2077 1482 2133 olim
1509 2079 1772 2135 cithara»

106 2163 223 2219 dus
241 2165 753 2236 prmcinuerit,imo
776 2165 1090 2220 Dominicaa
1103 2182 1328 2222 memor
1338 2166 1766 2238 promissionis,

108 2268 230 2325 qua
260 2252 461 2308 beatos
490 2254 611 2309 fore
640 2254 738 2325 qui
771 2271 875 2326 pro
897 2253 1134 2325 justitia
1172 2255 1633 2326 persecutionem
1665 2274 1767 2329 pa-

107 2341 341 2396 tiuntur
367 2340 573 2411 (Matth.
607 2359 661 2396 v.
696 2343 785 2410 10)
814 2340 1085 2397 Christus
1125 2341 1397 2411 asseruit,
1431 2343 1676 2400 marinis
1705 2361 1769 2400 se

110 2428 388 2485 ﬂuctibus
418 2430 985 2497 tradit,contrarium
1016 2429 1181 2485 littus
1212 2430 1271 2485 in
1302 2434 1471 2503 gente
1503 2431 1764 2488 Flandri-

106 2519 303 2572 tarum
337 2518 629 2592 attingens
662 2518 760 2573 ubi
791 2518 1071 2574 eminenti
1101 2535 1296 2574 coram
1320 2519 1581 2591 principe
1603 2524 1764 2576 terrea

106 2604 248 2662 illus
275 2606 465 2679 gratia
495 2608 750 2674 inventa,
786 2607 1062 2662 manebat
1089 2606 1149 2661 in
1180 2608 1537 2664 monasterio
1576 2610 1763 2665 sancti

108 2694 259 2755 Petri
291 2696 446 2768 quod
471 2696 649 2752 situm
674 2699 765 2751 est
793 2695 1072 2763 Gandavi,
1107 2700 1410 2768 propterea
1430 2698 1583 2769 quod
1615 2697 1762 2754 illud

103 2783 330 2842 steteris
354 2782 515 2839 illius
537 2783 791 2856 regionis
813 2783 1187 2840 monasteriis
1209 2789 1265 2840 et
1281 2786 1640 2857 professione
1654 2787 1764 2842 vir-

101 2872 333 2941 tutis,et
353 2872 734 2945 phi1030phiae
757 2872 1125 2927 documentis
1142 2872 1420 2929 excellere
1435 2874 1758 2931 videbatur.

99 2959 215 3015 Nec
251 2963 444 3017 tamen
480 2965 672 3017 cessat
698 2978 913 3016 vesana
943 2960 1191 3016 furentis
1212 2961 1475 3017 mulieris
1506 2962 1759 3035 insania,

98 3064 229 3120 qua:
262 3049 538 3105 omnibus
573 3048 695 3121 qui,
730 3049 922 3105 virum
971 3049 1072 3105 Dei
1122 3054 1383 3123 tempore
1422 3069 1540 3106 suae
1573 3068 1759 3108 reces-

97 3137 288 3195 sionis
336 3138 591 3211 hospitio
640 3138 919 3204 foverant,
959 3139 1358 3210 perscrutatis,
1394 3139 1757 3213 proscriptis,

97 3227 420 3294 damnatis,
453 3226 643 3299 ipsius
673 3244 905 3299 quoque
936 3226 1120 3282 oculis
1164 3226 1438 3283 eruendis
1470 3228 1759 3302 malignos

98 3318 528 3373 transmitteret
574 3315 899 3371 ministros.
932 3315 1171 3383 Verum,
1205 3316 1522 3371 miserante
1560 3317 1757 3373 divina

100 3404 413 3462 clementia
424 3406 595 3477 cujus
608 3421 913 3477 nunquam
928 3403 1143 3460 auxilio
1165 3403 1756 3473 destituebatur,ante

99 3492 268 3550 illum
294 3494 481 3551 Gallia
502 3497 1056 3565 susceperat,quam
1087 3510 1386 3565 aequoreos
1412 3493 1558 3549 servi
1590 3494 1753 3549 Jeza-

99 3582 245 3640 belis
268 3585 486 3639 ﬂuctus
506 3580 1103 3655 attigissent.Exsulat
1118 3580 1316 3652 itaque
1332 3586 1571 3637 sanctus
1593 3582 1756 3638 nulla

96 3672 285 3729 exsilii
309 3689 411 3744 per
426 3670 676 3745 gratiam
706 3670 805 3726 Dei
840 3671 1059 3725 damna
1088 3669 1420 3740 deplorans,
1454 3670 1596 3726 dum
1628 3672 1754 3728 suis

96 3760 324 3816 meritis
363 3760 446 3816 ita
474 3759 586 3816 sibi
636 3776 841 3815 omnes
880 3757 1218 3825 devinciret,
1250 3761 1317 3812 ut
1344 3757 1593 3830 patriam
1626 3776 1755 3817 esse

92 3848 367 3907 exsilium
401 3852 650 3921 putaret.
680 3849 871 3919 Super
920 3846 1042 3901 haec
1090 3845 1257 3901 illum
1301 3846 1473 3902 amici
1504 3847 1751 3919 apostoli

91 3936 418 3995 consolatio
450 3937 726 4008 fovet,qui
752 3934 972 3991 nullius
997 3934 1075 3990 rei
1109 3951 1287 4006 quam
1307 3936 1432 4007 ipse
1461 3940 1755 4007 expeteret

89 4042 224 4082 cum
258 4026 525 4097 indigere
556 4024 823 4097 permisit
853 4026 987 4093 (40).

376 4113 562 4169 Edwio
594 4130 716 4185 rege
744 4115 949 4184 fugato,
972 4112 1227 4184 Edgarus
1258 4122 1465 4184 regnat.

157 4208 250 4259 28.
289 4203 633 4274 Respiciens
675 4219 812 4273 ergo
844 4202 1058 4257 Christi
1091 4201 1404 4257 clementia
1431 4203 1755 4276 Anglorum

93 4292 378 4365 populum
409 4295 574 4346 tanto
598 4294 843 4362 patrono
871 4289 1241 4355 destitutum,
1257 4290 1561 4347 suscitavit
1581 4294 1757 4349 corda

90 4380 353 4436 virorum
383 4380 455 4435 ab
487 4379 747 4435 Humbre
780 4379 953 4451 fluvio
987 4394 1178 4450 usque
1208 4378 1280 4433 ad
1311 4379 1531 4434 ﬂumen
1561 4381 1754 4437 Tami-

93 4469 274 4535 sium,
291 4484 472 4541 supra
493 4468 647 4539 quod
677 4468 818 4523 urbs
842 4465 1150 4522 Lundonia
1182 4470 1271 4522 est
1293 4466 1764 4555 fundata,adver_

97 4583 350 4656 quilibet
378 4600 448 4639 ex
475 4582 641 4656 vobis
669 4582 740 4638 ad
779 4582 1146 4656 educendum
1171 4598 1434 4656 regem...
1467 4584 1552 4639 Ad
1582 4590 1763 4644 extre-

101 4653 269 4710 mum
289 4671 423 4709 vero
460 4653 763 4729 elegerunt
791 4654 959 4721 duos,
983 4670 1130 4729 quos
1146 4654 1342 4729 animo
1358 4657 1757 4714 constantissi-
1785 4661 1836 4729 Ῑ)

99 4724 956 4811 mos.noverant,"Dunstanum
991 4724 1213 4811 Scilicet
1244 4725 1540 4811 abbatem,
1573 4731 1631 4782 et
1659 4732 1758 4811 Cy-

100 4798 363 4853 newium
394 4796 751 4872 episcopum
765 4796 1030 4872 ejusdem
1080 4796 1368 4872 Dunstani
1400 4796 1751 4872 consangui-

99 4885 299 4924 neum.
328 4890 356 4917 »
391 4868 673 4923 Osbertus
706 4868 1035 4922 Kinsvinum
1063 4871 1246 4922 vocat.

168 4939 284 5011 (39)
307 4939 379 5011 B:
407 4938 894 5011 «EthaalyunSic
912 4941 1037 5011 erat
1058 4954 1268 5011 nomen
1291 4938 1750 5011 ignominiosum

99 5007 387 5082 mulieris.
409 5030 451 5082 ί»)
485 5007 876 5082 Chronologia
903 5009 1189 5082 Saxonica
1218 5007 1341 5064 hoc'
1355 5010 1643 5067 Dunstani
1665 5030 1755 5069 ex-

96 5080 299 5137 silium
329 5081 504 5137 refert
531 5082 604 5137 ad
635 5080 861 5137 annum
889 5081 1017 5136 955.

166 5154 284 5221 (40)
317 5154 378 5208 Β.
413 5152 896 5225 ειάίίἰῐίίειιιοδᾱίιῐῐι
956 5154 1357 5225 persecutores
1407 5151 1628 5225 frustra
1655 5169 1750 5225 co-

98 5227 270 5303 natos
298 5241 433 5303 eqm
465 5221 708 5280 avellere
737 5241 772 5303 ει
802 5221 1512 5303 monasterio,idque_viso
1534 5223 1754 5303 signiti-

99 5299 295 5374 oatum
350 5295 695 5374 Dunstano.‘
734 5295 1032 5374 stertus
1074 5310 1223 5374 rem_
1253 5292 1522 5374 explicat,
1556 5292 1752 5374 aitque

98 5367 284 5421 fuisse
303 5367 590 5437 quosdam
613 5384 644 5423 e
668 5366 948 5421 fratribus
969 5364 1599 5437 Glestoniensibus,qui
1616 5364 1751 5421 eum

99 5437 175 5491 ab
206 5436 379 5493 istiUs
409 5438 655 5493 cmnobii
707 5436 1039 5509 prmlatione
1093 5436 1381 5508 deponere
1439 5436 1748 5505 volebant;

99 5508 257 5580 quod
284 5509 437 5564 Deus
468 5508 760 5565 averterit.
898 5578 907 5580 4
958 5579 963 5580 ί
1206 5528 1263 5580 ᾖ

171 5579 285 5705 (41)
318 5581 581 5646 Osbcrto,
616 5581 833 5651 «juxta
861 5578 1154 5634 civitatem
1192 5577 1686 5644 Glavornienscm,
1719 5602 1747 5630 η

171 5698 172 5704 η
201 5667 273 5705 go
306 5652 588 5705 Gloccster.

96 5652 273 5707 vulgo
306 5652 588 5707 Gloccster.

170 5667 287 5791 ξῗὲ)
306 5667 736 5851 11:1!i3)i:x(isgti3mzinno
765 5722 871 5776 957
900 5739 967 5777 ex
1020 5719 1409 5794 Chronologia
1448 5720 1753 5787 Saxonica,

170 5810 219 5850 ιιι
246 5810 398 5850 anno
426 5794 463 5849 9
502 5794 555 5851 9.
585 5798 652 5850 ut
683 5792 840 5851 apud
872 5790 1296 5851 Snelmannum
1318 5796 1376 5848 et
1397 5790 1562 5850 alios.
1588 5793 1751 5851 Quod

100 5809 219 5850 non
246 5790 398 5850 anno
426 5790 555 5865 959,
585 5798 652 5850 ut
683 5792 840 5867 apud
872 5790 1296 5864 Spelmannum
1318 5790 1376 5848 et
1397 5790 1562 5850 alios.
1588 5795 1711 5859 Quo

1880 1998 2025 2053 dum
2057 2015 2259 2071 pacem
2292 2001 2572 2073 regnique
2596 2001 2844 2057 salutem
2864 2002 2989 2058 suis
3006 2020 3073 2058 ac
3090 2003 3376 2057 Dunstani
3396 2007 3535 2059 tem-

1880 2086 2122 2158 poribus
2153 2087 2343 2161 angeli
2374 2090 2775 2161 praedicarent,
2806 2094 3077 2145 statuunt
3121 2090 3287 2145 illum
3337 2108 3531 2162 regem

1878 2191 2056 2247 super
2085 2192 2289 2231 omnes
2320 2177 2645 2249 provincias
2674 2179 2746 2233 ab
2779 2178 3037 2234 Humbre
3061 2195 3272 2251 magno
3293 2178 3534 2236 ﬂumine

1878 2279 2065 2336 usque
2083 2264 2155 2319 ad
2175 2263 2394 2319 ﬂumen
2412 2265 2739 2321 Tamisium
2766 2284 2779 2333 ;
2804 2283 2918 2338 quo
2950 2266 3191 2321 ﬂumine
3224 2268 3531 2323 amborum

1877 2368 2122 2425 regnum
2156 2353 2227 2407 ab
2250 2351 2496 2408 invicem
2528 2353 2934 2410 dirimebatur.
2970 2355 3056 2410 Ita
3088 2372 3356 2427 regnum,
3377 2358 3530 2428 quod

1875 2458 2061 2496 unum
2094 2441 2301 2508 fuerat,
2336 2441 2394 2496 in
2428 2443 2576 2499 duos
2624 2460 2789 2514 reges
2835 2443 3085 2499 divisum
3120 2443 3394 2515 gravibus
3425 2444 3529 2500 ali-

1874 2531 2219 2601 quantisper
2247 2530 2618 2587 conﬂictibus
2665 2531 2951 2587 bellorum
2984 2532 3253 2597 sudabat,
3289 2533 3529 2604 impleta

1872 2622 2013 2673 tunc
2041 2618 2294 2674 veridica
2339 2618 2442 2674 illa
2488 2618 2804 2675 Salvatoris
2852 2621 3161 2684 sententia,
3195 2638 3310 2691 qua
3355 2637 3527 2676 omne

1872 2722 2116 2779 regnum
2149 2706 2208 2761 in
2241 2723 2302 2763 se
2336 2707 2528 2778 ipsum
2564 2708 2817 2762 divisum
2843 2708 3055 2762 asserit
3077 2708 3521 2775 destruendum,

1871 2799 1929 2850 et
1948 2796 2192 2852 domum
2214 2812 2391 2867 super
2408 2796 2651 2851 domum
2674 2810 2801 2852 esse
2833 2813 3103 2851 casuram
3126 2797 3275 2863 (Luc.
3306 2814 3385 2863 x1,
3413 2798 3522 2863 17).

1870 2885 2136 2955 Edgarus
2167 2884 2426 2956 quotidie
2462 2888 2589 2940 erat
2619 2885 2948 2957 proﬁciens,
2985 2888 3049 2939 ut
3077 2885 3277 2952 David,
3312 2885 3525 2956 pietate

1871 2989 1938 3028 ac
1969 2972 2607 3045 fortitudine,atque,ut
2637 2972 2933 3038 Salomon,
2966 2973 3272 3044 sapientia,
3304 2972 3523 3029 divitiis

1868 3066 1928 3116 et
1956 3060 2161 3133 gloria,
2197 3062 2408 3117 domus
2434 3065 2632 3117 autem
2664 3061 2830 3116 Edwi
2880 3062 2939 3115 in
2989 3062 3114 3117 dies
3168 3062 3520 3129 decrescere,

1869 3166 2004 3205 cum
2037 3150 2163 3222 ipse
2193 3149 2252 3204 in
2284 3149 2523 3222 ﬂagitiis
2552 3166 2813 3206 crescere
2844 3166 2961 3205 non
2993 3149 3286 3206 desiverit.

1868 3256 2180 3312 Dunstanus
2228 3255 2297 3312 ab
2345 3257 2543 3312 exsilio
2593 3264 2893 3312 revocatur.
2931 3256 3320 3327 Wigorniemt's
3365 3256 3525 3311 eccle-

1937 3329 2035 3383 sia:
2081 3330 2362 3399 episcopus
2427 3327 2717 3384 ordinatur
2762 3328 2862 3383 sub
2921 3329 3078 3384 titulo
3125 3328 3519 3399 archiepiscopi

1937 3399 2368 3455 Cantuariensis.

1932 3497 2020 3551 29.
2058 3496 2195 3551 Post
2226 3512 2443 3566 paucos
2475 3500 2673 3551 autem
2705 3494 3003 3551 electionis
3023 3514 3141 3550 suae
3165 3495 3289 3551 dies
3313 3511 3520 3566 praece-

1864 3585 1951 3656 pit
1969 3585 2232 3655 Edgarus
2255 3583 2495 3638 diarcha
2517 3584 2697 3639 totius
2725 3583 2887 3654 regni
2911 3584 3000 3638 sui
3034 3582 3341 3638 concilium
3379 3582 3520 3638 cele-

1863 3671 2039 3739 brari,
2064 3670 2124 3727 in
2148 3687 2263 3742 quo
2286 3664 2626 3726 amiihilatis
2659 3671 2934 3725 omnibus
2965 3688 3090 3741 qua:
3122 3687 3155 3725 a
3186 3671 3360 3726 fratre
3391 3671 3520 3742 ejus

1863 3760 2086 3831 iniquis
2113 3760 2345 3814 fuerant
2372 3758 2599 3831 legibus
2632 3758 2881 3825 decreta,
2917 3775 2982 3813 ac
3015 3758 3301 3813 restitutis
3329 3759 3517 3813 omni-

1862 3850 1975 3905 bus
2007 3865 2135 3920 quae
2164 3846 2418 3902 violenta
2449 3846 2610 3902 illius
2641 3847 2871 3902 fuerant
2901 3847 3273 3902 damnatione
3304 3846 3516 3914 ablata,

1862 3938 2235 3994 Dunstanum
2267 3952 2500 4006 quoque
2529 3935 2922 3991 venerabilem
2945 3935 3214 3990 abbatem
3233 3934 3292 3990 in
3306 3953 3522 4008 magna

1863 4026 2050 4102 gloria
2070 4024 2366 4081 de‘exsilio
2398 4023 2684 4080 revocavit
2715 4025 2850 4092 (42),
2875 4028 2931 4079 et
2960 4025 3203 4096 majore,
3237 4041 3414 4095 quam
3447 4025 3518 4080 ab

1864 4113 2142 4171 omnibus
2172 4117 2306 4168 ante
2327 4113 2564 4186 regibus
2585 4112 2909 4168 honoratus
2933 4112 3158 4179 fuisset,
3182 4109 3368 4184 gloria
3389 4113 3522 4167 sub-

1863 4202 2107 4259 limavit.
2132 4202 2237 4258 Cui
2267 4201 2467 4269 etiam,
2493 4204 2560 4256 ut
2594 4199 2928 4272 pontificale
2959 4201 3136 4256 decus
3176 4201 3517 4273 susciperet,

1864 4291 2192 4348 vehementi
2218 4289 2496 4362 petitione
2527 4288 2866 4356 imminuit;
2893 4305 2997 4344 nec
3029 4293 3161 4343 ante
3193 4306 3225 4342 a
3251 4289 3520 4359 precibus

1869 4379 2165 4453 quiescere
2193 4377 2378 4434 voluit
2408 4393 2587 4449 quam
2620 4375 2786 4430 illum
2805 4375 3140 4432 asententia
3171 4376 3241 4429 ad
3275 4391 3517 4430 consen-

1866 4469 2132 4524 tiendum
2163 4465 2504 4531 retraheret,
2537 4468 2593 4519 et
2640 4462 2892 4519 ecclesia:
2940 4462 3356 4534 Wigorniensi,
3392 4479 3519 4533 qua)

1866 4599 2001 4640 vero
2031 4581 2102 4637 de
2132 4578 2422 4635 Dunstani
2453 4577 2815 4632 ordinatione
2847 4576 3139 4643 subditur,
3165 4576 3370 4631 eodem
3400 4575 3519 4631 fere

1867 4654 2038 4734 modo
2068 4652 2283 4734 legitur
2312 4649 2569 4734 suprain
2591 4648 2725 4730 Vita
2754 4649 2813 4704 S.
2847 4646 3065 4734 Odonis
3093 4646 3517 4734 archiepiscopi

1865 4718 2322 4781 Cantuariensis.
2360 4718 2419 4775 Id
2445 4721 2663 4774 factum
2690 4718 2747 4773 in
2773 4723 3060 4774 conventu
3098 4718 3245 4790 apud
3277 4718 3517 4773 Brmlan-

1858 4795 1984 4868 Iord
1999 4811 2067 4850 ex
2091 4795 2150 4849 Β.
2168 4792 2266 4847 ubi
2299 4791 2669 4868 Dunstanum
2694 4790 2774 4868 ait
2796 4789 3314 4868 priusordinatum
3334 4789 3516 4868 fuisse

1859 4860 1929 4923 ad
1955 4867 2284 4938 episcopum,
2318 4866 2385 4938 ut
2398 4862 2535 4938 _reg_i
2570 4865 2725 4938 esset
2752 4860 3077 4938 alconsiliis
3104 4879 3116 4927 ;
3140 4861 3275 4938 dein
3307 4861 3515 4938 admo-

1860 4931 2377 5009 tum'Vigorniensi
2398 4931 2666 5009 Ecclesia:
2691 4937 2921 5009 mortuo
2944 4931 3319 5009 Cynewaldo.
3336 4954 3383 5009 _u
3419 4933 3514 4987 Po-

1860 5014 1988 5067 stea
2019 5002 2207 5063 factus
2238 5020 2489 5077 magnus
2518 5002 2873 5077 sapientium
2905 5002 3228 5077 conventus
3252 5003 3515 5077 inABran-

1862 5079 2193 5145 danford,et
2211 5093 2277 5131 eo
2300 5073 2365 5130 in
2383 5074 2507 5130 loco
2530 5073 2794 5130 omnium
2816 5091 2882 5129 ex
2903 5074 3181 5130 electione
3209 5073 3515 5129 ordinatus

1860 5157 1951 5208 est
1977 5152 2316 5206 Dunstanus
2348 5147 2418 5201 ad
2451 5146 2813 5217 episcopum,
2839 5151 3081 5201 cotenus
3106 5145 3376 5212 maxime,
3400 5161 3516 5216 quo

1861 5222 2040 5295 regali
2064 5217 2381 5299 przesentim
2404 5222 2647 5299 propter;
2662 5217 2902 5299 provida
2925 5217 3373 5299 prudentiarum
3388 5233 3519 5299 sua-

1862 5287 1992 5349 ruin
2015 5287 2258 5348 consilia
2289 5287 2894 5361 jugiier'adfuisset...
2926 5287 3146 5361 Deinde
3177 5292 3376 5360 pastor
3400 5287 3519 5341 Wi-

1861 5363 2191 5439 gorniensis
2212 5359 2710 5439 EccleSiqgutpote
2730 5359 3336 5439 Cynewaldus,morte
3361 5376 3514 5439 inor-

1861 5429 2070 5492 talium
2095 5449 2387 5504 cursuque
2411 5431 2539 5485 vitae
2572 5429 2909 5504 temporalis
2941 5432 3150 5485 educto
3182 5429 3512 5504 succubuit,

1862 5512 1921 5564 et
1941 5505 2201 5577 suscepit
2233 5501 2439 5577 lie—atus
2460 5501 2714 5577 pontifex
2736 5503 3076 5577 Dunstanuﬁs
3098 5501 3454 5577 constitutus
3469 5516 3516 5577 _a

1864 5596 2007 5651 rege,
2027 5571 2192 5651 hanc
2208 5571 2476 5651 eamdem
2504 5572 2877 5651 ecclesiam,»
2902 5579 3010 5628 etc.
3039 5576 3122 5628 Ita
3144 5573 3207 5651 Βτ
3230 5571 3329 5642 qui
3362 5571 3514 5651 regis

1863 5641 2112 5706 ataviam
2145 5648 2215 5702 ab
2245 5644 2446 5701 exsilio
2478 5662 2613 5700 cum
2647 5645 2951 5701 Dunstano
2984 5641 3307 5701 revocatum
3350 5641 3509 5695 dicit.

1863 5722 1944 5779 De
1974 5716 2325 5777 Kenewaldo
2356 5717 2647 5788 superius.
