3912 6360
377 434 497 536 439

1381 474 1443 533 s.
1491 467 1957 533 DUNSTANUS
2002 426 2349 565 EPiSCOP.
2398 467 2794 531 CANTUAR.

3677 464 3782 527 440

377 607 490 665 sub
505 607 725 665 honore
740 607 920 662 beatae
939 605 1182 680 virginis
1204 606 1399 663 Mariae
1415 601 2028 678 pollebat,pontiﬁeem
2056 600 2113 669 Α
2139 598 2375 669 habere,
2394 601 2495 657 sed
2520 600 2577 657 in
2602 604 2818 658 sortem
2850 600 3257 675 paenitentiam
3288 601 3622 657 animarum
3646 617 3782 657 eam-

377 696 718 770 praeficeret.
752 695 859 761 Qui
890 695 1032 750 dum
1064 694 1483 750 Doroberniam
1518 693 1844 749 sacrandus
1872 692 2038 749 adve-

379 783 551 852 niret,
576 786 652 852 et,
677 782 916 838 recitata
938 783 1215 856 petitione
1236 781 1373 838 cleri
1407 799 1473 837 ac
1506 780 1731 855 populi,
1764 796 2036 837 summus

338 867 347 874 ’
378 872 479 929 Dei
494 872 786 939 sacerdos,
806 870 927 929 Odo
948 871 1271 944 gaudenter
1290 872 1598 926 annuisset
1613 889 1626 939 ;
1644 869 1911 925 mirabile
1924 869 2039 924 dic-

379 960 471 1016 tu!
495 964 767 1019 caeterum
795 958 1251 1017 consecrationis
1273 957 1692 1028 ministerium,
1723 975 1839 1014 non
1867 958 2036 1031 quasi

381 1066 559 1122 super
575 1048 901 1105 antistitem
920 1048 1304 1117 Wicciorum,
1337 1050 1434 1104 sed
1470 1047 1622 1104 sicut
1643 1065 1819 1121 super
1847 1047 2034 1103 archi-

379 1138 721 1212 episcopum
745 1137 1192 1194 Cantuariorum
1219 1137 1563 1193 mirabiliter
1577 1139 1749 1210 atque
1775 1135 2039 1193 hilariter

380 1226 648 1285 absolvit.
682 1230 807 1294 Qua
836 1227 907 1283 de
937 1243 998 1282 re
1030 1244 1063 1282 a
1092 1226 1510 1282 circumstante
1549 1225 1701 1282 clero
1733 1226 2038 1299 reprehen-

380 1335 503 1383 sus,
538 1317 693 1389 quod
727 1319 929 1373 contra
959 1315 1197 1372 Patrum
1229 1317 1459 1372 decreta
1487 1318 1701 1389 ageret,
1727 1315 1827 1387 qui
1860 1315 2036 1371 unius

378 1405 633 1463 ecclesia;
666 1405 815 1460 duos
846 1403 1156 1478 prohibent
1175 1420 1304 1460 esse
1333 1404 1796 1472 sacerdotes,nec
1818 1420 1921 1476 per
1933 1403 2037 1474 jus

377 1493 732 1550 haereditatis
760 1492 882 1550 fieri
914 1492 1258 1549 electionem
1290 1490 1825 1561 successionis,tale
1856 1493 2038 1548 fertur

378 1598 728 1655 responsum
761 1581 993 1639 dedisse
1027 1597 1040 1636 ε
1074 1581 1133 1637 Si
1178 1580 1392 1637 divinis
1431 1581 1694 1637 humana
1720 1597 1837 1638 non
1869 1581 2036 1637 cede-

377 1672 663 1743 rent,jure
684 1669 828 1725 mihi
852 1668 1160 1726 hominum
1181 1668 1500 1726 auctoritas
1515 1670 1793 1743 praetendi
1819 1673 2033 1742 posset.

376 1760 546 1817 Nunc
574 1776 707 1815 vero
739 1759 1019 1832 quoniam
1061 1763 1265 1814 auctor
1293 1758 1560 1815 omnium
1591 1759 1746 1815 Deus
1776 1763 1885 1827 est,
1920 1776 2035 1816 non

376 1864 621 1922 possum
668 1847 816 1904 illud
859 1851 975 1903 neu
1007 1848 1198 1903 facere
1228 1847 1382 1920 quod
1415 1847 1748 1905 faciendum
1781 1847 2038 1921 Spiritus

376 1937 477 1994 Dei
501 1938 782 2012 dignatus
804 1939 895 1993 est
914 1935 1229 2012 praecipere
1273 1936 1395 1995 Erit
1416 1953 1671 2011 namque
1696 1937 1905 1993 beatus
1927 1936 2037 1993 iste

375 2026 680 2099 proximus
709 2028 843 2100 post
895 2012 1146 2082 mortem
1198 2041 1391 2082 meam
1441 2025 1625 2100 hujus
1667 2025 1825 2083 sedis
1855 2024 2039 2082 archi-

374 2116 772 2189 episcopus,et
794 2115 1076 2170 adversus
1100 2114 1307 2171 mundi
1331 2113 1655 2188 principem
1678 2114 2038 2171 fortissimus

376 2201 817 2279 praeliatorﬂac
837 2198 935 2259 ille
955 2202 1174 2258 summi
1203 2201 1498 2275 pontificis
1518 2203 1741 2260 ratione
1762 2202 2038 2261 defensus

377 2292 640 2368 procedit
659 2291 731 2348 ad
764 2291 1069 2365 populum,
1104 2306 1377 2348 summus
1407 2293 1464 2348 et
1493 2290 1589 2348 ille
1619 2292 1878 2367 pontifex
1898 2294 2037 2350 Can-

377 2380 703 2438 tuariorum
726 2376 1138 2453 przetitulatrus,
1156 2383 1395 2454 gestans
1418 2379 1673 2455 insignia
1691 2380 1904 2451 Aaron,
1919 2398 2037 2438 non

376 2469 527 2544 legis
554 2468 840 2526 velamine
864 2470 1233 2539 adumbrata,
1254 2469 1353 2527 sed
1372 2468 1581 2526 divinas
1606 2468 2038 2544 prepitiationis

380 2575 628 2617 munere
657 2574 763 2633 per
790 2558 1040 2633 gratiam
1061 2557 1276 2616 Christi
1300 2557 1748 2634 insignita.Inde
1769 2561 1841 2619 ad
1863 2559 2040 2618 eccle-

378 2649 528 2706 siam
561 2665 688 2722 quas
720 2646 833 2704 sibi
866 2647 1058 2703 fuerat
1086 2646 1431 2721 consignata
1460 2662 1747 2717 reversus,
1768 2652 1947 2723 atque
1976 2651 2036 2706 in

378 2735 656 2793 cathedra
684 2734 1002 2808 pontificali
1027 2733 1404 2804 sublimatus,
1423 2737 1765 2793 recordatus
1785 2740 1875 2794 est
1893 2738 2035 2812 quid

378 2825 519 2884 olim
552 2820 869 2883 exsultanti
900 2823 1132 2881 diabolo
1162 2824 1552 2898 promisisset,
1586 2843 1721 2883 cum
1752 2825 1919 2882 illum
1943 2844 2037 2884 re-

378 2914 531 2988 galis
562 2913 834 2987 impietas
864 2912 1065 2971 exsilio
1095 2913 1485 2987 ascripsisset.
1516 2915 1717 2988 Itaque
1760 2913 1945 2971 obviis
1974 2915 2034 2971 in

379 3000 549 3060 illum
578 3002 855 3060 manibus
886 3002 1210 3076 insurgere,
1244 3004 1511 3060 membra
1539 3005 1667 3076 ejus
1705 3002 2035 3075 evangelica

378 3091 575 3165 gladio
605 3091 881 3158 dividere,
916 3094 975 3146 et
1017 3105 1151 3145 oves
1199 3105 1327 3162 quae
1370 3091 1830 3164 circumquaque
1876 3108 2033 3148 erra-

378 3178 592 3236 bundas
622 3177 978 3244 ferebantur,
1004 3177 1076 3233 ad
1108 3175 1478 3233 Dominicum
1496 3175 1644 3234 ovile
1674 3193 1959 3236 revocare.

719 3290 897 3347 Edwii
924 3291 1170 3347 animam
1198 3304 1235 3346 α
1256 3292 1436 3364 paeni:
1466 3291 1681 3350 liberat.

448 3409 539 3465 30.
574 3408 800 3464 Interea
828 3408 1059 3462 mortuo
1092 3403 1446 3477 impiissimo
1477 3422 1611 3479 rege
1650 3400 1759 3480 (43)
1794 3408 2030 3481 Edvvio,

379 3501 555 3571 atque
584 3496 645 3552 in
676 3498 895 3553 sortem
926 3493 1320 3569 malignorum
1371 3494 1687 3567 spirituum
1727 3497 2031 3571 translato,

379 3586 722 3643 Dunstanus
750 3582 809 3641 in
840 3582 1106 3652 ecclesia,
1132 3581 1225 3639 cui
1265 3585 1528 3657 praeerat,
1562 3584 1818 3642 Deividis
1850 3588 2033 3644 medi-

375 3674 699 3732 tationibus
730 3672 1101 3742 inserviebat,
1136 3670 1282 3728 nihil
1339 3671 1532 3730 sciens
1592 3674 1730 3747 quid
1783 3675 1855 3732 de
1900 3693 2035 3751 rege

377 3769 574 3822 actum
605 3762 831 3821 fuisset.
864 3763 933 3817 Et
964 3776 1097 3816 ecce
1126 3762 1377 3825 tartarea
1406 3761 1615 3818 cohors
1646 3764 1757 3819 sub
1785 3763 1914 3836 ejus
1945 3784 2033 3822 as-

376 3856 547 3926 pectu
569 3849 912 3909 exsultando
943 3848 1113 3920 quasi
1143 3848 1388 3905 chorum
1420 3850 1651 3921 ducere,
1677 3856 1733 3908 et
1761 3852 1937 3910 veluti
1962 3854 2034 3911 de

375 3944 547 4014 capta
602 3938 799 4011 praeda
853 3936 1017 3993 laetas
1073 3936 1348 3994 victorias
1404 3955 1592 4012 agere.
1629 3940 2036 3999 Perscrutatur

375 4029 575 4101 itaque
613 4029 853 4083 sanctus
884 4042 1124 4083 causam
1157 4025 1389 4098 laetitias,
1434 4028 1599 4088 audit
1636 4032 2036 4105 regem‘obiis-

377 4136 460 4187 se,
493 4116 753 4173 animam
801 4112 963 4171 illius
1009 4114 1439 4188 gehennalibus
1488 4117 1688 4174 statim
1746 4120 2035 4179 incendiis

375 4205 724 4263 tradendam
754 4202 1036 4277 (liberat);
1065 4204 1168 4261 sed
1221 4205 1388 4277 prius
1441 4205 1551 4263 hoc
1609 4206 1916 4265 Dunstano
1966 4227 2035 4266 ex

376 4288 574 4352 divino
605 4290 852 4368 imperio
884 4292 1304 4349 nuntiandum.
1338 4294 1532 4351 Motus
1580 4294 1779 4368 itaque
1823 4297 2036 4370 pietate

375 4384 719 4442 Dunstanus
768 4380 894 4439 solo
944 4383 1117 4438 tenus
1167 4381 1581 4455 prosternitur,
1614 4382 1919 4457 largiﬂuus
1967 4401 2037 4442 ex

377 4475 564 4532 oculis
592 4473 987 4546 lacrymarum
1008 4470 1200 4527 imber
1226 4470 1605 4542 producitur;
1631 4472 1830 4546 pulsat
1849 4472 2034 4531 Deum

378 4559 673 4636 precibus,
705 4576 813 4617 nec
860 4560 934 4617 ab
982 4557 1084 4615 illo
1133 4558 1355 4615 orando
1414 4558 1683 4631 quiescit,
1730 4577 2037 4634 quousque

377 4648 654 4724 spiritum
675 4653 834 4724 regts
855 4647 1167 4704 liberatum
1191 4647 1476 4721 agnoscit.
1510 4648 1672 4705 Brevi
1700 4653 1894 4707 autem
1917 4668 2036 4708 mo-

376 4738 509 4796 rula
537 4741 775 4810 peracta
812 4736 961 4793 redit
1005 4733 1195 4792 tristis
1244 4733 1393 4809 legio
1440 4734 1764 4807 infernails,
1798 4755 2038 4814 magno-

376 4843 491 4898 que
519 4825 774 4883 clamore
802 4824 863 4880 in
894 4823 1002 4880 has
1031 4840 1201 4880 voces
1236 4825 1494 4898 erumpit
1527 4842 1540 4881 :
1573 4826 1617 4883 Ο
1649 4830 1705 4883 te
1732 4824 2032 4885 hominem

374 4913 724 4971 hominum!
756 4930 790 4971 0
842 4913 977 4969 ﬁdei
1029 4911 1325 4970 alienum!
1369 4932 1402 4971 ο
1451 4916 1669 4972 nostris
1736 4916 2035 4976 beneﬁciis

376 5018 611 5076 semper
657 5001 994 5075 ingratuml
1029 5019 1137 5058 nos
1184 5003 1506 5060 detulimus
1555 5005 1926 5076 obsequium,
1968 5012 2033 5064 tu

377 5093 548 5150 nobis
578 5089 829 5148 retulisti
861 5090 1219 5164 supplicium
1245 5109 1259 5161 ;
1285 5091 1356 5148 ad
1389 5091 1754 5150 ulciscendas
1784 5094 2034 5169 injurias

376 5188 513 5239 tuas
544 5182 617 5238 de
654 5179 889 5254 regione
931 5180 1307 5238 tenebrarum
1364 5182 1655 5252 venimus,
1685 5188 1742 5240 et
1771 5202 1902 5240 ecce
1931 5186 2033 5241 ad-

374 5270 560 5328 versis
586 5269 1105 5342 imprecationibus
1135 5269 1255 5327 tuis
1290 5270 1519 5328 confusi
1547 5271 1828 5329 redimus.
1864 5274 2036 5331 Cum-

378 5371 490 5432 qUe
522 5358 618 5414 ille
649 5359 1054 5433 depromenda:
1084 5359 1344 5415 veritatis
1374 5365 1729 5434 prmceptum
1756 5363 2032 5420 daemoni-

376 5449 491 5505 bus
549 5448 851 5514 indiceret,
906 5447 1173 5520 agnoscit
1242 5447 1501 5505 animam
1560 5449 1713 5522 regis
1771 5453 2035 5526 angelica

376 5537 592 5594 virtute
621 5536 741 5594 illis
771 5536 1067 5593 sublatam
1115 5537 1186 5592 ad
1238 5540 1529 5594 statutum
1577 5539 1896 5597 terminum
1922 5542 2032 5599 sub

381 5625 687 5699 signaculo
718 5629 1050 5693 servatum;
1084 5624 1232 5681 nihil
1272 5625 1427 5699 juris
1453 5625 1513 5682 in
1545 5626 1707 5684 illam
1738 5629 2033 5689 daemones

2145 689 2276 746 dem
2309 690 2528 747 cedere.
2563 691 2713 746 Tum
2763 687 2860 746 ille
2910 688 3209 746 exsultans
3252 689 3311 745 in
3342 690 3614 758 Domino,
3649 691 3784 746 furo-

2147 794 2239 834 rcs
2269 776 2505 834 illorum
2552 779 2653 835 tali
2711 778 3152 834 ratiocinatione
3208 779 3589 851 compescuit.
3625 780 3781 848 Quid,

2147 865 2359 940 inquit,
2392 867 2597 940 injusti
2631 872 2827 923 actum
2859 871 2948 924 est
2989 866 3200 923 vobis?
3228 868 3287 923 Si
3319 868 3577 940 peccavit
3625 868 3785 925 homo

2146 956 2275 1024 iste,
2310 956 2368 1010 in
2402 955 2696 1012 Christum
2731 961 2788 1011 et
2820 956 2877 1011 in
2912 974 3004 1012 me
3035 957 3309 1028 peccavit.
3343 958 3479 1024 Sed,
3519 958 3782 1030 quoniam

2147 1061 2308 1100 meas
2340 1050 2577 1117 propter
2624 1044 2921 1100 Christum
2955 1044 3153 1101 dimisi
3184 1046 3451 1118 injurias,
3488 1045 3716 1102 dimisit
3741 1050 3787 1102 et

2146 1151 2285 1190 suas
2315 1133 2604 1203 Christus,
2640 1151 2775 1189 cum
2814 1135 2944 1205 ejus
2985 1150 3091 1207 ego
3123 1134 3490 1191 clementiam
3524 1136 3784 1209 depreca~

2146 1225 2244 1278 tus
2275 1238 2429 1278 sum.
2464 1223 2625 1288 Quod
2658 1239 2794 1295 ergo
2825 1223 3093 1280 Christus
3122 1228 3180 1279 et
3197 1241 3303 1297 ego
3335 1222 3559 1297 dignati
3591 1242 3786 1280 sumus

2146 1310 2462 1367 clementer
2492 1311 2920 1384 indulgere,eos
2951 1329 3068 1385 qua
3097 1312 3420 1369 temeritate
3447 1312 3788 1372 audetisim-

2146 1399 2324 1472 probe
2356 1398 2820 1471 reprehendere?
2851 1402 2975 1468 Qua
3020 1402 3311 1457 sententia
3357 1400 3490 1457 tetri
3531 1402 3785 1475 spiritus,

2147 1488 2315 1561 quasi
2350 1488 2620 1545 Parthica
2648 1489 2911 1562 percussi
2945 1489 3177 1562 sagitta,
3210 1496 3549 1546 muscarum
3572 1491 3788 1547 modoa

2144 1583 2315 1635 vento
2347 1581 2651 1652 raptarum
2679 1577 2999 1635 dissiliunt.

2598 1695 2895 1752 Lundonia
2922 1694 3101 1752 sedem
3127 1697 3343 1768 accipit.

2215 1810 2307 1864 31.
2340 1811 2412 1865 At
2441 1811 2708 1884 Edgarus
2765 1809 2947 1867 totius
3003 1812 3234 1884 imperii
3292 1813 3614 1870 monarcha
3669 1816 3787 1870 effe-

2139 1903 2296 1966 ctus,
2330 1901 2625 1972 cogitabat
2654 1898 2889 1957 beatum
2921 1900 3112 1957 virum
3143 1916 3320 1974 super
3349 1917 3523 1959 omne
3552 1919 3788 1977 regnum

2064 1968 2117 2037 Β
2144 1987 2520 2056 constituere,
2567 1988 2772 2046 nolens
2817 1989 2876 2044 in
2927 2005 3107 2063 regno
3174 1990 3301 2046 sine
3361 1989 3463 2047 illo
3518 1968 3787 2059 crescere,

2146 2091 2323 2149 quem
2368 2080 2503 2133 ante
2533 2093 2780 2151 regnum
2813 2092 2930 2150 prie
2962 2079 3186 2135 caeteris
3217 2079 3517 2136 studuerai
3558 2080 3791 2137 familia-

2147 2164 2272 2222 rius
2299 2165 2562 2239 diligere.
2595 2166 2761 2223 Unde
2790 2167 3056 2240 apposito
3105 2167 3376 2240 patribus
3418 2170 3543 2226 suis
3576 2171 3792 2227 Lunde

2148 2253 2336 2310 niensi
2365 2255 2660 2329 episcopo,
2692 2259 2896 2328 rogatu
2948 2256 3103 2330 regis
3153 2273 3218 2312 ac
3266 2257 3603 2332 principum
3654 2260 3794 2317 Dun-

2147 2346 2354 2400 stanus
2400 2343 2772 2401 successione
2821 2345 3095 2415 donatur,
3128 2347 3527 2405 annuentibus
3569 2365 3792 2422 quoque

2146 2431 2424 2489 omnibus
2442 2433 2710 2505 ejusdem
2735 2433 2900 2490 urbis
2920 2433 3792 2511 habitatoribus,etimportunis

2145 2522 2387 2578 vocibus
2443 2521 2604 2579 illius
2655 2537 2869 2578 nomen
2941 2523 3427 2582 acclamantibus.
3484 2526 3794 2584 Audierant

2147 2626 2403 2684 namque
2444 2626 2620 2684 quam
2669 2610 2860 2666 fuerat
2905 2628 2940 2691 a
2987 2612 3263 2684 primaeva
3318 2619 3487 2672 aetate
3541 2616 3667 2674 Deo
3723 2632 3795 2672 ae-

2146 2698 2543 2773 ceptissimus,
2576 2713 2753 2771 quam
2775 2697 2836 2753 in
2856 2697 2957 2753 illa
2976 2699 3071 2754 cui
3092 2703 3337 2771 praeerat
3361 2702 3629 2760 Ecclesia
3660 2704 3792 2761 solli-

2145 2788 2319 2857 citus,
2343 2804 2522 2861 quam
2544 2786 2797 2858 denique
2819 2786 2877 2842 in
2899 2787 3061 2842 omni
3084 2802 3146 2843 re
3166 2787 3320 2843 bona
3338 2791 3397 2844 et
3416 2789 3655 2862 optima
3676 2811 3789 2867 pro-

2145 2877 2489 2934 batissimus
2521 2891 2534 2931 :
2568 2877 2624 2931 et
2654 2890 2724 2930 ea
2753 2889 2815 2930 re
2844 2873 3162 2932 noluerunt
3202 2875 3417 2934 habere
3448 2878 3641 2939 alium
3673 2896 3788 2940 cum

2144 2964 2373 3039 possint
2401 2962 2617 3019 habere
2645 2961 3057 3020 lectissimum.
3088 2964 3289 3037 Neque
3332 2965 3499 3023 illum
3530 2969 3697 3042 juvit
3717 2989 3790 3028 ex-

2143 3051 2368 3110 cusatio
2415 3065 2707 3107 canonum
2754 3050 3099 3110 auctoritate
3146 3058 3453 3127 praetensa,
3495 3059 3601 3130 qui
3652 3061 3791 3117 sicut

2141 3140 2445 3198 ecclesiam
2470 3156 2648 3196 unam
2662 3140 2894 3198 duobus
2912 3158 3041 3199 esse
3057 3142 3348 3216 episcopis
3366 3147 3787 3217 contradicunt,

2140 3227 2223 3307 ita
2243 3229 2392 3286 duas
2421 3228 2711 3289 Ecclesias
2733 3230 2836 3285 uni
2859 3229 3132 3304 episcopo
3162 3230 3287 3288 fieri
3316 3249 3488 3305 posse
3517 3252 3640 3293 non
3672 3254 3787 3310 per-

2062 3317 2390 3402 C‘mittunt
2420 3334 2433 3373 :
2467 3318 2613 3374 Cum
2643 3318 2924 3388 Joannes,
2955 3318 3252 3393 inquiunt,
3287 3320 3535 3380 dilectus
3566 3323 3787 3381 Domini

2145 3408 2367 3480 septem
2398 3405 2673 3463 Ecclesiis
2702 3411 2877 3480 atque
2907 3407 3196 3482 episcOpis
3235 3424 3438 3466 earum
3481 3413 3785 3484 praefuerit,

2145 3500 2202 3552 et
2231 3496 2439 3552 beatus
2472 3494 2689 3552 Paulus
2718 3496 2986 3553 omnium
3035 3497 3429 3556 Ecclesiarum
3459 3496 3788 3557 sollicitudi-

2144 3601 2277 3640 nem
2300 3583 2477 3640 simul
2498 3585 2555 3640 et
2571 3584 2977 3658 magisterium
3008 3585 3299 3643 habuerit.
3324 3587 3569 3645 Talibus
3593 3591 3788 3646 beatus

2144 3672 2405 3730 Pontifex
2433 3672 2729 3729 rationum
2762 3672 3119 3730 testimoniis
3138 3674 3666 3743 vic'tus,Lundana2
3694 3694 3785 3733 ur-
3816 3684 3819 3687 ‘

2143 3762 2235 3819 bis
2293 3761 2541 3818 antistes
2613 3760 3020 3831 intronizatur,
3080 3780 3196 3820 non
3271 3763 3609 3838 relinquens
3667 3783 3785 3822 eam

2143 3867 2323 3924 quam
2346 3852 2478 3907 ante
2498 3850 2785 3907 habuerat
2813 3850 3153 3920 Ecclesiam,
3190 3853 3290 3909 sed
3335 3853 3569 3926 utrique
3599 3856 3783 3928 presi-

2143 3941 2310 4009 dens,
2346 3943 2657 4012 utramque
2704 3956 2940 4013 regens,
2978 3940 3288 4015 utriusque
3334 3958 3505 3999 verus
3553 3960 3622 4000 ac
3665 3960 3783 4017 pro-

2144 4028 2308 4101 prius
2357 4028 2615 4101 pontifex
2671 4028 2944 4085 existens.
2979 4030 3170 4086 Habes
3227 4046 3385 4104 ergo,
3426 4033 3783 4090 sanctissime

2145 4118 2333 4185 Pater,
2356 4114 2619 4191 gladium
2642 4116 2826 4186 Pauli,
2850 4133 3024 4189 quem
3054 4117 3159 4174 tibi
3183 4119 3412 4175 caelitus
3436 4120 3780 4176 destinatum

2145 4205 2285 4262 olim
2314 4205 2441 4279 ipse
2471 4204 2779 4275 detulerat,
2812 4210 2870 4261 et
2896 4206 2968 4261 ad
3000 4206 3345 4265 dividendos
3384 4207 3656 4264 Ecclesiae
3684 4205 3780 4264 ini-

2144 4294 2328 4351 micos
2356 4294 2694 4350 habendum
2738 4294 3078 4351 tradiderat.
3114 4296 3184 4351 Et
3212 4296 3483 4369 quamvis
3508 4296 3669 4370 prior
3692 4299 3782 4352 tua

2144 4382 2497 4457 pontificalis
2528 4386 2788 4456 potestas
2817 4400 2934 4439 non
2975 4384 3197 4456 absque
3226 4385 3424 4460 vigore
3454 4386 3779 4461 evangelica

2144 4471 2468 4545 disciplina
2526 4470 2936 4528 administrata
2991 4472 3088 4542 sit,
3122 4490 3237 4530 non
3286 4477 3482 4531 tamen
3535 4490 3663 4532 eam
3693 4474 3781 4531 aut

2144 4560 2358 4635 gladio,
2377 4563 2482 4617 aut
2510 4577 2760 4633 persona
2780 4561 3148 4633 prmaidentls
3176 4564 3614 4635 pram‘onstrarl
3634 4580 3780 4638 opor-

2138 4647 2276 4718 tuit,
2302 4653 2607 4722 propterea
2634 4650 2789 4721 quod
2816 4665 3005 4722 neque
3034 4650 3320 4724 virginem
3351 4651 3585 4725 gladius
3607 4654 3775 4718 decet,

2142 4737 2298 4795 viros
2328 4741 2524 4793 autem
2546 4736 2744 4794 decet:
2779 4754 2968 4811 neque
3006 4740 3292 4796 mutando
3321 4739 3516 4797 locum
3554 4739 3776 4798 mutasti

2142 4825 2529 4899 obsequium;
2565 4843 2698 4882 cum
2753 4844 2788 4884 ει
2827 4826 3052 4900 virgine
3103 4826 3286 4885 Matre
3332 4828 3564 4886 Domini
3613 4830 3778 4886 trans-

2144 4914 2344 4971 ircsad
2360 4914 2703 4987 Apostolum
2726 4915 2980 4985 Domini,
2996 4934 3030 4972 a
3060 4917 3446 4990 Wigracistra
3462 4919 3535 4975 ad
3570 4918 3778 4975 Lundo-

2144 5003 2324 5061 niam.
2369 5002 2684 5077 Accingere
2734 5021 2892 5078 ergo,
2927 5003 3174 5062 bellator
3221 5006 3563 5074 fortissime,
3609 5005 3776 5063 accin-

2143 5110 2279 5167 gere
2326 5092 2520 5166 gladio
2569 5093 2838 5166 potentiae
2885 5093 3008 5165 Dei,
3042 5094 3232 5152 factus
3278 5099 3485 5168 potens
3529 5113 3632 5168 per
3657 5110 3773 5152 eum

2144 5185 2245 5258 qui
2278 5200 2458 5257 supra
2502 5184 2693 5239 femur
2747 5201 2981 5256 quoque
3024 5189 3114 5241 est
3141 5185 3592 5258 potentissimus
3620 5183 3771 5255 (Ρεαι.

2142 5291 2293 5339 xuv,
2329 5275 2406 5341 4.)
2435 5273 2506 5328 ad
2540 5271 2941 5328 dimicandum
2989 5274 3271 5331 adversus
3304 5274 3507 5331 mundi
3543 5278 3773 5332 rectores

2143 5363 2517 5419 tenebrarum
2540 5361 2772 5429 harum,
2809 5363 3014 5417 contra
3059 5361 3389 5435 spiritualia
3433 5362 3698 5436 nequitias
3722 5362 3770 5415 in

2143 5451 2477 5509 cmlestibus
2507 5450 2719 5523 (Ephes.
2751 5468 2829 5519 v1,
2866 5452 2975 5521 12).
3009 5449 3211 5507 Divide
3247 5451 3378 5508 illos
3420 5451 3521 5525 qui
3558 5468 3659 5526 per
3696 5465 3773 5505 ne-

2142 5543 2356 5599 farium
2389 5540 2582 5597 scelus
2604 5539 2805 5597 illicito
2829 5540 3155 5597 abutuntur
3184 5540 3581 5611 matrimonio,
3614 5542 3771 5596 necte

2145 5636 2373 5689 revocet
2419 5630 2488 5686 ad
2540 5628 2842 5686 inferenda
2891 5628 3113 5688 ultione
3142 5635 3245 5687 aut
3273 5630 3483 5705 regalis
3513 5633 3768 5704 potestas,

454 5752 565 5825 (43)
596 5751 737 5825 Ejus
766 5755 1011 5825 mortem
1042 5753 1313 5825 revocant
1337 5750 1408 5806 ad
1442 5768 1663 5808 annum
1693 5755 1818 5823 959,
1863 5756 2148 5817 Winteniae
2178 5758 2241 5813 in
2275 5772 2421 5812 novo
2454 5754 2809 5811 monasterio
2840 5753 3169 5814 tumulatus
3200 5760 3308 5825 est,
3343 5758 3490 5813 teste
3522 5753 3768 5815 Wilelmo

381 5820 444 5879 in
464 5820 576 5880 lib.
610 5820 671 5892 1i,
702 5823 781 5881 De
812 5822 1052 5896 regibus
1083 5821 1425 5894 Anglorum,
1461 5841 1589 5898 cap.
1617 5827 1671 5879 7.
