3912 6376
184 490 305 552 Ml

1735 480 1943 549 VITA.

3491 494 3609 555 M2

189 628 300 681 aut
318 623 564 682 Romani
588 622 883 698 pontiﬁcis
906 620 1223 695 singularis
1247 621 1697 678 sublimitas.Da
1720 638 1847 676 sen-
1875 618 1931 687 Ᾱ
1958 617 2056 674 dia
2086 617 2255 674 redit.
2291 617 2576 674 Dominus
2609 635 2863 693 namque
2902 618 3110 695 agebat
3143 640 3245 695 pro
3278 624 3606 698 Dunstano,

190 714 442 771 tentiam
485 714 543 768 in
593 712 790 786 populi
840 714 1177 768 seductores
1224 712 1606 783 argentarios,
1642 716 1699 765 et
1729 728 1843 765 non

190 804 362 876 prius
394 803 465 858 ad
500 820 731 858 sacrum
767 801 955 856 ultare
989 802 1080 856 die
1124 802 1490 856 Pcntecostes
1541 801 1845 856 oblaturus

190 891 499 963 procedas,
533 907 710 963 quam
742 894 799 944 et
838 889 970 944 illos
1018 889 1277 944 vindicta
1326 890 1513 955 feriat,
1546 893 1603 944 et
1632 889 1845 961 populo

191 980 298 1036 Dei
323 980 562 1052 justitia
593 979 914 1051 proveniat.
946 978 1169 1049 Ubique
1200 982 1433 1032 tuarum
1466 978 1634 1049 signa
1664 978 1845 1033 virtu-

188 1073 321 1125 tum
340 1068 849 1140 relinque,ubique
868 1067 1184 1122 Dominicm
1206 1067 1397 1121 erucis
1420 1070 1635 1137 troprea
1655 1067 1844 1140 erige;

191 1158 624 1230 promcreberis
654 1156 871 1211 etenim
902 1160 1032 1227 post
1060 1155 1355 1209 modicum
1379 1155 1642 1225 gladium
1676 1157 1845 1221 Petri,

191 1246 257 1302 in
288 1264 404 1319 quo
435 1247 768 1311 innumera,
798 1244 951 1299 sicut
991 1246 1216 1311 Petrus,
1252 1244 1517 1299 omnium
1568 1263 1847 1317 generum

191 1334 480 1391 animalia
518 1334 749 1390 occides
783 1334 914 1405 (Act.
948 1351 1003 1399 κ,
1044 1333 1127 1399 13,
1165 1335 1273 1401 14),
1303 1337 1359 1388 et
1392 1334 1449 1387 in
1482 1350 1693 1406 corpus
1740 1336 1848 1389 Ec-

192 1424 385 1479 clesiae
400 1422 809 1480 manducando
832 1422 1109 1493 trajicies.
1127 1422 1848 1495 Promerebcris,inquam,

191 1512 462 1585 gladium
512 1511 687 1578 Petri,
735 1511 1086 1583 insignitum
1141 1512 1374 1565 nomine
1433 1513 1850 1583 omnipotentis

194 1599 326 1657 Filii
361 1599 486 1668 Dei,
518 1604 584 1655 ut
613 1600 672 1654 in
704 1598 863 1654 omni
896 1598 1219 1671 Anglorum
1266 1599 1578 1655 latitudine
1627 1600 1849 1672 ligandi

192 1688 574 1761 solvendique
606 1692 867 1761 potestas
898 1705 1001 1759 per
1032 1688 1200 1743 illum
1247 1689 1351 1743 tibi
1406 1694 1709 1761 augeatur,
1746 1707 1850 1746 nec

187 1778 384 1834 valeat
415 1777 474 1833 in
503 1776 649 1833 ovile
684 1777 899 1832 intrare
922 1776 1139 1843 ovium,
1166 1778 1264 1849 qui
1288 1781 1343 1831 te
1367 1777 1605 1833 ductore
1628 1795 1740 1834 non
1765 1797 1851 1835 as-

191 1866 461 1922 cenderit
491 1881 595 1937 per
623 1865 862 1921 ostium.
898 1867 1083 1930 Quam
1135 1866 1343 1920 merito
1393 1868 1609 1922 ostium
1658 1867 1850 1923 horrei

192 1953 557 2035 Dorobernia
590 1957 778 2020 sonat,
814 1956 879 2008 ut
908 1953 1183 2008 horreum
1206 1952 1283 2008 sit
1311 1954 1636 2027 amplitudo
1668 1956 1850 2028 impe-
1882 1992 1931 2056 B

192 2042 268 2099 rii
314 2042 659 2116 Anglorum.
702 2042 919 2098 ostium
977 2056 1111 2097 vero
1160 2042 1524 2116 principatus
1581 2044 1851 2103 Ecclesiaa

192 2130 673 2211 Cantuariorum.

194 2228 381 2288 Odone
431 2236 663 2297 mortuo,
715 2231 949 2302 itemque
1006 2231 1253 2301 Elfsino;
1295 2232 1607 2288 Berthelino
1668 2235 1848 2306 ejecta,

655 2317 1013 2373 Cantuariam
1046 2321 1394 2390 transfertur.

268 2406 359 2461 32.
392 2406 655 2462 Excessit
686 2421 823 2480 ergo
862 2406 1142 2462 humanis
1192 2408 1388 2475 rebus,
1423 2410 1711 2466 deductus
1743 2429 1850 2467 an-

193 2492 464 2567 gelorum
496 2495 772 2550 manibus
800 2494 872 2550 ad
906 2495 1247 2568 paradisum
1280 2497 1551 2570 princeps
1583 2501 1851 2556 sacerdo-

192 2586 324 2638 tum
356 2582 499 2650 Odo,
521 2581 611 2638 vir
639 2582 834 2639 clarus
864 2581 1173 2656 sapientia,
1194 2589 1252 2640 et
1270 2584 1482 2641 virtute
1511 2585 1848 2657 laudabilis,

194 2670 256 2727 et
287 2670 399 2728 nisi
431 2671 777 2727 Dunstanus
808 2674 1168 2741 succederet,
1204 2674 1277 2728 ab
1320 2676 1479 2729 omni
1529 2676 1851 2750 Anglorum

195 2759 338 2817 orbe
388 2758 501 2832 (44)
550 2776 783 2833 semper
830 2761 1153 2819 deﬁendus.
1191 2763 1328 2818 Post
1381 2766 1553 2836 cujus
1601 2766 1851 2836 obitum,

198 2862 335 2904 cum
369 2864 467 2903 rex
492 2848 865 2904 Dunstanum
918 2850 1237 2922 adjuraret,
1271 2855 1338 2906 ut
1367 2851 1640 2925 princeps
1689 2855 1854 2912 ﬁeret

198 2936 599 3006 sacerdotum,
618 2954 723 2993 nec
738 2936 833 2994 ille
850 2939 1146 3010 adjuranti
1166 2938 1286 2995 ulla
1302 2941 1526 2997 ratione
1543 2959 1850 3000 assensum

198 3012 690 3098 accommodaret,
725 3026 1014 3082 assistunt
1062 3027 1325 3099 quidam,
1357 3045 1609 3101 quorum
1642 3048 1854 3088 manus

196 3112 526 3170 Wentonim
558 3114 870 3187 episcopus
889 3115 1148 3172 Elfsinus
1175 3116 1535 3189 impleverat,
1560 3121 1858 3191 postulan-

197 3206 290 3260 tes
320 3202 657 3259 conﬁrmari
690 3200 774 3259 illi
804 3221 1107 3260 summum
1125 3206 1539 3262 sacerdotium.
1570 3208 1673 3265 Hic
1697 3210 1854 3266 enim

196 3292 258 3350 et
283 3296 417 3349 ante
446 3292 706 3349 Odonem
737 3311 1040 3350 summum
1090 3295 1483 3351 sacerdotium
1526 3298 1850 3367 ambierat;

194 3376 302 3439 sed
335 3384 534 3438 custos
567 3380 834 3438 Ecclesiae
857 3400 976 3438 suae
998 3382 1268 3438 Christus
1289 3384 1671 3442 ambitionem
1695 3359 1853 3444 illius
1888 3359 1932 3426 δ

196 3464 580 3542 impediebat.
607 3470 807 3543 Itaque
829 3488 930 3527 rex
948 3488 1045 3526 eos
1069 3470 1169 3543 qui
1191 3471 1539 3529 muneribus
1562 3476 1858 3546 pontiﬁcis

195 3556 458 3630 corrupti
490 3556 742 3627 fuerant,
769 3558 916 3614 nihil
944 3559 1298 3630 suspiciens,
1312 3563 1369 3615 et
1385 3560 1456 3615 ob
1475 3561 1583 3617 hoc
1600 3563 1855 3635 simplici

195 3664 300 3705 eos
319 3646 517 3704 animo
539 3646 879 3715 exaudiens,
901 3649 1166 3703 orbatam
1191 3652 1423 3719 pastore
1447 3650 1767 3708 Ecclesiam
1784 3653 1857 3709 ei-

194 3736 335 3792 dem
368 3734 612 3792 tradidit
641 3736 1107 3808 gubernandam.
1141 3736 1253 3791 Sed
1286 3752 1421 3791 cum
1455 3738 1700 3793 Romam
1721 3756 1855 3813 pro-

194 3824 388 3881 fectus
419 3822 651 3891 fuisset,
687 3828 753 3879 ut
781 3823 1030 3896 pallium
1063 3842 1097 3879 a
1126 3825 1261 3879 sede
1311 3826 1632 3896 apostolica
1669 3827 1855 3884 susci-

194 3915 384 3987 peret,
417 3908 579 3987 gravi
611 3910 765 3969 inter
782 3912 955 3985 Alpes
979 3912 1193 3986 frigore
1217 3917 1519 3985 correptus
1543 3915 1753 3971 misere
1776 3915 1857 3971 in-

195 4001 380 4070 teriit,
415 3994 597 4076 digna
626 3999 739 4057 sibi
778 4001 1001 4058 ultione
1047 4001 1331 4057 divinitus
1380 4009 1852 4076 recompensata;

196 4088 261 4146 ui
295 4087 395 4163 qui
428 4086 501 4145 ab
532 4105 730 4145 amore
760 4089 1088 4145 cculestium
1121 4089 1424 4162 friguisset
1455 4090 1513 4145 in
1547 4092 1858 4165 corde,per

196 4176 434 4251 frigoris
465 4177 841 4250 asperitatem
874 4178 1091 4251 periret
1121 4178 1179 4233 in
1212 4193 1470 4250 corpore,
1496 4183 1553 4235 et
1583 4180 1683 4252 qui
1715 4180 1855 4237 alie-

197 4283 309 4325 nos
340 4264 592 4323 honores
623 4265 846 4323 ambire
891 4266 1386 4339 prmsumpsisset,
1421 4266 1547 4339 ipse
1577 4268 1635 4323 in
1667 4268 1858 4326 aliena

200 4354 438 4430 regione
466 4348 756 4423 mortuus,
786 4355 1068 4411 honorem
1101 4355 1318 4428 pariter
1348 4359 1405 4412 et
1424 4356 1603 4413 vitam
1625 4359 1854 4414 amitte-

199 4446 310 4501 ret.
344 4443 562 4501 Iterum
574 4460 779 4516 preces
791 4444 862 4500 de
874 4433 1382 4517 archiepiscopatu
1406 4444 1710 4502 Dunstano
1732 4446 1859 4502 fun-

196 4529 444 4601 duntur,
481 4549 586 4589 nec
618 4531 943 4605 quidquam
974 4531 1034 4587 in
1066 4532 1262 4588 animo
1286 4532 1446 4590 illius
1470 4535 1857 4592 confessionis

199 4622 539 4694 operantur.
571 4618 938 4694 Quapropter
977 4620 1255 4694 deligitur
1286 4622 1358 4677 ad
1390 4620 1855 4694 patriarchatum

1957 712 2023 763 ut
2040 708 2308 779 impleret
2330 709 2571 763 verbum
2591 726 2786 775 suum,
2805 711 2956 781 quod
2978 713 3325 782 promiserat
3346 714 3404 770 in
3428 732 3607 774 manu

1956 798 2289 869 principum
2338 796 2499 868 regni
2550 796 2657 852 sui.
2694 798 3016 854 Advertens
3060 806 3254 856 autem
3291 821 3386 858 rex
3420 806 3607 878 Edga-

1956 905 2058 942 rus
2096 886 2308 941 horum
2345 887 2832 958 reprobationem,
2869 890 3127 946 melioris
3175 909 3303 948 esse
3350 897 3607 953 vocatio-

1958 992 2114 1042 nem,
2151 975 2460 1047 solumque
2493 976 2551 1031 in
2585 976 2860 1031 onmibus
2888 978 3226 1035 hominibus
3260 999 3388 1039 esse
3412 985 3607 1042 Duns-

1956 1067 2184 1129 tanum,
2230 1063 2323 1118 cui
2382 1082 2551 1119 nemo
2603 1066 2872 1134 conferri,
2920 1066 3037 1123 imo
3087 1071 3362 1128 omnibus
3412 1080 3610 1146 posset

1958 1152 2234 1223 praeferri,
2273 1152 2443 1206 tertio
2483 1152 2648 1207 illum
2682 1155 2955 1225 precibus
2989 1157 3316 1229 fatigatum,
3351 1164 3611 1220 tandem-

1958 1256 2071 1311 que
2122 1257 2254 1295 cum
2301 1241 2391 1296 sui
2454 1242 2662 1313 ipsius,
2698 1248 2823 1298 tum
2878 1246 3143 1301 omnium
3200 1248 3607 1322 episcoporum

1959 1328 2406 1400 importunitate
2439 1336 2803 1401 superatum,
2821 1333 3021 1404 primae
3046 1338 3383 1408 metropolis
3403 1339 3611 1413 Anglo-

1960 1433 2091 1471 rum
2124 1416 2433 1488 primatem
2468 1435 2531 1473 ae
2564 1419 2955 1490 patriarcham
2990 1424 3396 1498 instituit(45).
3426 1430 3608 1495 Quem

1960 1506 2160 1560 statim
2192 1506 2263 1561 ob
2296 1508 2474 1561 robur
2504 1507 2834 1579 apostolica:
2868 1512 3000 1566 ﬁdei
3032 1512 3120 1568 vel
3151 1517 3611 1595 auctoritatispd

1962 1594 2304 1649 Romuleam
2352 1595 2557 1650 urbem
2609 1598 2953 1669 profectum,
3008 1601 3308 1659 Romanus
3356 1594 3614 1677 pontifex

1959 1682 2073 1750 (46)
2098 1683 2291 1737 videre
2322 1686 2664 1755 promeruit,
2689 1703 2942 1759 eumque
2969 1690 3152 1743 sacris
3174 1693 3611 1763 pontiﬁcalibus

1960 1771 2321 1836 decoratum,
2353 1772 2519 1844 quasi
2550 1774 2823 1846 angelum
2858 1776 3086 1832 Domini
3119 1781 3500 1850 exercituum,
3537 1784 3609 1839 ad

1960 1859 2305 1914 exibendam
2346 1859 2552 1915 divinae
2604 1861 2750 1934 legis
2801 1865 3129 1935 scientiam,
3164 1873 3267 1924 aut
3318 1870 3487 1942 quasi
3515 1889 3608 1929 co-

1961 1946 2226 2003 lumnam
2258 1946 2410 2003 lucis
2441 1949 2512 2004 ad
2537 1949 2991 2009 illuminandam
3016 1956 3223 2011 faciem
3248 1961 3610 2033 terrm,genti

1959 2036 2279 2109 Anglorum
2312 2038 2662 2094 transmisit.
2698 2041 2840 2095 Ecce
2872 2045 3371 2114 quemadmodum
3404 2048 3609 2121 imple-

1960 2129 2021 2180 ta
2050 2128 2207 2193 sunt,
2243 2141 2369 2197 quae
2404 2142 2506 2197 per
2549 2126 2812 2199 gladium
2862 2132 3036 2187 verbo
3084 2131 3187 2188 Dei
3235 2135 3608 2208 inscriptum,
3650 2146 3653 2151 '

1961 2230 2028 2269 ac
2079 2213 2250 2268 beata
2308 2214 2592 2286 principis
2654 2217 3053 2287 apostolorum
3112 2221 3263 2277 Petri
3323 2223 3613 2298 legatione

1960 2300 2311 2370 exhibitum,
2351 2305 2512 2357 tanto
2563 2308 2698 2359 ante
2748 2308 3143 2377 praenuntiata
3189 2310 3446 2368 fuerunt.
3499 2314 3612 2369 Sed

1961 2389 2103 2461 quid
2137 2388 2247 2444 sibi
2278 2388 2402 2444 vult
2429 2391 2585 2462 quod
2610 2392 2680 2447 de
2708 2409 2887 2449 manu
2914 2397 3069 2452 tertii
3095 2400 3340 2471 apostoli
3372 2402 3611 2458 tertium

1959 2476 2224 2549 gladium
2255 2478 2564 2549 acceperit,
2597 2496 2731 2535 cum
2763 2480 2822 2537 in
2850 2483 3097 2541 ecclesia
3146 2504 3273 2561 quae
3323 2489 3435 2544 sub
3482 2492 3615 2563 ejus

1961 2566 2199 2622 nomine
2230 2567 2383 2638 apud
2408 2566 2802 2625 Rovecistram
2822 2574 3171 2631 venerabilis
3192 2576 3609 2652 habetur,pona

1961 2654 2101 2710 tifex
2151 2671 2521 2728 nequaquam
2572 2657 2831 2714 sederit?
2874 2662 3036 2717 Sedit
3084 2663 3253 2735 plane
3300 2670 3609 2737 potestate,

1960 2742 2071 2798 etsi
2117 2760 2231 2797 non
2279 2743 2564 2815 corporali
2616 2747 2913 2817 sessione;
2946 2751 3116 2818 sedit,
3148 2752 3390 2825 inquam
3444 2759 3610 2827 pote-

1962 2836 2131 2897 state,
2177 2832 2421 2905 imperio
2475 2835 2647 2902 sedit,
2700 2837 3036 2894 defensione
3096 2840 3266 2910 sedit,
3312 2842 3612 2901 beneﬁciis

1962 2921 2132 2976 sedit.

1963 3018 2224 3075 Columba
2278 3021 2422 3077 inter
2474 3039 2633 3078 sacra
2696 3024 3027 3080 illustratur.
3087 3026 3296 3099 Aquam
3352 3046 3421 3086 ea:
3479 3047 3614 3103 rupe

2702 3113 2870 3168 elicit.

2035 3196 2124 3251 33.
2161 3197 2271 3253 Sed
2306 3215 2376 3254 ne
2405 3198 2691 3255 virtutum
2723 3200 2886 3257 illius
2916 3204 3109 3275 gratia
3138 3206 3279 3262 urbs
3301 3207 3627 3285 Cantuariag

1962 3288 2120 3340 esset
2146 3285 2391 3358 privata,
2422 3291 2524 3343 aut
2553 3294 2937 3362 augmentum
2969 3295 3225 3366 suscepti
3258 3295 3497 3353 honoris
3526 3298 3615 3354 di-

1971 3374 2220 3429 minutio
2238 3377 2539 3446 prazteritze
2560 3378 2855 3434 videretur
2876 3380 3055 3437 fuisse
3075 3382 3615 3457 virtutis,dignatns

1965 3466 2056 3517 est
2086 3462 2340 3534 Spiritus
2366 3470 2606 3522 sanctus
2648 3468 2811 3523 novis
2862 3469 3217 3540 quibusdam
3264 3474 3465 3543 gratias
3495 3492 3617 3531 sua:

1964 3550 2271 3622 principiis
2288 3551 2370 3606 ita
2385 3552 2576 3608 virum
2595 3554 2653 3609 in
2672 3555 2916 3611 ecclesia
2932 3556 3250 3615 Salvatoris
3271 3559 3610 3631 clariﬁcare,

1964 3642 2031 3693 ut
2054 3638 2345 3695 mirabilis
2376 3640 2499 3712 ipse
2529 3646 2691 3697 extra
2719 3642 2979 3699 hominis
3018 3650 3287 3702 naturam
3319 3648 3617 3707 videretur

1964 3741 2112 3782 esse.
2149 3727 2317 3795 Nam,
2351 3745 2486 3783 cum
2518 3728 2611 3784 die
2642 3731 2925 3787 adventus
2946 3732 3038 3788 sui
3060 3733 3249 3806 primo
3272 3737 3455 3794 sacris
3475 3738 3615 3796 alta-

1965 3814 2131 3871 ribus
2184 3816 2502 3887 assisteret,
2536 3822 2594 3873 et
2642 3819 2860 3891 populo
2908 3821 3005 3876 Dei
3055 3822 3349 3879 viviﬁcum
3399 3840 3611 3897 panem

1964 3903 2369 3960 distribuendo
2438 3907 2780 3980 porrigeret,
2841 3914 3077 3981 repente
3137 3917 3403 3970 contecta
3458 3917 3613 3973 nube

1964 3992 2160 4061 domo,
2193 3992 2465 4050 columba
2496 3996 2555 4051 in
2582 3997 2834 4052 Jordane
2866 4015 2901 4053 a
2928 3999 3153 4056 Joanne
3182 4000 3322 4058 olim
3351 4003 3477 4060 visa
3505 4005 3610 4062 ite-

1965 4097 2098 4135 rum
2131 4083 2401 4154 apparuit
2428 4086 2578 4153 (Luc.
2614 4102 2697 4152 ιιι,
2730 4086 2842 4157 22),
2878 4104 3004 4159 quae
3037 4106 3344 4163 quousque
3385 4094 3612 4148 sacriﬁ-

1965 4169 2123 4225 cium
2154 4176 2308 4227 esset
2334 4178 2752 4246 consumptum
2785 4192 2962 4247 super
2993 4177 3159 4234 illum
3192 4181 3611 4238 mansit.Cum-

1966 4275 2077 4330 que
2107 4265 2525 4333 consumptum
2547 4267 2703 4319 esset
2723 4265 3102 4334 sacriﬁcium,
3130 4268 3416 4340 requievit
3434 4287 3616 4343 supra

1964 4348 2310 4404 memoriam
2342 4350 2496 4406 beati
2526 4351 2765 4422 Odonis,
2799 4369 2925 4424 quea
2947 4354 3019 4409 ad
3041 4356 3362 4412 australem
3385 4362 3613 4429 partem

1938 4480 1939 4483 η
1965 4436 2167 4492 altaris
2198 4437 2260 4492 in
2292 4440 2533 4494 modum
2565 4440 2887 4513 pyramidis
2918 4446 3213 4498 exstructa
3233 4444 3382 4499 fuit:
3407 4461 3478 4501 ex
3496 4454 3615 4519 qua

1966 4525 2059 4582 die
2090 4526 2172 4582 ita
2200 4526 2460 4599 pontifex
2490 4529 2765 4584 meritum
2798 4530 3063 4601 ejusdem
3099 4530 3356 4588 hominis
3387 4534 3488 4590 Dei
3521 4551 3615 4591 re-

1963 4616 2185 4672 veritus
2225 4621 2338 4685 est,
2368 4622 2435 4673 ut
2484 4635 2788 4690 nunquam
2834 4620 3214 4691 pertransiret
3262 4621 3377 4678 nisi
3424 4640 3617 4697 genua

198 4706 643 4766 Cantuariensis
682 4704 951 4765 Ecclesiae
982 4708 1356 4766 Berthelinus
1404 4711 1856 4768 Dorsacensium
1887 4724 1935 4790 ι)
1966 4705 2240 4776 ﬂecteret,
2271 4707 2609 4780 bonumque
2639 4706 2809 4763 illum
2839 4713 3087 4778 vocaret,
3122 4709 3205 4765 ita
3231 4711 3433 4768 dicens
3467 4729 3480 4768 :
3514 4713 3617 4769 Hic

200 4798 535 4873 episcopus,
570 4798 748 4855 homo
784 4800 1151 4855 mansuetior
1199 4816 1379 4872 quam
1429 4800 1770 4871 industrior,
1803 4807 1860 4859 et

200 4885 304 4960 qui
334 4903 453 4942 sua!
485 4886 678 4959 magis
709 4902 889 4959 quam
918 4885 1120 4942 alienze
1149 4886 1281 4941 vita)
1313 4892 1513 4943 nosset
1533 4889 1854 4946 consulere.

202 4975 258 5033 Is
288 4977 422 5047 post
449 4991 667 5047 paucos
698 4973 956 5047 suscepti
986 4974 1362 5046 pontiﬁcatus
1407 4976 1552 5043 dies,
1587 4978 1858 5050 cognitus

202 5056 361 5138 quod
392 5063 464 5119 ad
495 5067 723 5120 tantam
757 5079 881 5119 rem
914 5062 1114 5119 minus
1137 5067 1293 5119 esset
1314 5063 1803 5135 idoneus,jussus
1826 5084 1860 5121 a

202 5169 340 5227 rege
367 5157 425 5209 et
454 5151 615 5208 omni
645 5152 887 5224 populo,
919 5151 1235 5206 Cantuaria
1271 5153 1540 5220 discedit,
1577 5158 1753 5225 atque
1784 5156 1856 5210 ad

202 5240 467 5299 relictam
502 5258 691 5313 nuper
719 5239 1037 5296 Ecclesiam
1073 5258 1241 5297 suam
1276 5258 1389 5296 non
1422 5241 1549 5296 sine
1578 5259 1855 5299 verecun-

299 5356 389 5428 44)
422 5355 546 5428 Ηιιο
571 5356 868 5428 pertinent
896 5355 1171 5412 Willelmi
1206 5355 1380 5428 verba
1402 5356 1460 5411 in
1492 5356 1708 5412 Odone.

209 5450 238 5501 ς(
267 5427 628 5501 Quantulum
663 5430 858 5501 autem
881 5431 971 5482 est
992 5427 1395 5501 testimonium
1419 5429 1573 5501 quod
1597 5428 1649 5483 ei
1671 5428 1859 5501 perhi-

205 5499 305 5571 bet
332 5498 766 5571 Osbernus,qui
790 5516 925 5554 eum
956 5499 1118 5571 dicit
1160 5516 1263 5571 pro
1313 5498 1623 5554 sanetitate
1664 5498 1772 5554 sua
1801 5505 1859 5555 et

206 5569 503 5642 industria
528 5570 604 5642 ab
634 5569 794 5625 omni
824 5569 1147 5642 Anglorum
1161 5569 1316 5625 ‘orbe
1362 5587 1592 5642 semper
1637 5571 1855 5626 deflen-

206 5642 347 5699 dum
380 5640 495 5697 nisi
526 5641 869 5697 Dunstanus
897 5640 1299 5697 successisset.
1334 5664 1379 5690 »-

275 5713 389 5781 (45)
418 5711 586 5767 Anno
612 5713 714 5768 961
749 5713 1008 5768 Odonem
1041 5717 1363 5781 mortuum,
1396 5717 1454 5768 et
1482 5711 1855 5769 Dunstanum

207 5783 258 5839 ei
289 5783 675 5857 subrogatum
706 5784 888 5841 fuisse
918 5785 1084 5841 docet
1132 5783 1517 5857 Chronologia
1548 5784 1851 5851 Saxonica,

1968 4793 2283 4867 requiescit
2312 4795 2435 4852 Odo
2461 4795 2672 4852 bonus.

2037 4884 2127 4938 34.
2161 4883 2268 4939 Per
2296 4883 2450 4938 idem
2476 4888 2715 4957 tempus
2737 4885 2977 4957 quidam
3003 4903 3255 4960 magnus
3274 4888 3544 4945 videlicet
3563 4894 3620 4947 et

1968 4976 2175 5042 potens
2207 4971 2488 5028 Salvatori
2521 4973 2828 5030 aediculam
2875 4974 3169 5043 instituit;
3204 4977 3277 5033 ad
3311 4994 3488 5050 quam
3521 4996 3619 5035 sa-

1966 5060 2267 5128 crandam,
2301 5065 2359 5116 et
2380 5062 2516 5132 jure
2546 5062 2780 5134 proprio
2810 5063 3227 5135 possidendam
3271 5068 3621 5126 venerabilis

1967 5149 2226 5221 pontifex
2256 5150 2597 5207 Dunstanus
2626 5150 2908 5208 invitatus
2939 5154 3205 5210 accessit.
3241 5154 3345 5211 Ubi
3379 5173 3515 5212 cum
3547 5159 3620 5214 ad

1968 5238 2360 5295 ministerium
2395 5238 2779 5297 dedicationis
2802 5259 2955 5314 aqua
2977 5243 3279 5311 defuisset,
3300 5261 3367 5299 ac
3387 5262 3492 5317 per
3510 5245 3619 5302 hoc

2008 5353 2308 5431 namaliis
2339 5356 2682 5412 auctoribus
2714 5357 2771 5431 iu
2806 5356 3024 5431 Qdonis
3045 5358 3205 5414 Actis
3230 5359 3613 5431 praetulimus.

2008 5371 2143 5409 nam
2177 5371 2308 5410 auls
2339 5371 2682 5412 auctoribus
2714 5374 2771 5412 lu
2806 5371 3024 5414 Udonis
3045 5371 3205 5414 Actis
3230 5374 3351 5431 prae

1964 5371 2046 5481 De
2076 5426 2253 5501 pallio
2285 5432 2693 5501 actumisupra
2724 5428 2781 5482 in
2818 5428 3233 5486 Observatione
3267 5432 3351 5486 12.

2040 5499 2245 5569 (46)Β.
2280 5499 2444 5554 addit
2476 5499 2777 5555 Dunstano
2808 5506 3202 5557 commeatum
3247 5502 3318 5556 ob
3372 5500 3615 5558 nimiam

1963 5568 2306 5625 victualium
2364 5572 2783 5644 erogationem,
2836 5573 2894 5627 in
2945 5573 3151 5627 itinere
3182 5571 3486 5644 defecisse,
3514 5570 3613 5628 sed

1965 5646 2373 5722 murmurante
2404 5642 2795 5715 procuratore,
2831 5643 3102 5703 abbatem
3134 5642 3448 5713 quemdam
3484 5644 3618 5703 διιδ-

1963 5728 2214 5768 νθῐιιεδρ.
