3912 6364
311 400 432 464 443

1321 401 1385 465 S.
1432 398 1902 465 DUNSTANUS
1945 396 2296 463 EPISCOP.
2344 400 2746 465 CANTUAR.

3617 393 3739 459 4M

312 536 610 593 invitatori
659 534 1014 591 vdrecundia
1062 535 1426 603 accessisset,
1463 535 1536 589 ad
1585 550 1782 589 vocem
1833 531 1963 601 viri,
1994 532 2053 601 Α
2084 533 2188 589 siis
2220 533 2611 605 expellendos.
2646 533 2728 589 Ex
2758 549 2871 605 quo
2905 532 3123 589 factum
3146 536 3235 588 est
3256 533 3322 588 ut
3343 530 3736 605 quarumdam

313 643 493 698 quam
527 643 627 696 per
658 629 930 678 naturam
987 642 1099 678 non
1153 624 1384 688 habuit,
1418 641 1519 694 per
1566 623 1817 695 gratiam
1868 622 1968 676 Dei

315 714 481 769 arida
512 730 684 783 rupes
717 729 929 784 aquam
985 712 1246 783 profudit
1290 728 1415 784 qua:
1447 713 1517 765 de
1567 712 1771 765 eadem
1828 727 1968 781 rupe

314 819 501 873 usque
534 799 706 854 hodie
740 817 987 855 manans
1017 800 1153 867 (47),
1189 816 1253 852 ac
1286 798 1657 853 salutiferum
1700 798 1970 853 fidelibus

315 889 591 962 poculum
624 890 910 960 prmbcns,
946 888 1233 942 Dunstani
1270 905 1481 943 nomen
1522 887 1747 942 celebre
1799 887 1959 942 facit.

494 996 701 1066 Anglia?
730 1002 929 1049 stutum
961 997 1237 1064 refermat.
1273 994 1491 1048 Codices
1521 993 1786 1049 mnendat.

385 1087 725 1141 Dunstanus
761 1084 937 1155 igitur
963 1083 1209 1137 candida
1244 1083 1607 1155 apostolatus
1642 1083 1733 1137 sui
1768 1082 1971 1137 stolaa

314 1176 598 1243 Romano,
614 1178 678 1227 ut
697 1172 972 1239 diximus,
991 1173 1265 1244 pontifice
1287 1171 1593 1236 infulatus,
1610 1175 1667 1226 et
1686 1172 1967 1226 universae

309 1263 628 1335 Anglorum
662 1261 844 1333 genti,
879 1278 1099 1314 necnon
1129 1265 1185 1314 et
1218 1260 1347 1313 aliis
1380 1261 1718 1331 regionibus
1750 1259 1968 1332 Anglo-

312 1368 445 1405 rum
469 1365 647 1419 regno
669 1348 990 1419 suppositis
1010 1347 1345 1419 patriarcha
1362 1348 1714 1413 destinatus,
1738 1347 1970 1401 festina-

311 1438 413 1494 bat
444 1436 708 1508 singulas
742 1435 997 1507 regionis
1028 1435 1250 1505 digredi
1285 1435 1568 1499 civitates,
1596 1440 1660 1489 ut
1683 1435 1731 1489 si
1755 1434 1969 1506 quibus

311 1542 523 1581 nomen
560 1524 692 1579 fidei
728 1524 1094 1595 incognitum
1131 1522 1337 1577 fuisset
1381 1523 1743 1594 praedicaret,
1780 1527 1836 1578 et
1866 1524 1967 1577 do-

311 1613 589 1669 mesticos
620 1613 752 1667 fidei
786 1611 1117 1683 Apostolica
1151 1609 1462 1665 traditione
1486 1612 1557 1666 ad
1582 1612 1801 1666 bonum
1821 1628 1968 1682 opus

309 1702 645 1758 instrueret.
694 1701 809 1755 Nec
856 1699 1026 1754 facile
1076 1703 1201 1754 erat
1244 1699 1580 1771 quempiam
1633 1699 1967 1755 auditorum

310 1791 441 1861 ejus
474 1807 589 1846 non
622 1806 751 1845 esse
784 1788 1117 1857 docibilem,
1152 1793 1459 1860 propterea
1491 1789 1643 1860 quod
1692 1792 1851 1844 tanta
1882 1787 1965 1843 illi

311 1896 509 1969 rerum
542 1877 841 1969 subtilitas
873 1878 1081 1941 inerat,
1112 1881 1278 1969 tanta
1317 1876 1550 1969 dicendi
1604 1876 1868 1969 facultas,
1903 1881 1970 1932 ut
1998 1902 2046 1969 B

311 1966 458 2022 nihil
490 1970 647 2023 esset
675 1970 778 2021 aut
808 1965 1047 2021 inventu
1080 1964 1426 2036 sapientius,
1462 1970 1564 2019 aut
1596 1964 1755 2020 dictu
1797 1982 1966 2020 orna-

309 2055 451 2123 tius,
487 2059 590 2111 aut
617 2054 824 2109 auditu
849 2054 1191 2125 jocundius.
1217 2054 1362 2108 Cum
1387 2058 1584 2108 autem
1608 2070 1641 2107 a
1666 2054 1968 2109 forinsecis

311 2144 488 2200 rebus
502 2141 733 2213 requies
747 2142 887 2196 data
905 2142 1131 2209 fuisset,
1148 2146 1288 2196 tunc
1307 2142 1680 2212 conjunctius
1699 2158 1833 2197 eum
1851 2143 1968 2198 Deo

310 2247 568 2301 manere,
583 2230 767 2285 sacris
784 2229 1000 2302 vigiliis
1018 2228 1365 2295 insistendo,
1388 2229 1615 2284 divinas
1638 2230 1968 2302 Scripturas

310 2319 579 2393 legendo,
614 2322 716 2374 aut
746 2334 949 2373 earum
974 2317 1203 2373 codices
1222 2318 1589 2373 emcndando
1609 2336 1622 2386 ;
1643 2336 1971 2375 summum-

310 2425 423 2481 que
435 2407 697 2463 studium
712 2410 837 2461 erat
850 2410 916 2460 ut
930 2423 1232 2477 nunquam
1248 2406 1507 2461 adivinis
1522 2407 1971 2477 oporibusvaca—

310 2500 416 2553 ret.
450 2496 561 2552 Sed
594 2511 751 2551 nunc
778 2494 1292 2565 verumjudicium
1315 2493 1468 2549 inter
1488 2495 1677 2549 virum
1700 2499 1757 2551 et
1777 2495 1967 2551 virum

310 2585 661 2651 discernere,
696 2599 853 2638 nunc
886 2583 1211 2654 impacatas
1242 2582 1551 2638 hominum
1587 2588 1814 2640 mentes
1846 2584 1968 2657 pla-

310 2674 440 2731 cido
473 2688 741 2729 sermone
774 2669 1175 2744 tranquillam,
1199 2672 1407 2727 horum
1434 2672 1631 2743 inepta
1655 2672 1969 2729 dissolvere

312 2761 588 2834 conjugia
616 2762 751 2831 (48),
781 2760 1017 2815 illorum
1059 2759 1392 2815 hmreticam
1444 2761 1697 2816 refutare
1744 2763 1969 2836 opinio-

316 2867 487 2919 nem;
521 2849 617 2904 hic
648 2849 917 2921 neglecta
946 2865 1242 2917 renovare,
1276 2848 1397 2905 illic
1428 2866 1577 2905 nova
1597 2856 1968 2917 construere;

315 2956 505 3011 neque
537 2940 867 3010 superfluas
898 2938 1313 2994 aedificationes
1343 2942 1447 2993 aut
1466 2939 1727 3010 aggredi,
1755 2944 1855 2994 aut
1876 2954 1972 2993 ne-

316 3026 603 3084 cessarias
636 3026 1114 3098 praetermittere;
1149 3025 1361 3091 viduis,
1396 3026 1675 3096 orphanis
1707 3043 1772 3081 ac
1801 3043 1968 3097 pere-

313 3114 504 3190 grinis
521 3131 589 3169 ex
602 3115 785 3186 justis
806 3112 1063 3168 ecclesia:
1087 3112 1414 3167 redditibus
1436 3113 1778 3179 subvenire;
1804 3130 1971 3185 pecu-

318 3202 479 3258 niam
512 3217 626 3256 non
654 3199 802 3255 lucri
843 3199 1251 3265 aestimatione,
1282 3200 1383 3253 sed
1432 3198 1665 3269 pietatis
1714 3199 1965 3271 acquisi-

313 3290 473 3347 tione
486 3288 699 3343 habere
716 3307 729 3356 ;
748 3292 927 3342 totam
943 3303 1179 3359 operam
1199 3263 1367 3341 suam
1388 3263 1590 3357 patria:
1607 3263 1966 3359 impendere,
1997 3263 2042 3331 (ἶ

314 3382 373 3436 et
400 3376 591 3449 magis
623 3374 900 3447 repellere
932 3375 1061 3445 ejus
1090 3374 1334 3441 excidia,
1360 3391 1533 3446 quam
1570 3375 1805 3449 propria
1827 3376 1972 3448 peri-

316 3466 468 3525 cula.
502 3464 751 3522 Proinde
783 3481 881 3519 rex
912 3463 1157 3519 consilio
1200 3465 1352 3535 ejus,
1386 3468 1452 3518 ut
1498 3463 1628 3518 vitae
1680 3482 1797 3521 suae
1848 3482 1968 3520 cre-

316 3556 487 3623 dens,
543 3559 603 3610 et
658 3570 831 3609 omne
889 3552 1045 3624 quod
1094 3553 1165 3607 ab
1216 3569 1281 3607 eo
1333 3552 1642 3619 diceretur,
1677 3553 1844 3623 quasi
1897 3554 1970 3609 ab

317 3643 752 3717 Omnipotentis
774 3659 872 3697 ore
892 3623 1184 3714 prolatum
1214 3640 1421 3696 fuisset
1442 3623 1797 3712 suscipiens,
1821 3660 1973 3714 quae-

319 3749 551 3805 cunque
583 3732 898 3787 statuenda
929 3734 1096 3784 erant
1128 3729 1354 3796 statuit,
1387 3744 1750 3801 quaecunque
1798 3732 1968 3786 dam-

321 3821 518 3878 nanda
547 3818 872 3874 damnavit.
917 3817 1033 3872 Hoc
1063 3816 1396 3871 consiliario
1426 3834 1631 3874 omnes
1671 3819 1968 3876 diabolica:

320 3907 711 3981 malignitatis
738 3906 1060 3969 ministros,
1095 3906 1276 3971 fures,
1308 3904 1644 3978 sacrilegos,
1680 3910 1967 3980 pcrjuros,

321 3997 457 4053 fidei
513 3994 845 4059 violatores,
895 3993 1157 4047 veneficii
1218 3994 1657 4063 compositores,
1708 3996 1972 4053 libidinis

322 4082 708 4157 appetitores;
765 4081 836 4135 ad
894 4080 1002 4135 hoc
1062 4081 1397 4153 quicunque
1463 4087 1666 4139 contra
1720 4086 1969 4157 patriam

323 4170 781 4243 conspirassent,
815 4169 915 4241 qui
932 4170 993 4224 in
1020 4174 1291 4241 parentes
1316 4188 1527 4226 manus
1551 4173 1969 4241 extendissent,

324 4260 603 4317 mulieres
633 4258 812 4313 etiam
845 4275 972 4330 quae
1005 4258 1336 4313 adulterina
1376 4260 1580 4315 fraude
1628 4262 1784 4317 viros
1832 4281 1972 4320 suos

325 4348 1081 4420 interfecissent,postremo
1099 4365 1302 4403 omnes
1320 4365 1468 4420 quos
1485 4349 1631 4404 irato
1651 4351 1765 4405 Deo
1787 4351 1973 4408 vivere

325 4437 569 4504 sciebat,
604 4452 674 4492 ex
703 4436 979 4493 omnibus
1011 4436 1171 4509 regni
1204 4437 1294 4493 sui
1328 4437 1547 4491 finibus
1577 4440 1972 4510 proturbatos,

327 4527 609 4583 diuturno
667 4530 769 4581 aut
827 4531 1103 4598 perpetuo
1162 4524 1437 4597 relegavit
1494 4525 1725 4582 exsilio.
1788 4528 1974 4601 Hujus

2079 622 2540 678 clarissimarum
2559 622 2812 679 ministri
2826 622 3377 688 ecclesiarum,dum
3392 622 3449 676 in
3469 619 3738 692 eligendo

2081 712 2494 783 quodcumque
2552 710 2967 777 deliberarent,
3016 710 3375 782 voluptatem
3440 706 3735 763 honestati

2079 801 2433 871 praeferrent,
2487 798 2664 872 regali
2728 799 3031 855 sanctione
3079 800 3150 854 de
3199 798 3421 853 eisdem
3476 794 3739 851 ecclesiis

2080 887 2303 960 expulsi
2340 890 2478 957 (50),
2507 888 2850 943 melioribus
2878 904 2939 943 se
2955 892 3014 942 et
3034 887 3275 943 alterius
3297 885 3533 943 Ordinis
3554 884 3742 939 homi-

2080 977 2255 1031 nibus
2303 994 2409 1031 sua
2458 977 2586 1032 loca
2635 976 3056 1048 relinquerent.
3093 975 3335 1047 Propter
3383 975 3505 1029 haec
3558 973 3741 1045 igitur

2079 1066 2467 1120 sanctissimze
2501 1066 2773 1121 instituta
2818 1063 3144 1136 disciplina:
3200 1068 3399 1119 tantus
3451 1063 3507 1116 in
3559 1078 3739 1131 regno

2077 1154 2398 1225 Anglorum
2433 1153 2759 1209 divinitatis
2790 1153 2985 1208 cultus
3016 1153 3285 1220 excrevit,
3318 1156 3384 1206 ut
3414 1156 3472 1207 et
3502 1149 3741 1207 nobilis-

2079 1243 2213 1296 simi
2243 1242 2478 1314 quique,
2511 1247 2686 1313 atque
2720 1243 2776 1296 in
2813 1241 3023 1296 szeeulo
3065 1239 3484 1314 potentissimi,
3519 1238 3739 1311 spretis

2079 1331 2353 1385 omnibus
2387 1331 2589 1385 mundi
2626 1331 2877 1402 pompis,
2899 1330 2969 1384 ad
2995 1329 3194 1384 divina
3216 1330 3603 1401 confugerent
3622 1343 3741 1382 ser-

2077 1419 2252 1487 vitia;
2286 1424 2342 1474 ct
2374 1419 2430 1473 hi
2466 1436 2613 1491 quos
2644 1418 3076 1474 ecclesiasticus
3108 1418 3260 1474 Ordo
3291 1418 3633 1484 admiserat,
3667 1417 3739 1472 de

2077 1508 2291 1563 virtute
2307 1509 2742 1575 contenderent,
2765 1508 3015 1563 scientes
3038 1507 3332 1561 neminem
3358 1506 3429 1561 ad
3451 1505 3738 1562 honorem

2078 1612 2249 1669 posse
2281 1596 2630 1669 pertingere,
2663 1612 2839 1669 quem
2871 1613 2987 1652 non
3017 1595 3304 1651 virtutum
3337 1594 3545 1649 merita
3568 1594 3741 1665 juva-

2078 1690 2228 1741 rent.
2249 1685 2332 1741 Ob
2351 1684 2530 1755 hujus
2548 1702 2781 1758 quoque
2799 1683 3121 1756 disciplinae
3139 1682 3741 1751 exeellentiam,tanta

2078 1774 2240 1845 pacis
2272 1773 2622 1841 constantia,
2657 1776 2821 1829 tanta
2850 1788 3046 1828 rerum
3080 1771 3303 1828 exstitit
3332 1769 3658 1843 opulentia,
3674 1773 3742 1825 ut

2078 1861 2276 1917 omnia
2293 1861 2495 1916 mundi
2522 1860 2830 1925 elementa,
2846 1860 3041 1932 ipsum
3060 1877 3291 1932 quoque
3308 1859 3741 1915 elementorum

2078 1957 2399 2006 creatorem
2417 1951 2603 2006 Deum
2623 1949 2797 2023 regiis
2810 1949 3176 2021 temporibus
3189 1949 3443 2004 arridere
3468 1951 3735 2020 putares.

2079 2039 2172 2095 Sic
2196 2038 2490 2111 pontificis
2542 2037 2833 2110 sapientia
2879 2037 3139 2093 dictabat
3189 2036 3344 2109 regis
3397 2035 3738 2107 justitiam;

2079 2128 2233 2200 regis
2283 2128 2521 2199 justitia
2577 2126 2835 2182 obtinuit
2893 2126 2993 2182 Dei
3055 2124 3521 2181 misericordiam
3568 2141 3584 2180 :
3638 2125 3741 2181 Dei

2080 2221 2276 2272 autem
2310 2215 2711 2271 misericordia
2740 2214 3008 2270 omnium
3041 2231 3236 2270 rerum
3258 2213 3531 2285 priestitit
3550 2214 3742 2269 abun-

2079 2306 2366 2360 dentiam.

2080 2413 2271 2483 Regem
2330 2412 2393 2467 ob
2448 2412 2707 2467 violatum
2766 2411 3034 2480 virginem
3098 2410 3346 2481 septcnni
3403 2410 3745 2477 pamuch

2793 2498 3017 2555 addicit.

2150 2591 2241 2645 35.
2273 2590 2383 2644 Sed
2418 2588 2540 2643 haec
2580 2587 2920 2642 communia
2966 2587 3148 2642 totius
3197 2586 3467 2641 Ecclesiae
3518 2587 3748 2660 gaudia

2081 2678 2324 2749 cupiens
2380 2675 2712 2731 disturbare
2769 2673 3088 2746 malignus,
3140 2675 3407 2728 accendit
3463 2676 3745 2730 animum

2080 2764 2569 2821 Christianissimi
2603 2763 2756 2833 regis
2788 2762 2845 2816 in
2877 2776 3137 2815 amorem
3171 2760 3285 2814 Deo
3316 2760 3536 2815 devotas
3569 2762 3751 2836 virgi-

2081 2853 2175 2910 nis
2219 2854 2351 2923 (51),
2387 2856 2472 2918 ut,
2511 2866 2684 2922 quem
2716 2867 2750 2903 a
2781 2847 3017 2903 tramite
3058 2847 3307 2921 justitiaa
3357 2848 3746 2907 Dunstanum

2079 2941 2326 3011 dejicere
2345 2955 2458 2993 non
2480 2937 2788 3009 potuisset,
2807 2952 2963 3003 eum,
2985 2952 3158 3008 quem
3177 2936 3466 3009 praecipue
3484 2937 3751 2995 Dunsta-

2079 3044 2192 3083 nus
2221 3025 2501 3095 diligebat
2531 3029 2588 3079 et
2617 3040 2793 3095 super
2824 3040 3000 3095 quem
3032 3025 3213 3080 totius
3240 3024 3539 3097 religionis
3573 3026 3749 3099 vigor

2077 3112 2478 3179 incumbebat,
2514 3111 2762 3183 dejicere
2790 3116 3063 3167 tentaret.
3089 3113 3422 3185 Perpetrato
3454 3112 3661 3186 itaque
3684 3115 3745 3171 in

2076 3202 2361 3274 virginem
2392 3201 2642 3256 velatam
2666 3205 2901 3272 peccato
2920 3205 3095 3273 atque
3116 3202 3189 3256 ad
3212 3201 3510 3273 publicam
3533 3203 3743 3275 populi

2078 3290 2442 3347 audientiam
2474 3288 2717 3361 perlato,
2734 3290 3076 3345 Dunstanus
3098 3294 3217 3345 tam
3241 3306 3344 3361 pro
3362 3288 3536 3361 culpa
3556 3307 3745 3363 quam

2080 3396 2184 3453 pro
2216 3377 2461 3433 infamia
2485 3377 2659 3450 regis,
2693 3376 3043 3449 gravissimo
3076 3377 3273 3433 dolore
3305 3379 3573 3446 affectus,
3605 3396 3746 3435 mox

2080 3468 2248 3523 illum
2268 3466 2447 3521 veluti
2471 3466 2722 3522 alterum
2747 3466 2925 3521 David
2948 3483 3083 3523 cum
3103 3466 3424 3523 Bethsabce
3447 3468 3748 3524 dormien—

2078 3561 2220 3625 tem,
2254 3555 2399 3611 alter
2418 3554 2535 3622 ille,
2552 3555 2651 3609 sed
2676 3554 2846 3627 longe
2869 3556 3122 3611 severior
3136 3555 3387 3624 Nathan,
3408 3554 3745 3628 intrepidus

2080 3645 2247 3713 adiit,
2281 3644 2637 3699 furibundus
2661 3644 2729 3697 ad
2757 3660 2891 3699 eum
2918 3643 3163 3699 introiit.
3183 3646 3514 3717 Assurgens
3536 3649 3742 3700 autem

2080 3751 2179 3790 rex
2209 3733 2464 3789 venienti
2498 3731 2727 3787 obviam
2767 3732 3029 3804 pontifici
3063 3732 3324 3788 extendit
3373 3748 3645 3798 manum,
3680 3737 3749 3788 ut

2079 3841 2215 3879 eum
2250 3822 2320 3877 ad
2354 3822 2578 3893 regium
2627 3821 2942 3877 deduceret
2988 3820 3290 3877 thronum.
3325 3820 3432 3887 Qui
3482 3836 3747 3877 renuens

2079 3927 2323 3968 manum
2356 3911 2515 3977 dare,
2550 3908 2752 3965 oculos
2784 3926 2919 3964 cum
2951 3910 3206 3982 quadam
3248 3909 3431 3964 animi
3464 3908 3745 3983 indigna-

2080 4001 2238 4055 tione
2269 4000 2326 4053 in
2359 3998 2527 4053 illum
2578 3998 2772 4066 torsit,
2800 4002 2857 4053 et
2884 3999 3002 4053 ait:
3037 3999 3123 4053 Tu
3165 3998 3461 4069 pontificis
3493 4014 3744 4054 manum

2080 4089 2264 4144 audes
2294 4087 2655 4158 contingere,
2673 4085 2773 4158 qui
2799 4086 3086 4159 virginem
3112 4087 3357 4142 Deitatis
3381 4102 3627 4142 munere
3655 4104 3745 4143 ar-

2081 4180 2268 4232 ratam
2302 4193 2417 4230 non
2450 4174 2700 4230 timuisti
2724 4175 3031 4246 praeripere
3047 4173 3076 4229 ?
3097 4176 3386 4247 Sponsam
3409 4174 3747 4233 Conditoris

2085 4266 2166 4322 tui
2198 4263 2563 4333 adulterasti,
2597 4268 2655 4318 et
2683 4263 2941 4318 amicum
2974 4264 3175 4335 sponsi
3210 4263 3406 4335 alian
3438 4269 3541 4319 tuo
3572 4264 3744 4323 obse-

2083 4356 2221 4427 quio
2249 4353 2553 4410 existimas
2581 4369 2752 4424 posse
2783 4350 3045 4424 placari?
3074 4351 3217 4408 Nolo
3250 4352 3475 4408 amicus
3497 4368 3631 4408 esse
3648 4352 3740 4407 cui

2083 4444 2353 4500 Christus
2384 4441 2560 4497 fuerit
2598 4441 2894 4496 inimicus.
2929 4441 3193 4496 Territus
3241 4457 3377 4514 ergo
3422 4441 3740 4497 verborum

2082 4532 2340 4587 tonitruo
2367 4547 2483 4597 rex,
2519 4529 2889 4602 objurgantis
2922 4546 2985 4584 se
3006 4529 3257 4601 pedibus
3288 4529 3587 4600 pontificis
3611 4546 3740 4601 pro-

327 4631 560 4687 quoque
589 4613 831 4670 consilio
864 4630 1069 4668 omnes
1098 4613 1476 4668 ecclesiarum
1520 4614 1840 4684 ministros,
1874 4617 1973 4689 qui
2005 4632 2053 4696 D
2081 4620 2382 4688 sternitur,
2415 4618 2704 4690 extemplo
2732 4617 2927 4674 scelus
2959 4618 3231 4673 flebiliter
3250 4620 3482 4684 fatetur,
3506 4618 3742 4673 veniam

326 4708 523 4775 spreto
569 4702 951 4774 professionis
1002 4718 1120 4756 sua:
1169 4702 1520 4769 mintsterio,
1573 4708 1676 4758 aut
1726 4708 1975 4762 venandi

327 4791 525 4847 studio
559 4790 763 4845 intenti
797 4791 933 4860 (49),
967 4794 1069 4843 aut
1100 4792 1449 4861 qumstuosis
1491 4794 1738 4864 negotiis
1771 4795 1975 4862 dediti,

328 4878 871 4936 seuconcumbendi
890 4877 1206 4933 insolentia
1222 4879 1536 4951 deturpati,
1553 4886 1786 4937 aetatem
1809 4900 1979 4955 agere

328 4967 629 5033 solebant;
663 4965 867 5021 omdes
898 4966 1006 5021 hos
1035 4971 1137 5021 aut
1166 4967 1433 5022 districta
1477 4970 1981 5027 animadversione

329 5052 583 5111 decrevit
610 5053 980 5122 coercendos,
1015 5060 1117 5109 aut
1146 5055 1262 5110 cita
1292 5057 1671 5113 subversione
1698 5060 1768 5114 de
1797 5059 1980 5115 eccle-

402 5167 513 5242 (47)
553 5167 712 5222 Idem
740 5167 989 5242 asserit
1034 5169 1363 5242 Willelmus
1415 5170 1981 5242 Malmesburiensis,

335 5263 364 5291 ‹‹
390 5237 691 5312 perennes
709 5237 861 5312 rivos
888 5240 1125 5295 deducit
1150 5242 1219 5294 ad
1256 5242 1406 5295 hanc.
1436 5242 1613 5296 diem.
1649 5266 1676 5292 »ι

550 5309 695 5374 Quid
732 5310 786 5387 in
821 5312 1092 5387 comitem
1127 5314 1325 5387 egerit,
1361 5314 1458 5383 qui
1486 5314 1686 5387 illicito
1710 5316 1982 5387 coniugio

333 5383 606 5452 addictus
638 5384 782 5446 erat,
814 5381 944 5436 vide
975 5384 1201 5437 Osberti
1240 5381 1565 5452 fragmenta
1598 5385 1764 5438 infra.

404 5451 928 5527 (49)_Venationem
963 5454 1063 5527 die
1090 5451 1391 5527 Doininiea
1421 5456 1594 5508 etiam
1634 5456 1748 5527 regi
1802 5456 1981 5511 inter-

332 5523 481 5578 dixit
512 5523 851 5577 Dunstanus
876 5541 944 5578 ex
975 5526 1217 5580 Osberto
1251 5526 1420 5579 infra.

407 5594 520 5665 (50)
551 5593 938 5666 Chronologia
971 5596 1255 5651 Saxonica
1287 5614 1439 5651 anno
1470 5598 1595 5650 964.
1636 5619 1663 5646 ‹‹
1696 5598 1796 5652 Hic
1838 5599 1984 5654 Ead-

334 5681 513 5740 garus
533 5682 631 5721 rex
653 5668 984 5723 sacerdotes
1006 5667 1276 5731 civitatis,
1298 5667 1519 5723 scilicet
1542 5669 1984 5735 Wintoniensis,

2085 4708 2390 4764 humiliter
2418 4713 2707 4779 precatur.
2741 4708 2892 4771 Quot
2913 4711 2978 4760 ut
2998 4706 3144 4759 vidit
3164 4706 3472 4778 prontifex,
3487 4705 3743 4776 expavit,

2088 4799 2507 4870 perfusumque
2538 4811 2733 4866 regem
2765 4794 3059 4866 lacrymis,
3094 4793 3370 4867 lacrymis
3393 4798 3449 4848 et
3470 4792 3594 4865 ipse
3623 4810 3746 4848 ma-

2089 4888 2257 4953 dens,
2290 4884 2501 4940 tellure
2548 4882 2776 4939 levavit.
2811 4883 3053 4950 Deinde,
3085 4899 3222 4938 cum
3272 4882 3748 4955 magnitudinem

2090 4972 2310 5045 peccati
2340 4988 2443 5043 per
2459 4970 2975 5041 ampliﬁcationem
2998 4970 3385 5042 exposuisset,
3406 4973 3463 5025 et
3474 4972 3748 5040 paratum

2088 5062 2257 5116 illum
2288 5062 2361 5116 ad
2394 5077 2629 5116 omnem
2651 5059 3112 5116 satisfactionem
3135 5057 3750 5130 reddidisset,septen-

2091 5175 2313 5247 expulit
2344 5176 2414 5230 de
2446 5175 2619 5229 veteri
2652 5179 2708 5230 et
2750 5192 2897 5229 novo
2946 5174 3411 5247 monasterio,iet
3442 5173 3514 5229 de
3544 5171 3750 5247 Chate-

2095 5245 2233 5311 rica,
2267 5248 2416 5301 etde
2439 5247 2821 5311 Middeltnna,
2843 5252 3049 5301 etcum
3071 5246 3376 5301 monachis
3394 5245 3705 5300 constituit
3735 5259 3747 5295 :

2094 5326 2150 5374 et.
2183 5319 2555 5387 Ethelgaruni
2592 5320 2861 5372 abbatem
2889 5318 2946 5371 in
2966 5318 3237 5372 abbatem
3260 5316 3388 5372 novi
3406 5314 3748 5371 monasterii

2095 5392 2423 5455 constituit,
2456 5395 2513 5444 et
2562 5390 2956 5460 Ordbyrhtum
3011 5388 3322 5460 Chatericee
3353 5395 3409 5460 et
3436 5389 3749 5460 Cynewarf

2096 5462 2235 5515 dum
2262 5462 2627 5516 Middelunw.
2653 5484 2679 5510 ››
2710 5457 2855 5533 Lege
2878 5462 3020 5515 Acta
3042 5461 3100 5514 S.
3123 5459 3471 5515 Ethelwoldi
3488 5457 3749 5530 episcopi

2096 5533 2526 5587 Winteniensis
2559 5549 2756 5603 supra.

2170 5606 2278 5675 (51)
2312 5605 2391 5659 De
2424 5604 2532 5658 hac
2563 5599 2787 5675 virgine
2816 5602 2941 5673 lege
2986 5601 3299 5658 Osbertum
3330 5602 3389 5657 in
3418 5599 3751 5672 Appendiee

2098 5674 2276 5731 huius
2306 5676 2471 5731 Vitae.

2142 5677 2276 5747 ujus
2306 5676 2471 5732 Vitae.
