3912 6370
152 449 271 512 445

1752 444 1933 508 VITA
1945 485 1962 505 .

3447 454 3568 516 446

155 599 287 640 nem
317 585 367 642 ei
403 587 804 660 pmnitentiam
837 587 1064 654 indixit,
1099 591 1164 642 ut
1204 585 1262 641 in
1313 590 1433 640 toto
1465 583 1572 638 hoc
1607 581 1796 654 spatio
1825 577 1884 646 Α
1910 582 1976 634 ut
1999 579 2116 635 ﬁat.
2135 579 2221 635 Ad
2253 597 2427 653 quam
2453 599 2646 637 vocem
2675 600 3128 658 rex,omnesquc
3151 589 3403 660 majores
3425 594 3567 647 natu

155 690 428 731 coronam
459 678 619 750 regni
641 695 754 733 non
773 675 1339 750 gestaret,jejtmium
1364 674 1420 728 in
1442 670 1810 728 hebdomade

158 763 394 820 biduale
447 767 815 839 transigeret,
854 767 1039 820 avitos
1090 764 1447 836 pauperibus
1501 761 1810 816 thesauros

158 851 316 926 large
346 854 732 926 dispergeret:
758 872 934 926 super
953 854 1074 908 hmo
1100 853 1402 907 sacrandis
1423 852 1538 906 Deo
1577 847 1813 921 virgini-

158 941 270 996 bus
316 943 740 998 monasterium
774 942 1008 1014 aliquod
1067 941 1356 1008 fundaret,
1389 943 1680 1011 quatenus
1710 937 1808 1009 qui
1838 930 1844 937 ’

159 1049 336 1086 unam
361 1049 464 1102 per
480 1035 782 1104 peccatum
806 1032 922 1086 Deo
943 1031 1224 1102 virginem
1245 1025 1811 1098 abstulisset..,plures

159 1119 210 1176 ei
245 1137 346 1191 per
376 1121 545 1192 plura
577 1119 773 1176 seaculi
822 1119 1121 1173 volumina
1164 1121 1536 1189 aggregaret;
1571 1115 1812 1170 clericos

161 1209 336 1264 etiam
376 1210 527 1265 male
560 1209 878 1264 actionales
909 1209 980 1262 de
1008 1207 1271 1262 ecclesiis
1304 1203 1668 1278 propelleret.
1691 1219 1811 1256 mo-

159 1299 484 1354 nachorum
512 1299 748 1371 agmina
779 1297 1196 1362 introduceret;
1222 1297 1417 1368 justas
1458 1295 1688 1363 Deoqne
1727 1307 1815 1345 ac-

160 1391 361 1460 ceptas
375 1387 571 1462 legum
591 1387 844 1442 rationes
865 1385 1377 1452 sanciret,sanetas
1401 1382 1810 1448 conscriberet,

161 1477 526 1549 conscriptas
577 1493 680 1548 per
727 1493 931 1531 omnes
965 1475 1110 1530 fines
1161 1473 1389 1544 imperii
1441 1473 1530 1526 sui
1584 1469 1814 1542 populis

162 1566 578 1622 custodiendas
610 1565 935 1620 mandaret.
970 1561 1125 1618 Nihil
1173 1578 1309 1632 ergo
1353 1560 1655 1615 residuum
1694 1561 1818 1614 erat

161 1655 318 1728 quod
339 1654 539 1709 minus
561 1657 661 1709 aut
681 1651 920 1724 segnius
943 1667 1041 1706 rex
1063 1649 1330 1720 impleret
1346 1665 1522 1720 quam
1543 1665 1575 1703 a
1596 1651 1817 1702 rectore

159 1742 293 1798 vita:
322 1760 442 1799 suae
473 1745 826 1814 praeceptum
859 1739 1084 1795 fuisset.
1119 1730 1379 1810 Septimo
1403 1742 1598 1792 autem
1639 1753 1813 1803 anno,

161 1847 300 1887 eum
313 1832 592 1886 redeunte
605 1829 772 1900 quasi
779 1827 1019 1900 jubilmo
1033 1825 1664 1898 termino,poenitentiae
1679 1830 1818 1880 tem-

1919 669 2034 725 fere
2066 687 2253 742 usque
2285 671 2356 725 ad
2389 671 2814 728 exhalationem
2847 676 3156 746 perterriti,
3177 677 3430 736 clamore
3467 697 3568 752 pa-

1919 759 2060 814 riter
2088 764 2146 814 ct
2177 759 2276 813 Dei
2308 759 2644 815 laudatione
2664 778 2858 816 arcam
2891 764 3290 836 complent.Et
3320 766 3414 823 his
3434 768 3570 840 qui-

1920 847 2052 901 dem
2075 849 2424 904 adversariis
2452 848 2780 906 viventibus
2811 857 3105 908 cessatum
3137 858 3226 909 est
3261 872 3292 909 a
3325 860 3569 911 conten-

1920 935 2522 1009 tionibus,quousqne
2552 955 2654 1009 per
2684 941 3110 996 successionem
3137 943 3388 1000 ﬁliorum
3415 944 3572 1017 prior

1920 1024 2211 1079 discordia
2245 1031 2513 1080 renovate
2545 1031 2652 1082 est.
2686 1027 2791 1094 Qui
2815 1029 3116 1098 abeuntes,
3147 1037 3203 1086 et
3240 1033 3572 1106 iniquitatis

1921 1130 2038 1169 sua:
2066 1113 2428 1168 defensorem
2463 1115 2872 1172 lleornelinum
2906 1119 3210 1174 Scotorum
3237 1121 3569 1193 pontificem

1921 1207 2308 1269 assumentes,
2344 1202 2642 1258 hominem
2673 1205 2942 1261 videlicet
2976 1210 3094 1262 tam
3133 1209 3364 1282 ingenio
3395 1228 3572 1282 quam

1919 1289 2274 1362 loquacitats
2305 1291 2422 1346 fere
2451 1291 2930 1364 insuperabilem,
2966 1297 3039 1350 ad
3069 1296 3364 1353 hominem
3390 1299 3490 1354 Dei
3513 1299 3572 1354 in

1920 1378 2137 1447 villam,
2155 1397 2282 1452 qum
2304 1385 2544 1436 vocatur
2572 1381 2922 1450 Kalne,tend
2935 1391 3056 1452 unt,
3075 1387 3329 1458 turgenti
3362 1387 3574 1459 spiritu

1923 1469 2266 1523 scandalum
2301 1475 2654 1542 proponunt.
2678 1471 3018 1528 Dunstanus
3047 1475 3432 1550 autemlongo
3454 1478 3580 1550 qui-

1923 1557 2056 1613 dem
2089 1557 2251 1613 scnio
2282 1563 2339 1613 et
2370 1558 2601 1631 magnis
2632 1559 2898 1616 Ecclesia:
2931 1561 3230 1620 laboribus
3277 1567 3575 1635 etl‘ractus,

1915 1645 2043 1717 jam
2075 1649 2281 1718 praeter
2309 1648 2629 1703 orationem
2654 1654 2785 1720 post
2806 1654 3036 1723 tergum
3059 1653 3258 1709 omnia
3280 1660 3574 1728 posuerat,

1923 1735 2192 1790 Attamen
2224 1751 2296 1790 ne
2328 1752 2464 1808 pars
2496 1735 2700 1808 iniqua
2729 1737 2924 1793 divino
2954 1742 3249 1812 quondam
3297 1743 3578 1800 miraculo

1923 1823 2095 1890 victa,
2121 1841 2276 1878 nunc
2307 1825 2378 1880 de
2411 1825 2788 1897 adipiscenda
2817 1827 3169 1900 gloriaretur
3189 1831 3449 1901 victoria,
3467 1833 3580 1890 hoc

157 1937 273 1992 pus
301 1922 570 1974 exactum
595 1917 822 1985 fuisset,
839 1933 1004 1972 sacer
1025 1915 1300 1988 pontifex,
1321 1914 1524 1969 accitis
1541 1913 1818 1968 omnibus
1847 1947 1897 2014 B
1927 1913 1984 1968 in
2019 1912 2217 1968 hostes
2263 1913 2660 1986 responsionis
2701 1915 2970 1987 jaculum
3020 1919 3226 1975 vibrat.
3267 1921 3580 1991 Quoniam,

155 2007 390 2080 imperii
414 2005 737 2080 Anglorum
770 2003 1158 2076 principibus,
1177 2001 1488 2075 episc0pis,
1505 2001 1818 2057 abbatibus

153 2099 214 2152 et
245 2095 535 2151 universis
557 2093 826 2150 Ecclesia:
859 2091 1164 2166 dignitatis
1195 2089 1822 2162 ordinibus,imposuit

153 2185 280 2256 regi
312 2199 588 2239 coronam
621 2198 819 2238 coram
847 2181 1007 2236 omni
1048 2178 1428 2236 multitudine
1459 2179 1657 2252 populi
1704 2180 1818 2234 An-

155 2272 414 2346 glorum,
446 2271 783 2327 laetantibus
822 2269 1072 2335 cunctis,
1095 2274 1152 2324 et
1182 2266 1577 2324 ineffabilibus
1599 2267 1821 2339 jubila-

155 2361 338 2418 tionis
367 2360 610 2417 vocibus
645 2359 829 2415 Deum
863 2358 924 2412 in
959 2358 1262 2413 Dunstano
1292 2356 1692 2413 laudantibus.

377 2450 711 2506 Clericorum
739 2449 1031 2520 ejectorum
1061 2447 1308 2519 querelas
1340 2447 1615 2517 refringit.

235 2540 326 2594 36.
359 2538 586 2594 Interea
627 2539 791 2592 tanta
831 2535 1119 2591 clericalis
1169 2535 1310 2591 ordo
1356 2533 1711 2606 quibusdam
1759 2535 1820 2590 in

160 2626 310 2684 locis
331 2626 673 2683 confusione
695 2626 996 2698 agebatur,
1013 2628 1077 2678 ut
1098 2641 1213 2678 non
1236 2623 1426 2679 solum
1445 2641 1479 2679 a
1496 2624 1612 2679 vita
1633 2641 1820 2679 smcu-

162 2715 380 2772 larium
410 2713 786 2770 excellentius
817 2712 964 2768 nihil
996 2712 1256 2780 haberet,
1273 2729 1475 2768 verum
1501 2712 1676 2768 etiam
1709 2713 1820 2767 im-

165 2803 367 2877 probis
415 2805 644 2860 actibus
692 2803 862 2875 longe
911 2801 1152 2857 inferior
1184 2802 1427 2872 jaceret.
1473 2803 1598 2867 Qua
1645 2801 1717 2858 de
1761 2818 1822 2858 re

165 2897 434 2967 pastores
463 2891 842 2948 ecclesiarum
875 2889 1117 2956 turbati,
1149 2889 1522 2944 Dunstanum
1571 2893 1638 2944 ut
1687 2905 1818 2961 pro-

164 2981 364 3054 prium
397 2981 708 3054 primatem
739 2979 977 3045 adeunt,
995 2994 1086 3032 res
1107 2977 1259 3034 male
1279 2981 1476 3051 gestas
1499 2982 1817 3050 exponunt,

163 3069 542 3127 correctionis
571 3067 818 3125 consilia
845 3065 1212 3140 perquirunt.
1244 3067 1316 3120 At
1345 3064 1439 3121 ille
1471 3066 1529 3120 in
1553 3065 1820 3122 homines

163 3159 450 3216 nefandos
497 3175 616 3214 suae
665 3155 1031 3212 auctoritatis
1079 3155 1380 3228 proferens
1411 3155 1763 3210 sententiam
1801 3172 1814 3210 :

160 3249 282 3306 Aut
327 3249 628 3317 canonice,
660 3245 872 3318 inquit,
907 3251 994 3300 est
1041 3245 1376 3310 vivendum,
1410 3247 1512 3300 aut
1556 3243 1820 3300 ecclesiis

1929 2001 2140 2074 inquit,
2167 2005 2328 2058 tanto
2359 2005 2621 2073 tempore
2649 2003 2847 2076 elapso
2869 2005 3176 2062 calumnia:
3207 2025 3411 2066 ansam
3461 2029 3578 2068 non

1930 2089 2340 2162 praatendistis,
2373 2107 2529 2146 nunc
2561 2095 2756 2147 autem
2789 2099 3189 2151 senescentem
3221 2113 3316 2153 me
3342 2116 3409 2154 ac
3437 2099 3579 2156 taci-

1930 2179 2196 2234 turnitati
2216 2195 2448 2250 operam
2469 2179 2726 2246 dantem,
2747 2180 3008 2254 antiquis
3027 2184 3278 2256 querelis
3295 2186 3583 2244 deservire

1930 2265 2316 2334 contenditis;
2352 2267 2556 2334 fateor,
2580 2268 2810 2324 vincere
2840 2286 2942 2326 vos
2972 2271 3128 2339 nolo,
3159 2273 3430 2330 Ecclesiae
3461 2293 3584 2333 sua;

1930 2354 2410 2412 causamChristo
2425 2355 2614 2426 judiei
2637 2357 3208 2428 committo.Dixit,et
3230 2363 3387 2435 quod
3412 2364 3580 2435 dixit,

1931 2443 2063 2500 irati
2111 2445 2213 2500 Dei
2261 2460 2510 2499 censura
2559 2445 2830 2500 firmavit.
2864 2447 2996 2502 Mox
3042 2449 3256 2505 etenim
3297 2469 3586 2510 concussa

1930 2533 2163 2600 domus,
2197 2531 2564 2588 ccenaculum
2616 2534 2726 2588 sub
2775 2535 3024 2606 pedibus
3069 2537 3350 2609 solutum,
3385 2541 3586 2600 hostes

1931 2621 2054 2677 solo
2085 2621 2430 2694 praecipitati
2465 2639 2531 2676 ac
2557 2622 2856 2676 ruentium
2890 2625 3148 2680 trabium
3195 2631 3451 2700 pondere
3479 2647 3584 2704 op-

1931 2711 2148 2782 pressi;
2181 2709 2280 2766 ubi
2313 2726 2444 2766 vero
2475 2727 2610 2766 cum
2644 2712 2768 2767 suis
2810 2717 3051 2770 sanctus
3081 2716 3470 2788 accubitabat,
3503 2719 3584 2776 ibi

1897 2799 2094 2856 ‘nulla
2123 2799 2304 2855 ruina;
2339 2799 2586 2856 suffusio
2619 2800 2814 2856 ﬁebat.

2164 2889 2366 2960 Regum
2391 2889 2588 2944 obitus.
2625 2889 2792 2960 Regni
2820 2892 3046 2946 mutatio
3073 2893 3360 2964 praedicat,

1997 2977 2089 3032 37.
2112 2977 2185 3032 At
2211 2993 2310 3032 rex
2337 2977 2602 3049 Edgarus
2651 2978 2973 3034 immatura
3019 2985 3208 3037 morte
3239 2991 3582 3058 praereptus,

1927 3065 2286 3120 Edwardum
2320 3064 2508 3120 filium
2540 3083 2716 3120 suum
2747 3069 2804 3121 et
2833 3067 3018 3140 regni,
3049 3073 3110 3124 et
3138 3087 3372 3130 morum
3406 3075 3586 3133 baare-

1927 3153 2060 3209 dem
2095 3153 2358 3226 reliquit;
2392 3153 2454 3208 in
2484 3155 2656 3226 cujus
2685 3153 2964 3212 electione
2995 3157 3137 3214 dum
3167 3161 3406 3232 quidam
3431 3165 3589 3238 prin.

1933 3243 2094 3315 cipcs
2123 3241 2364 3315 palatini
2397 3243 2769 3315 acquiescere
2802 3242 3042 3314 nollent,
3073 3247 3416 3306 Dunstanus
3439 3269 3591 3310 arre-

161 3311 759 3409 exeundum.Exvquo.
779 3311 1000 3391 factum
1021 3338 1110 3390 est
1139 3337 1204 3388 ut
1233 3333 1625 3405 complurium
1647 3333 1824 3390 eccle-
1852 3311 1896 3378 (ἶ
1934 3311 2034 3404 ρίο
2065 3311 2256 3387 erucis
2286 3311 2514 3398 vexillo,
2549 3331 2704 3404 quod
2735 3349 2850 3404 prie
2881 3349 2944 3388 se
2976 3311 3044 3390 ea
3075 3352 3237 3392 more
3267 3338 3584 3411 ferebatur,

163 3426 391 3484 siarum
428 3425 642 3492 clerici,
675 3425 817 3480 dum
860 3424 1298 3479 contemnerent
1340 3420 1640 3493 proposita
1687 3438 1824 3477 con-

163 3515 391 3571 ditione
419 3512 654 3586 corrigi,
686 3509 1032 3568 auctoritate
1061 3509 1356 3582 pontiﬁcis
1405 3508 1524 3563 sint
1572 3508 1822 3582 expulsi.

163 3603 302 3672 Qui,
323 3619 456 3678 rege
485 3603 642 3658 adito
673 3601 807 3673 (52),
839 3599 928 3656 vel
959 3615 1106 3672 quos
1135 3597 1288 3670 regis
1319 3597 1508 3670 gratia
1528 3597 1825 3669 proximos

163 3691 849 3762 eﬂeccrat,Dunstanum
880 3685 1232 3758 injuriarum
1255 3687 1554 3753 accusant,
1569 3699 1630 3739 se
1651 3683 1828 3738 virtu-

164 3782 252 3838 tis
279 3784 572 3836 amatores
591 3777 992 3852 pronuntiant,
1008 3778 1072 3830 ut
1101 3773 1160 3828 in
1184 3772 1492 3846 praesentia
1513 3771 1666 3843 regis
1687 3788 1824 3828 con-

162 3869 440 3926 veniatur
468 3871 656 3925 orant.
677 3867 1018 3922 Dunstanus
1042 3863 1238 3934 itaque
1265 3861 1358 3917 his
1391 3877 1517 3932 quae
1539 3859 1708 3933 quasi
1739 3877 1824 3916 ra-

164 3956 534 4016 tionabiliter
562 3953 1014 4028 postulabantur
1043 3948 1330 4007 contraire
1379 3948 1602 4017 nolens,
1628 3952 1825 4004 coacto

165 4045 418 4104 concilio
447 4043 826 4100 Wentoniam
858 4041 1040 4108 venit,
1069 4039 1171 4095 ubi
1208 4057 1276 4094 ex
1327 4036 1618 4094 sententia
1645 4038 1826 4094 totius

163 4133 402 4193 concilii
431 4135 500 4191 de
533 4130 882 4190 adversariis
912 4127 1212 4186 victoriam
1241 4127 1414 4199 cepit.
1447 4125 1709 4198 Cumque
1757 4142 1827 4182 ex

155 4226 302 4298 jure
346 4221 494 4279 nihil
527 4221 639 4278 sibi
671 4235 980 4292 superesse
1011 4216 1435 4288 conspicerent,
1469 4215 1560 4271 usi
1609 4214 1826 4271 auxilio

163 4313 326 4386 regis
354 4316 413 4368 et
457 4309 810 4384 principum,
844 4308 915 4364 ad
965 4321 1164 4380 preces
1211 4321 1274 4361 se
1321 4307 1575 4371 vertunt,
1609 4303 1828 4374 quibus

163 4402 513 4476 episcOpum
545 4398 834 4472 ﬂagitant,
869 4399 1159 4468 quatenus
1191 4391 1542 4448 intromissa:
1566 4409 1827 4466 persona;

164 4492 243 4550 de
263 4487 526 4546 ecclesiis
546 4485 931 4559 expelluntur,
947 4481 1200 4556 expulsa)
1224 4481 1630 4537 restituantur.
1654 4481 1830 4536 Dubi-

167 4583 337 4636 tante
364 4575 545 4650 igitur
571 4575 694 4630 viro
724 4571 1212 4643 Dei,nullumque
1247 4569 1320 4625 ad
1353 4573 1558 4641 rogata
1587 4585 1826 4641 respon-

1933 3419 1994 3474 in
2027 3419 2220 3475 medio
2251 3418 2535 3490 constitit,
2568 3419 2927 3475 Edwardum
2957 3421 3074 3478 illis
3093 3425 3368 3495 ostendit,
3389 3427 3584 3501 elegit,

1935 3506 2206 3576 sacravit,
2221 3505 2520 3579 patrisque
2539 3523 2604 3562 ac
2627 3507 2894 3578 magistri
2915 3509 3185 3566 atfectum
3209 3515 3400 3584 quoad
3424 3515 3584 3586 vixit,

1934 3595 1985 3651 ei
2015 3595 2307 3666 impendit
2337 3611 2351 3650 :
2385 3611 2736 3666 versumque
2764 3595 2823 3648 in
2853 3597 3137 3668 gaudium
3177 3604 3265 3654 est
3308 3602 3586 3662 omnibus

1935 3684 2089 3756 quod
2123 3681 2296 3755 paulo
2317 3687 2454 3738 ante
2482 3681 2649 3738 triste
2674 3685 3039 3754 putaverant,
3065 3686 3466 3747 existimantes
3479 3692 3583 3764 ju-

1932 3788 2136 3827 venem
2159 3787 2355 3844 regem
2376 3770 2767 3825 inhumanum
2794 3767 3080 3840 futurum,
3097 3775 3342 3832 consilia
3361 3779 3589 3852 sapien-

1934 3863 2061 3916 tum
2094 3877 2208 3914 non
2240 3861 2604 3926 curaturum,
2639 3859 2737 3914 sed
2771 3875 2874 3931 pro
2907 3858 3148 3918 libidine
3189 3865 3388 3922 omnia
3417 3872 3586 3924 actu-

1934 3963 2098 4010 rum;
2132 3947 2231 4002 sed
2263 3950 2576 4019 postquam
2609 3963 2778 4002 secus
2817 3964 2944 4003 esse
2977 3965 3500 4022 cognoverc,secus
3529 3961 3588 4015 et

1933 4035 2046 4109 ipsi
2076 4051 2196 4091 rem
2239 4039 2496 4101 tenuere,
2529 4039 2585 4090 et
2614 4033 2983 4106 displicuisse
3033 4037 3142 4094 sibi
3176 4058 3368 4115 regem
3417 4045 3586 4103 vehe-

1935 4129 2161 4180 menter
2188 4123 2509 4196 displicuit.
2545 4123 2655 4180 Sed
2687 4123 2786 4179 illo
2818 4129 2952 4196 post
2973 4126 3187 4184 trienni
3221 4134 3454 4205 tempus
3484 4152 3587 4190 no-

1933 4211 2141 4270 vercali
2189 4211 2393 4268 fraude
2431 4211 2622 4268 occiso
2665 4213 2799 4282 (53),
2833 4214 3180 4272 Ethelredus
3229 4219 3407 4277 frater
3457 4224 3589 4296 ejus

1937 4301 2220 4375 regnandi
2252 4305 2484 4373 sceptra
2513 4301 2782 4358 obtinuit.
2807 4305 2942 4368 Quae
2966 4320 3057 4359 res
3087 4308 3354 4376 quamvis
3377 4309 3590 4369 infesto

1937 4392 2101 4446 fleret
2131 4391 2454 4458 Dunstano,
2487 4389 2574 4445 vel
2605 4388 2744 4460 quia
2775 4407 2878 4462 per
2905 4391 3250 4448 etfusionem
3283 4397 3590 4471 sanguinis

1937 4480 2304 4535 innocentem
2337 4478 2408 4533 ad
2440 4493 2686 4550 regnum
2721 4477 3062 4550 perveniret,
3094 4479 3180 4536 vel
3210 4483 3350 4554 quia
3379 4502 3588 4557 parum

1938 4566 2261 4641 prudentiae
2281 4583 2350 4622 ac
2374 4564 2738 4622 fortitudinis
2755 4565 2838 4621 illi
2861 4565 3098 4636 inesset,
3115 4585 3230 4624 non
3252 4577 3377 4628 erat
3393 4577 3589 4632 tamen

168 4683 309 4724 sum
342 4664 693 4739 porrigente,
725 4679 818 4718 res
849 4660 999 4716 mira
1027 4663 1084 4714 et
1121 4657 1352 4716 saeculis
1382 4657 1665 4726 inaudita,
1697 4674 1829 4714 ecce
1856 4674 1906 4740 ι)
1937 4655 2248 4713 consilium
2307 4652 2598 4719 resistere,
2633 4657 2940 4725 propterea
2969 4657 3124 4727 quod
3155 4657 3312 4716 titius
3351 4661 3505 4736 regis
3533 4667 3593 4720 ει

167 4752 463 4814 Dominici
493 4750 752 4824 corporis
784 4749 970 4805 forma
999 4746 1202 4803 vexilio
1225 4744 1414 4801 crucis
1438 4745 1634 4814 inﬁxa,
1649 4751 1827 4818 atque

170 4845 236 4901 in
265 4841 508 4898 editiore
535 4841 747 4896 domus
771 4841 932 4911 parte
957 4835 1165 4901 locata,
1181 4837 1473 4890 humanos
1493 4835 1826 4908 exprimens

171 4932 405 5002 modos,
417 4929 684 4987 omnium
707 4923 1066 4998 compescuit
1081 4939 1252 4980 voces
1269 4923 1470 4980 dicens
1492 4939 1506 4979 :
1532 4923 1698 4981 Absit
1717 4924 1828 4981 hoc

244 5049 363 5118 (53)
390 5043 899 5118 Ψίῃιοηίθληξὶὒιιε
927 5039 1224 5118 canonicis
1255 5037 1393 5110 quid
1430 5037 1617 5118 hacin
1650 5055 1829 5118 causa

168 5108 629 5190 accideritLlege
666 5115 998 5190 stertum.
1031 5108 1828 5190 Willelniusnremuescribit

167 5193 233 5249 in
264 5190 368 5246 lib.
394 5188 442 5244 ΙΙ
459 5179 810 5259 ’Βθῖοείὒιιε
837 5183 1181 5259 Anglorum,
1217 5197 1324 5252 cap
1352 5179 1406 5259 9,
1439 5180 1538 5259 ubi
1560 5180 1824 5247 ait,Elfe-

167 5265 332 5320 rium
363 5251 746 5340 quemdamnui
774 5251 1140 5340 o‘mni‘a'penc
1171 5251 1708 5340 Inonlastcr‘iakqu‘ze
1740 5267 1826 5306 re-

165 5323 619 5391 verentissimus
640 5323 1065 5383 [Ethelwoldus
1087 5323 1409 5378 monachus
1431 5328 1487 5375 et
1505 5323 1827 5378 Wentanus

166 5405 484 5478 episcopus
513 5397 1004 5478 construxerat'in
1057 5393 1352 5478 provincia
1393 5392 1822 5478 Merc-ierimus

167 5463 494 5534 insolenter
522 5471 796 5526 evertisse
829 5474 892 5522 ut
921 5463 1224 5522 Dunstano
1256 5463 1584 5518 insultarat.
1619 5463 1827 5518 Conci-

167 5549 323 5604 lium
356 5542 754 5598 Wintoniense
785 5541 858 5594 ad
889 5555 1110 5593 annum
1139 5534 1243 5590 970
1273 5538 1502 5590 revocat
1521 5534 1825 5603 liaronius,

167 5619 351 5688 idque
375 5612 652 5688 generale
682 5612 862 5688 totius
891 5607 1118 5688 Anglice
1144 5606 1376 5688 dicit,et
1396 5605 1631 5688 quidem
1651 5607 1827 5688 jussu

171 5675 444 5756 Joannis
471 5683 806 5756 papteXmll
832 5675 1231 5756 convocatum
1248 5675 1359 5756 ;_id_
1384 5675 1537 5756 quod
1571 5693 1639 5732 ex
1658 5675 1828 5756 lactis

174 5746 370 5818 sancti
415 5746 675 5812 0swaldi
725 5753 950 5824 probat,
986 5751 1056 5807 de
1105 5765 1220 5820 quo
1268 5746 1438 5802 infra.
1472 5747 1632 5804 Circa
1673 5747 1828 5804 idem

1935 4745 2238 4818 proximus
2259 4748 2400 4798 tunc
2421 4741 2608 4798 haeres
2631 4741 2926 4798 videretur
2945 4747 3373 4804 esse.Attamen
3397 4749 3457 4806 in
3497 4753 3591 4810 die

1934 4831 2392 4890 consecrationis
2407 4847 2546 4897 sum,
2565 4833 2698 4902 post
2727 4829 3063 4902 impositam
3096 4851 3392 4908 coronam,
3410 4841 3595 4900 fertur

1935 4923 2277 4979 Dunstanus
2292 4917 2403 4974 hoc
2418 4917 2500 4972 illi
2520 4917 2857 4990 prmdixisse
2879 4935 2892 4973 :
2918 4923 3202 4986 Quoniam
3225 4927 3500 5000 aspirasti
3517 4933 3591 4989 ad

1935 5042 2053 5094 tem
2099 5052 2170 5092 us
2192 5035 2534 5116 Dunstanus
2553 5033 2729 5115 variis
2761 5034 2817 5090 di
2863 5035 3182 5096 lomatibus
3201 5059 3307 5114 pro
3329 5047 3590 5105 ccnnobie

1937 5055 2320 5161 Crul‘iandensx
2353 5105 2671 5160 subscrlbit
2693 5054 2859 5161 apud)
2873 5108 3192 5161 Inmifnm-

1937 5105 2320 5166 Crulandensi
2353 5105 2671 5160 subscribit
2693 5105 2847 5176 apud
2873 5108 3192 5176 Ingult‘um.

2009 5177 2382 5254 (53f).AE_lfreda
2401 5177 3047 5254 vocatur_a_Willelmo,
3067 5183 3167 5254 qui
3199 5183 3258 5239 in
3292 5185 3394 5242 lib.
3428 5189 3476 5244 ll
3508 5191 3590 5247 De

1937 5247 2314 5332 pontificibus
2328 5265 2454 5318 cap.
2475 5252 2528 5332 ti,
2545 5247 2626 5329 ait
2647 5249 2923 5332 lilfridam
2946 5247 3186 5332 uxorem
3211 5258 3588 5332 regisEdgari

1936 5319 2254 5376 aediﬁcasse
2279 5319 2700 5374 monasterium
2724 5320 3030 5377 Varevellaa
3053 5324 3108 5378 in
3133 5319 3351 5383 honore
3373 5319 3587 5387 salictis

1936 5391 2146 5458 crucis,
2171 5413 2198 5440 ι(
2216 5395 2626 5460 compunctam
2655 5391 2902 5461 privigni
2939 5393 3030 5448 sui
3047 5397 3322 5454 Edwardi
3347 5419 3486 5457 nece
3507 5402 3590 5458 in-

1937 5465 2136 5536 digna,
2169 5462 2341 5531 cujus
2371 5462 2500 5536 ipsa
2525 5461 2766 5536 conscia
2794 5469 2850 5518 et
2879 5471 3084 5521 auctor
3114 5469 3240 5524 fuit.
3268 5492 3294 5518 η
3326 5472 3584 5528 Joannes

1939 5533 2292 5590 Bromtonus
2324 5533 2500 5586 tradit
2525 5533 2897 5589 Dunstanum
2920 5543 3056 5594 ante
3079 5539 3382 5596 decessum
3408 5561 3584 5598 suum

1937 5605 2255 5693 absolvisse
2284 5603 2567 5693 {\lt'ridam
2598 5603 2880 5686 reginam,
2919 5626 3104 5693 «ἔρυξε
3135 5611 3581 5693 postea,inquit,

1938 5677 2166 5732 cunctis
2186 5675 2407 5747 diebus
2443 5675 2570 5747 vita)
2599 5691 2723 5747 suae
2756 5676 2814 5731 in
2847 5675 3110 5735 castitate
3135 5675 3372 5747 'vivens,
3405 5675 3580 5737 vitam

1939 5749 1997 5803 in
2031 5745 2276 5804 Domino
2309 5745 2554 5803 feliciter
2581 5745 2785 5801 ﬁnivit.
2809 5767 2837 5796 »
