3912 6368
363 418 481 478 447

1355 413 1417 476 S.
1466 412 1943 478 DUNSTANUS
1990 409 2353 474 ABCHIEP.
2404 415 2799 478 GAN'I‘UAR.

3672 414 3784 478 “8

364 571 609 628 regnum
644 570 744 625 per
769 553 1015 606 mortem
1057 548 1252 603 fratris
1283 548 1390 616 tui,
1418 565 1590 620 quem
1620 547 1831 603 occidit
1861 547 2020 618 igno-
2047 546 2101 613 Α
2131 547 2470 619 veriloquus
2519 549 2862 621 praedixerat
2917 552 3097 618 vates,
3130 566 3161 605 e
3215 547 3427 606 saeculo
3487 548 3781 623 migravit.

365 646 615 701 miniosa
636 646 822 697 mater
844 644 965 706 tua,
993 656 1105 693 non
1130 638 1353 691 deﬁciet
1380 636 1612 707 gladius
1634 637 1703 691 de
1724 637 1896 690 domo
1919 639 2018 690 tua

364 734 605 790 sazviens
636 731 695 785 in
720 735 774 785 te
806 727 1081 783 omnibus
1113 727 1321 781 diebus
1352 726 1476 779 vitae
1504 731 1635 792 tute,
1661 725 2018 780 interﬁciens

362 826 435 879 de
457 821 679 879 semine
695 824 815 874 tuo.
835 833 1143 889 quousque
1167 832 1412 887 regnum
1436 819 1605 869 tuum
1632 816 2019 869 transferatur

362 914 421 968 in
456 927 701 983 regnum
749 910 866 977 (54)
898 907 1177 971 alienum,
1213 907 1383 975 cujus
1433 904 1613 958 ritum
1654 909 1710 958 et
1752 902 2016 975 linguam

360 1020 527 1076 gens,
552 998 643 1054 cui
675 997 971 1070 prmsidcs,
1009 1013 1123 1049 non
1174 994 1350 1048 novit.
1385 994 1499 1047 Nec
1521 992 1868 1063 cxpiahitur,
1903 990 2017 1045 nisi

357 1093 533 1165 longa
562 1090 835 1155 vindicta,
861 1090 1163 1157 peccatum
1190 1087 1451 1149 tuum,et
1478 1086 1714 1153 peccatu
1727 1100 1778 1135 m
1808 1080 2015 1135 matris

357 1187 493 1248 tua),
527 1184 583 1236 et
614 1182 915 1251 peccatum
946 1173 1203 1228 virorum
1258 1172 1354 1243 qui
1410 1171 1723 1226 interfuere
1772 1168 2014 1225 consilio

356 1272 517 1327 illius
548 1284 822 1340 nequam.

528 1374 846 1434 Athelwoldi
875 1380 927 1428 et
953 1374 1191 1428 aliorum
1224 1378 1418 1424 mortes
1444 1369 1853 1439 praenuntiata’.

429 1471 517 1523 33.
552 1465 655 1522 His
707 1462 1073 1535 temporibus
1128 1458 1372 1530 contigit
1417 1456 1853 1513 Athelwoldum
1904 1457 2016 1523 (55)

353 1558 658 1612 Wentana:
691 1550 959 1608 Ecclesiae
994 1548 1319 1604 antistitem
1345 1563 1479 1602 cum
1504 1545 1616 1600 alio
1640 1544 1891 1617 quodam
1912 1545 2019 1599 Bo-

355 1645 504 1701 fensi
522 1642 796 1715 episcopo
815 1637 1192 1694 Cantuariam
1212 1636 1427 1701 venire,
1446 1650 1844 1705 magnumque
1866 1632 2020 1687 Duu-

355 1738 524 1791 stano
551 1731 621 1785 de
654 1730 902 1784 adventu
935 1743 1043 1781 suo
1078 1725 1362 1795 gaudium
1390 1728 1687 1795 praestare,
1710 1725 2017 1793 propterea

354 1822 513 1895 quoi
545 1821 673 1891 ejus
703 1833 845 1872 cura
874 1815 995 1881 alti,
1025 1814 1203 1878 docti,
1231 1830 1296 1867 ac
1348 1829 1450 1883 per
1497 1812 1688 1865 varias
1730 1809 2014 1864 virtutum

2125 635 2532 693 Athelwoldus
2543 656 2675 694 vero
2689 638 2774 710 pri
2786 655 3033 710 usquam
3046 639 3118 694 ad
3132 638 3375 712 prepriaz
3400 632 3560 695 sedis
3577 641 3781 696 urbem

2127 726 2367 795 veniret,
2401 728 2607 783 ultimo
2632 728 2890 799 corporis
2922 728 3201 801 languore
3231 732 3554 800 correptus,
3589 729 3785 785 cmles-

2128 815 2203 871 tis
2233 816 2388 871 sedis
2419 818 2842 872 habitationem
2878 817 3157 888 suscepit.
3193 817 3380 888 Super
3408 818 3581 889 cujus
3624 834 3780 872 mor-

2088 908 2183 958 ‘te
2234 905 2583 961 venerabilis
2633 907 2799 961 Pater
2851 907 3168 961 admodum
3230 906 3637 973 contristatus,
3671 906 3783 963 sive

2128 995 2280 1064 quod
2307 995 2691 1050 sanctissima:
2711 1012 2941 1067 semper
2961 990 3257 1067 religionis
3289 996 3482 1063 fuerit,
3499 1013 3604 1050 seu
3628 996 3780 1068 quod

2127 1099 2400 1153 magnam
2427 1085 2496 1139 de
2518 1083 2932 1139 sulistituendo
2956 1084 3254 1139 sacerdote
3275 1083 3395 1139 litis
3418 1085 3782 1139 occasionem

2124 1171 2453 1228 viventibus
2510 1173 2907 1245 dereliquerit,
2932 1174 3277 1244 deprecatus
3325 1177 3418 1229 est
3466 1173 3781 1229 Dominum

2126 1263 2368 1316 desertae
2420 1262 2686 1317 Ecclesia
2727 1262 3050 1334 benignum
3102 1261 3224 1317 fore
3268 1261 3652 1333 provisorem.
3685 1263 3782 1317 Cui

2127 1368 2261 1405 mox
2311 1352 2641 1422 deprecanti
2707 1351 2931 1407 assistit
2979 1349 3287 1406 familiaris
3334 1368 3480 1407 suus
3524 1352 3783 1408 Andreas

2126 1440 2447 1513 apostolus,
2482 1442 2751 1512 precibus
2783 1443 2913 1512 ejus
2941 1441 3126 1496 Deum
3175 1439 3318 1495 dicit
3362 1457 3649 1496 annuere.
3686 1442 3782 1497 Ba-

2126 1531 2374 1586 thensen
2407 1530 2949 1598 abbatem,nomine
2971 1529 3258 1602 Elfegum,
3276 1534 3477 1585 monet
3492 1531 3780 1586 adducen-

2127 1620 2289 1685 dum,
2325 1623 2381 1674 et
2411 1636 2478 1674 ex
2509 1618 2830 1674 divinitatis
2878 1618 3124 1674 consilio
3164 1619 3463 1674 Wentanae
3514 1619 3782 1676 Ecclesia:

2127 1708 2447 1763 antistitem
2481 1707 2937 1779 praeﬁciendum.
2978 1707 3062 1763 Ita
3093 1705 3381 1779 quidquid
3432 1723 3633 1762 rerum
3666 1706 3784 1780 ipse

2125 1797 2654 1868 desiderasset,per
2670 1798 3043 1868 interpretem
3066 1796 3400 1868 apostolum
3425 1796 3739 1853 confestim
3755 1813 3785 1852 a

354 1883 699 1981 disclplinas
732 1906 802 1961 ad
836 1920 1102 1960 summos
1154 1900 1421 1958 Beclesize
1468 1901 1718 1956 honores
1763 1899 2015 1953 fuissent
2044 1914 2092 1981 Β
2124 1885 2241 1981 1)ᾷο
2271 1885 2760 1981 consequebatur.
2787 1885 2901 1981 Sed
2930 1888 2990 1981 et:
3015 1884 3112 1940 ille
3144 1883 3603 1981 vicem-honoris
3627 1902 3785 1981 apos-

352 1996 628 2071 provecti.
655 1993 951 2065 Plerisque
980 2006 1117 2065 ergo
1144 1991 1353 2045 diebus
1384 1988 1442 2044 in
1476 1994 1684 2044 mutua
1733 1987 2010 2043 sermoci-

352 2087 588 2143 natione
618 2082 797 2139 simul
828 2086 887 2137 et
916 2079 1270 2137 exultatione
1302 2076 1888 2152 peractis,cgreditur
1927 2093 2014 2131 ar-

352 2174 763 2247 chiepiscopus
786 2172 856 2225 de
878 2170 1110 2225 civitate
1131 2168 1330 2224 volens
1351 2169 1418 2223 ad
1446 2167 1638 2223 locum
1675 2166 1885 2221 Christi
1918 2182 2009 2220 ee-

352 2262 541 2327 elesiaa
564 2258 1027 2318 Mansionarium
1050 2258 1360 2331 proﬁcisci.
1386 2256 1472 2313 Illi
1493 2273 1625 2313 vero
1648 2255 2010 2312 comitaban-

351 2358 452 2411 tur
480 2351 835 2408 dedueentes
865 2360 1021 2415 eum,
1056 2356 1364 2419 quousque
1396 2345 1527 2401 illos
1556 2345 1648 2400 via
1686 2344 2008 2409 dirimeret,

354 2460 485 2515 qua
516 2452 1003 2511 unumquemque
1033 2437 1106 2492 ab
1136 2435 1317 2491 altero
1343 2438 1678 2507 separatum
1710 2433 1780 2487 ad
1814 2432 2007 2487 locum

353 2530 563 2604 quozire
576 2527 925 2601 disponebat
938 2524 1234 2598 dirigeret.
1252 2524 1515 2595 Cumque
1532 2521 2009 2592 imminentejam

349 2636 593 2691 vespera
612 2616 813 2690 procul
838 2615 1031 2671 adhuc
1061 2632 1095 2669 a
1124 2614 1247 2669 loco
1263 2614 1390 2684 jam
1431 2611 1717 2668 distarent
1735 2610 2011 2679 (tardius-

351 2708 481 2768 cule
509 2708 667 2764 enim
689 2722 865 2778 quam
893 2704 1039 2761 hora
1068 2702 1403 2775 postulabat
1435 2702 1505 2756 de
1539 2701 1680 2756 urbe
1703 2699 2006 2765 exierant),

351 2800 699 2871 deprecatur
731 2792 1234 2865 archiepiscopum
1270 2789 1538 2845 Rofensis
1567 2787 1914 2855 antistes,ut
1934 2787 2006 2842 ad

348 2886 609 2943 vicinum
632 2882 887 2941 ecclesiae
909 2894 1029 2936 sum
1046 2878 1467 2952 patrimonium
1497 2876 1759 2944 divertat,
1776 2880 2009 2930 noctur-

352 2991 495 3045 num
526 2978 760 3045 tempus
782 2985 980 3025 secum
1016 2966 1324 3039 transigat,
1341 2982 1514 3021 mane
1533 2982 1689 3030 vero,
1709 2963 1755 3019 si
1789 2963 1869 3017 ita
1889 2962 2009 3033 pla-

350 3061 555 3129 cuerit,
576 3057 984 3131 migrationem
1018 3054 1209 3111 faciat.
1247 3054 1353 3109 Cui
1386 3052 1481 3107 ille
1519 3049 1895 3123 postulationi
1925 3049 2006 3105 di-

350 3152 599 3224 gnanter
642 3161 930 3211 annuens,
966 3142 1048 3198 ait
1079 3159 1092 3197 :
1129 3143 1189 3199 Si
1242 3140 1532 3197 confrater
1581 3144 1778 3195 noster
1806 3137 2002 3193 Athel-

2121 1974 2238 2029 telo
2270 1973 2623 2045 persolvens,
2645 1973 2704 2028 in
2744 1973 2905 2029 omni
2939 1973 3223 2045 obsequio
3266 1972 3351 2028 illi
3392 1975 3673 2029 studebat
3698 1973 3783 2029 de-

2122 2063 2290 2129 ferre,
2306 2062 2578 2119 basilicas
2600 2064 2657 2118 in
2696 2064 2825 2134 ejus
2866 2061 3103 2119 nomine
3142 2063 3447 2131 fabricare,
3472 2062 3783 2120 fabricatas

2123 2151 2467 2208 muneribus
2498 2153 2791 2208 decorare.

2353 2261 2596 2329 ﬁofemis
2626 2259 2854 2315 obsidio.
2887 2260 3045 2330 Regis
3075 2260 3314 2315 avaritia
3339 2258 3556 2331 punita.

2190 2350 2279 2405 39.
2315 2349 2465 2405 Dum
2528 2364 2665 2420 ergo
2722 2349 2978 2421 quodam
3039 2352 3302 2420 tempore
3350 2349 3626 2421 praefatus
3687 2356 3785 2402 rex

2120 2442 2356 2510 propter
2386 2438 2674 2510 quasdam
2706 2436 3112 2493 dissensiones
3157 2436 3453 2493 civitatem
3489 2436 3786 2493 obsideret

2121 2528 2453 2595 Rofcnsem,
2471 2531 2528 2582 et
2553 2527 2705 2582 facta
2725 2523 2993 2598 capiendi
3039 2524 3200 2580 illam
3229 2525 3599 2592 difﬁcultate,
3616 2523 3784 2597 patri-

2120 2618 2384 2673 monium
2418 2617 2571 2671 beati
2602 2615 2848 2686 apostoli
2881 2614 3238 2669 devastando
3259 2613 3590 2683 invaderet;
3614 2629 3778 2669 man-

2119 2705 2278 2762 davit
2295 2703 2483 2761 eidem
2512 2702 2892 2758 beatissimus
2922 2698 3183 2771 pontifex
3207 2700 3278 2754 ab
3301 2700 3555 2755 stultitia
3599 2700 3779 2774 quies-

2117 2811 2245 2851 cere
2271 2794 2560 2849 Andream
2594 2790 2748 2844 sicut
2769 2790 2840 2844 ad
2873 2787 3274 2861 praemodum
3308 2785 3561 2855 facilem,
3595 2789 3690 2846 sic
3717 2788 3775 2845 ad

2117 2881 2519 2938 ulciscendum
2547 2877 2775 2933 virilem
2805 2876 2866 2932 in
2889 2880 3165 2949 promptu
3198 2891 3347 2943 esse,
3368 2880 3431 2929 ut
3452 2878 3771 2947 potentiam

2115 2970 2277 3027 illius
2308 2970 2432 3040 ipse
2460 2966 2813 3039 experiatur,
2846 2965 2893 3022 si
2927 2963 3326 3020 hereditatem
3359 2963 3523 3019 illius
3575 2966 3776 3022 vexare

2114 3073 2230 3114 non
2244 3055 2553 3112 destiterit.
2568 3055 2951 3128 Contemptus
2967 3070 3001 3108 a
3019 3053 3172 3126 Rege
3198 3053 3539 3109 Dunstanus
3563 3052 3771 3110 iterum

2112 3144 2484 3202 currentibus
2514 3143 2738 3199 nuntiis
2759 3144 2963 3199 eadem
2984 3141 3265 3215 suggerit,
3279 3141 3524 3213 insuper
3544 3140 3770 3216 argenti

349 3238 584 3297 woldus
606 3251 837 3292 mecum
858 3232 1052 3288 venire
1072 3229 1337 3295 voluerit,
1348 3228 1415 3285 in
1440 3246 1532 3284 me
1553 3228 1715 3284 nulla
1735 3226 2001 3283 veniendi
2030 3270 2074 3336 C
2115 3236 2307 3309 pondo
2328 3237 2562 3301 centum
2586 3232 2960 3299 transmittit;
2993 3231 3095 3304 qui
3117 3231 3412 3304 accipiens
3436 3231 3685 3287 τιαροειδῆ
3704 3229 3770 3285 ιιι)

351 3344 517 3384 mora
545 3323 672 3382 erit.
693 3321 1034 3379 Assentiunt
1064 3337 1201 3392 ergo
1233 3318 1535 3391 pontiﬁces
1561 3318 1618 3372 in
1643 3317 1868 3383 eodem,
1903 3334 2003 3388 pa-

351 3416 610 3487 riterque
639 3416 910 3485 paratum
963 3409 1077 3467 sibi
1128 3408 1531 3464 habitaculum
1565 3407 1839 3462 subeunt.
1872 3406 2005 3461 Jam

352 3520 531 3562 aurea
550 3503 650 3559 lux
669 3500 857 3558 noctis
882 3501 1183 3572 fugaverat
1203 3497 1465 3564 umbras,
1482 3513 1616 3552 cum
1648 3495 1802 3551 beati
1837 3494 1922 3550 illi
1946 3494 2006 3551 in

350 3593 505 3652 viam
538 3588 830 3664 progressi
859 3587 1065 3645 collem
1099 3586 1444 3653 ascendunt,
1472 3585 1607 3640 inde
1637 3585 1711 3640 ali
1756 3583 2005 3639 invicem

350 3680 569 3739 vicaria
599 3680 759 3753 pacis
800 3677 1077 3733 relatione
1108 3675 1425 3731 dividendi.
1450 3675 1780 3730 Extendens
1810 3678 2004 3728 autem

353 3786 596 3827 manum
620 3784 892 3830 summus
921 3763 1021 3821 Dei
1053 3763 1424 3829 sacerdos,ut
1454 3764 1783 3817 coessentes
1806 3777 2003 3816 secum

352 3860 610 3918 minores
640 3855 943 3929 pontiﬁces
973 3851 1337 3909 benediceret
1367 3855 1540 3923 atque
1561 3850 2008 3917 dimitteret,ex-

350 3946 569 4019 templo
586 3944 778 4017 erupit
798 3943 854 3998 in
886 3943 1108 4009 ﬁctum,
1127 3941 1327 3995 fletum
1352 3941 1493 3996 adeo
1511 3956 1814 4011 magnum,
1831 3943 1896 3994 ut
1913 3939 2007 3993 vix

352 4037 423 4093 de
452 4039 654 4092 saneto
699 4036 931 4106 pectore
978 4046 1178 4086 vocem
1223 4029 1438 4085 valeret
1468 4031 1689 4084 efferre.
1726 4030 2004 4102 Expaves-

353 4127 495 4182 eunt
515 4123 587 4179 ad
610 4124 828 4178 factum
857 4118 1161 4192 pontiﬁces
1180 4117 1765 4185 insolitum,tletuum
1796 4137 2006 4174 causas

353 4210 587 4270 solliciti
621 4208 986 4283 perquirunt,
1019 4211 1075 4264 et
1105 4212 1237 4279 post
1268 4207 1562 4264 modicum
1596 4207 1705 4263 hoc
1737 4208 1807 4263 ad
1856 4225 2008 4280 quae-

354 4300 468 4360 sita
499 4315 847 4372 responsum
880 4296 1195 4370 accipiunt.
1225 4298 1325 4363 Ea,
1350 4297 1563 4368 inquit,
1602 4314 1662 4352 rc
1705 4297 1832 4365 ﬁco,
1867 4313 2007 4368 quo-

355 4390 515 4448 niam
550 4405 653 4444 vos
680 4386 740 4445 in
783 4387 1046 4460 proximo
1096 4385 1413 4441 morituros
1451 4385 1592 4441 scio.
1626 4386 1891 4457 Cumque
1921 4385 2006 4441 illi

355 4480 635 4537 referrent
669 4494 680 4533 ε
718 4475 867 4544 Noli,
902 4474 1272 4532 sanctissime
1305 4474 1489 4539 Pater,
1522 4478 1639 4528 tam
1670 4473 1799 4530 dira
1837 4476 2007 4531 nobis

2119 3322 2440 3381 obsidione.
2472 3322 2635 3388 Quod
2667 3319 2849 3376 simul
2879 3324 3056 3393 atque
3076 3319 3338 3391 pontiﬁci
3372 3319 3767 3374 renuntiatum

2117 3410 2609 3479 fuisset,miratns
2647 3409 3032 3481 cupiditatem
3067 3407 3469 3475 hominis,hoc
3510 3406 3597 3462 illi
3623 3405 3768 3463 scri—

2117 3503 2251 3558 bere
2282 3499 2506 3556 curavit
2538 3516 2550 3553 :
2586 3498 2873 3564 Quoniam
2914 3495 3223 3569 praetulisti
3274 3495 3586 3568 pecuniam
3639 3496 3767 3561 Deo,

2118 3593 2426 3663 argentum
2454 3586 2736 3660 apostolo,
2773 3602 2914 3641 meae
2944 3584 3231 3641 voluntati
3281 3589 3445 3640 tuam
3490 3582 3767 3656 cupidita-

2116 3683 2256 3746 tem,
2290 3678 2563 3733 velociter
2586 3675 2822 3731 venient
2852 3690 3030 3746 super
3050 3674 3106 3729 te
3132 3689 3260 3746 qua:
3290 3673 3522 3729 locutus
3553 3676 3646 3728 est
3672 3671 3769 3727 Do-

2117 3767 2317 3823 minus
2347 3765 2522 3834 mala,
2558 3763 2757 3836 qualia
2786 3779 2903 3818 non
2934 3762 3174 3819 fuerunt
3202 3778 3271 3817 ex
3318 3777 3434 3834 quo
3482 3777 3629 3833 gens
3665 3760 3766 3814 An-

2117 3857 2346 3930 glorum
2378 3869 2621 3926 regnare
2643 3852 2816 3924 coepit
2841 3867 3029 3924 usque
3059 3853 3131 3907 ad
3163 3855 3396 3922 tempus
3425 3849 3594 3905 illud.
3618 3850 3769 3904 Atta-

2116 3962 2249 4000 men
2298 3945 2523 3999 vivente
2562 3958 2656 3997 me
2699 3940 2814 3997 ista
2863 3958 2979 3996 non
3030 3944 3224 4007 erunt,
3248 3937 3528 4011 quoniam
3581 3941 3642 3993 et
3667 3936 3767 3991 hoc

2116 4034 2347 4089 locutus
2376 4036 2465 4087 est
2506 4031 2813 4087 Dominus.
2848 4030 2984 4095 Quze
3017 4028 3216 4084 omnia
3240 4027 3321 4083 ita
3350 4026 3687 4099 contigisse,
3717 4026 3766 4078 et

2117 4122 2174 4177 in
2210 4121 2522 4178 annalibus
2554 4120 2763 4190 legere,
2788 4124 2846 4175 et
2874 4116 3095 4173 nostris
3140 4115 3507 4188 temporibus
3552 4115 3645 4171 est
3686 4110 3760 4166 vi-

2116 4213 2267 4267 dere.

2215 4294 2437 4355 Matrem
2464 4313 2623 4352 suam
2656 4298 2711 4352 in
2745 4297 2892 4352 caelis
2920 4295 3083 4361 videt,
3109 4303 3162 4351 et
3192 4295 3402 4350 beatam
3433 4292 3682 4348 Herium.

2187 4390 2276 4444 40.
2302 4388 2517 4454 Sed,ut
2537 4387 2665 4456 jam
2703 4386 2943 4440 beatum
2973 4383 3164 4452 illum,
3198 4383 3269 4438 de
3300 4397 3415 4455 quo
3453 4379 3759 4453 loquimur,

2118 4477 2395 4533 ﬁdentius
2417 4492 2520 4548 pro
2543 4473 2823 4546 obsequio
2845 4473 3311 4544 alloquamur,et
3331 4470 3415 4526 sic
3437 4468 3510 4525 ad
3548 4467 3758 4524 felicem

355 4566 663 4642 prophetia
706 4581 1039 4633 occurrere;
1074 4580 1191 4619 non
1236 4562 1392 4617 enim
1425 4563 1761 4631 moriemur,
1779 4564 1878 4619 sed
1909 4564 2010 4619 ite-
2038 4634 2076 4642 _
2117 4568 2245 4639 ejus
2258 4566 2571 4621 transitum
2590 4560 3577 4626 madentibusoculistrauseamus;
3597 4562 3759 4629 quau-

357 4634 489 4712 ἱνυῶ
520 4659 694 4727 atque
715 4654 927 4710 iterum
950 4652 1166 4726 pariter
1186 4667 1293 4705 nos
1313 4648 1638 4707 incolumes
1656 4651 2004 4708 videbimus.
2036 4634 2086 4700 Β
2117 4634 2186 4712 tis
2217 4655 2361 4711 illud
2393 4650 2903 4724 contemplationis
2934 4654 3042 4719 est,
3063 4650 3231 4706 Pater
3279 4645 3755 4713 mirabilisyater

356 4742 484 4800 Tali
542 4742 699 4814 quod
757 4741 983 4796 dixerat
1032 4738 1409 4810 reSponsione
1463 4740 1736 4795 ﬁrmabat
1785 4757 1797 4795 :
1844 4743 2004 4807 Quod

357 4831 477 4888 dixi
508 4845 744 4886 necesse
777 4827 920 4883 ﬁeri.
954 4826 1281 4883 Moriemini
1314 4844 1568 4900 namque
1598 4827 1737 4884 huic
1772 4828 2005 4898 szeculo,

358 4920 461 4978 sed
518 4916 719 4973 vivetis
767 4916 883 4972 Deo
914 4932 928 4970 :
963 4915 1292 4971 moriemini
1348 4916 1407 4971 in
1464 4917 1574 4974 hac
1616 4916 1735 4973 vita
1783 4918 2009 4975 diutius

360 5025 477 5066 non
530 5005 816 5073 mansuri,
860 5004 959 5060 sed
1013 5005 1084 5059 ad
1142 5004 1327 5061 Deum
1386 5007 1607 5061 vadetis
1664 5007 2013 5064 mternaliter

360 5113 497 5152 cum
528 5094 627 5150 illo
655 5093 885 5149 victuri.
911 5093 1212 5148 Divertunt
1231 5110 1367 5166 ergo
1399 5096 1731 5166 pontiﬁcem
1762 5098 1834 5152 ab
1865 5096 2010 5151 invi-

361 5202 487 5242 cem
520 5186 829 5240 mcerentes
877 5200 980 5254 pro
1030 5182 1298 5251 invicem,
1331 5183 1518 5255 magis
1569 5189 1760 5239 tamen
1814 5203 1916 5257 pro
1949 5204 2011 5241 se

361 5272 612 5346 quisque
643 5272 738 5344 pio
783 5271 990 5327 timore
1038 5270 1343 5326 sollicitus.
1379 5273 1487 5327 Sed
1540 5273 1807 5330 ltofensis
1851 5275 2008 5347 epis-

362 5378 545 5434 copus
593 5360 795 5416 abiens
843 5361 901 5415 in
950 5359 1242 5415 civitatem
1288 5379 1631 5427 suam,mox
1677 5368 1741 5417 ut
1779 5362 2015 5419 intravit

361 5450 738 5507 vehementer
781 5448 1094 5521 mgrotavit,
1131 5455 1376 5520 postque
1407 5466 1625 5521 paucos
1665 5449 1809 5519 dies,
1845 5456 2015 5521 prout

433 5567 551 5638 (54)
582 5565 643 5620 1d
676 5565 892 5638 factum
924 5569 1183 5636 tempore
1214 5564 1714 5638 Danorumpaulo
1745 5572 1876 5638 post
1897 5569 2015 5624 obi-

363 5640 491 5693 tum
523 5636 835 5700 Dunstani,
862 5654 930 5691 ex
951 5636 1489 5707 ejustranslatioue
1521 5636 1690 5691 infra.

436 5709 552 5779 (55)
578 5708 718 5779 Ejus
746 5708 925 5765 vitam
956 5706 1263 5766 retulimus
1294 5725 1473 5782 supra
1522 5707 1594 5763 ad
1637 5725 1857 5765 annum
1886 5712 2011 5768 984.

2117 4742 2567 4807 inaestimabilis,
2614 4744 2847 4814 quantae
2892 4738 3036 4794 illud
3106 4734 3615 4809 contemplationis
3660 4732 3755 4795 est,

2117 4849 2295 4906 quam
2327 4832 2610 4888 excedens
2640 4828 2905 4885 omnium
2954 4826 3291 4884 mortalium
3342 4829 3587 4891 mentes,
3621 4816 3756 4894 quod

2116 4921 2203 4978 Vel
2253 4921 2351 4977 Dei
2386 4919 2736 4977 Genitrieem
2766 4916 2826 4972 in
2859 4917 2967 4972 hac
3016 4914 3249 4973 mortaii
3299 4914 3437 4982 vita,
3471 4911 3562 4969 vel
3612 4917 3755 4967 tuam

2119 5009 2459 5085 genitricem
2477 5009 2535 5063 in
2551 5012 2763 5063 aeterna
2774 5006 3014 5062 videbas
3034 5004 3181 5061 vita!
3206 5005 3268 5061 In
3291 5003 3502 5059 cwlum
3523 5011 3755 5070 namque

2119 5098 2523 5163 deducebaris,
2538 5096 2595 5151 in
2604 5100 2819 5151 tereras
2840 5094 3025 5150 beatis
3039 5089 3520 5166 agminibus,illis
3534 5088 3756 5146 oblecta-

2120 5188 2277 5244 baris
2292 5182 3143 5255 modulationibusangelorum
3156 5181 3421 5237 eamdem
3434 5176 3752 5251 genitricem

2121 5282 2285 5333 tuam
2318 5273 2485 5347 quasi
2516 5270 2765 5345 nuptiali
2800 5270 3058 5326 thalamo
3081 5274 3295 5325 teterno
3327 5267 3464 5340 Regi
3498 5262 3750 5339 copulan-

2120 5368 2292 5435 tium,
2326 5368 2382 5420 et
2403 5380 2577 5419 suave
2608 5362 2774 5433 Kyrie
2820 5358 3025 5417 eleison
3058 5360 3169 5432 (56)
3205 5354 3642 5414 modulanlibus
3681 5364 3752 5405 er-

2122 5434 2291 5528 ganis
2322 5451 2744 5508 resonantium.
2778 5448 3041 5520 Cumque
3081 5448 3153 5503 de
3200 5452 3313 5502 tua:
3361 5434 3751 5500 taciturnitatis

2124 5588 2244 5648 qua
2263 5571 2400 5648 eis?
2431 5566 2655 5648 01’1th
2690 5562 3328 5648 reponitﬁhronelosis
3350 5558 3752 5648 ξθ.κοξ¹ίο²ἓ·,..-.-

2126 5631 2400 5772 ἑῦξξξέὶίίὲ
2416 5638 2697 5695 accidisse
2747 5631 2805 5692 in
2852 5635 3082 5692 aedicula
3110 5631 3260 5691 almar
3275 5634 3457 5689 Patris
3484 5631 3747 5701 Augusqu
