3912 6356
170 414 291 475 449

1776 415 1985 477 νΙΤΑ.

3470 420 3591 479 450

171 546 408 623 silentio
440 547 788 621 arguereris,
824 547 976 619 quod
1008 547 1160 603 inter
1207 553 1369 603 tanta
1416 549 1542 606 vita:
1594 556 1816 605 alterna:
1847 569 1902 633 Α
1932 549 2341 623 potentissima
2380 551 2587 605 merita
2637 555 2759 618 tua,
2794 555 2856 604 ut
2908 550 2989 611 vel
3045 550 3221 606 tinem
3270 553 3398 609 vita:
3449 557 3587 622 tua},

171 635 390 709 gaudia
420 633 581 692 solus
612 641 675 692 tu
719 654 753 705 a
778 636 996 705 divinis
1044 636 1320 697 laudibus
1370 654 1649 705 cessares,
1686 655 1819 694 cum

169 716 466 798 pracipua
492 724 596 780 tibi
628 742 732 798 pro
763 725 980 783 honore
1002 725 1260 797 parentis
1276 727 1654 798 gaudendum
1686 726 1823 782 fuis—

172 816 280 883 set,
314 812 645 886 referreque
675 813 856 885 hujus
889 816 1061 869 tanta:
1113 814 1416 877 suavitatis
1462 814 1716 870 inscium
1765 819 1823 873 te

171 918 333 971 esse;
368 919 544 975 quam
577 900 845 970 breviter,
880 919 1176 974 quamque
1220 901 1469 959 dulciter
1517 921 1551 958 a
1598 902 1823 959 civibus

172 990 424 1048 civitatis
457 989 615 1047 illius
646 991 885 1047 edoctus
918 991 975 1046 in
994 990 1102 1048 has
1130 1009 1298 1048 voces
1330 992 1821 1063 cantandoerupi—

173 1077 252 1146 sti
286 1095 299 1133 :
333 1078 373 1134 0
409 1081 520 1137 Rex
547 1080 865 1136 Dominator
890 1082 1154 1154 gentium,
1186 1082 1339 1138 salva
1362 1097 1530 1153 genus
1552 1081 1823 1136 Christia-

172 1184 374 1227 norum
404 1170 465 1223 in
496 1176 643 1229 terra
670 1169 848 1224 adhuc
870 1171 1359 1241 perigrinantium,
1390 1178 1452 1225 ut
1477 1178 1527 1226 et
1572 1170 1679 1241 ipsi
1708 1175 1827 1240 post

176 1257 502 1313 inimicitias
533 1257 604 1313 ad
635 1260 873 1330 gratiam
902 1266 1263 1323 revertantur,
1289 1267 1340 1317 et
1375 1259 1612 1329 anglica:
1642 1260 1825 1314 ruina:

168 1362 271 1418 per
300 1347 424 1407 illos
455 1346 658 1403 damna
693 1356 1036 1418 reparentur.
1066 1348 1199 1403 Jam
1228 1364 1361 1404 vero
1394 1347 1609 1419 quibus
1641 1343 1827 1403 exsul-

175 1422 419 1489 tationis
450 1430 623 1490 labiis
655 1434 881 1490 edicam
913 1436 1069 1508 quod
1104 1436 1349 1492 Matrem
1380 1434 1610 1491 Domini
1636 1434 1828 1491 Salva-

176 1521 341 1577 toris.
368 1521 651 1594 Reginam
678 1523 906 1592 mundi,
931 1523 1239 1578 Dominam
1272 1523 1634 1597 angelorum,
1660 1522 1829 1597 virgi~

178 1610 304 1664 neis
326 1609 511 1665 oculis
540 1610 757 1679 vidisti,
784 1628 900 1666 non
933 1611 1135 1666 vestali
1167 1612 1342 1667 choro
1374 1612 1822 1677 circumdatam,

178 1699 279 1765 sed
308 1699 575 1773 virginali
603 1717 818 1757 corona
847 1699 1296 1759 circumfusam!
1327 1700 1541 1757 Felices
1560 1700 1711 1756 oculi
1745 1699 1828 1756 tui

177 1776 281 1860 qui
316 1787 476 1856 illam
491 1789 684 1855 videre
708 1791 1152 1862 potuerunt,cuj
1164 1808 1231 1847 us
1257 1791 1589 1847 castissima
1607 1791 1831 1849 viscera

176 1876 309 1955 ρωιί
361 1881 421 1934 et
458 1881 624 1941 terra:
653 1872 933 1951 Opificem
964 1884 1194 1951 portare
1225 1880 1601 1939 meruerunt!
1634 1878 1831 1936 felices

1931 637 2519 711 quantulumcunque
2550 637 2834 697 laudabili
2865 637 3162 695 valeamus
3195 656 3466 697 sermone
3495 641 3590 696 de-

1933 726 2187 781 scribere
2220 742 2233 780 :
2264 730 2555 797 quatenus
2588 743 2763 797 quem
2795 743 3027 797 semper
3056 725 3366 782 nobiscum
3389 744 3590 804 corpo-

1932 812 2131 869 raliter
2157 814 2446 869 viventem
2478 832 2592 869 non
2626 813 2793 869 licuit
2821 815 3059 881 habere,
3091 815 3264 871 liceat
3291 814 3499 873 saltem
3519 832 3590 879 ex

1933 901 2399 958 consideratione
2432 902 2869 974 pretiosissima:
2911 903 3118 958 mortis
3166 904 3587 977 sempiternam

1933 992 2017 1047 tui
2032 991 2210 1046 vitam
2224 992 2935 1065 agnoscere,agnoscendo
2954 993 2986 1046 d
2998 991 3279 1064 iligere,et
3292 992 3588 1065 diligendo

1938 1080 2121 1135 beata:
2154 1079 2438 1135 mercedis
2471 1078 2691 1151 aliquid
2726 1096 2829 1152 per
2859 1083 2915 1134 te
2947 1078 3282 1151 piissimum
3304 1080 3533 1136 Patrem
3556 1098 3591 1137 a

1938 1168 2053 1235 Deo
2087 1168 2618 1223 obtinere.Diseant
2639 1167 2871 1223 interim
2895 1168 3083 1224 devoti
3107 1171 3405 1224 tantorum
3421 1168 3593 1226 mira-

1935 1255 2143 1311 bilium
2177 1256 2476 1312 auditores
2507 1255 2770 1328 exemplo
2801 1256 2886 1311 tui
2921 1256 3118 1312 sobrie
3151 1256 3360 1326 vivere,
3392 1274 3590 1317 sacras

1936 1345 2270 1415 frequenter
2318 1344 2595 1399 excubias
2648 1344 2959 1413 celebrare,
3014 1344 3191 1400 castis
3224 1344 3591 1405 orationibus

1935 1433 2235 1501 inservire,
2266 1432 2545 1504 quoniam
2596 1437 2652 1489 ct
2683 1438 2745 1489 tu
2777 1433 2994 1489 idcirco
3027 1433 3247 1491 talibus
3297 1433 3592 1508 tantisque

1936 1521 2170 1594 gaudiis
2200 1520 2483 1577 interesse
2510 1521 2961 1593 meruisti,quod
2998 1522 3128 1577 aliis
3160 1523 3592 1579 dormientibus

1938 1610 2062 1682 ipse
2092 1609 2148 1666 in
2184 1609 2402 1664 sanctis
2430 1610 2737 1665 desideriis
2768 1610 3595 1684 vigilastimrasti,horamque

1939 1698 2209 1752 ultimam
2257 1698 2381 1754 sine
2430 1697 2867 1755 intermissione
2913 1699 3205 1771 cogitasti.
3242 1699 3354 1754 Nec
3398 1704 3594 1775 tamen

1939 1786 2239 1843 sufficiens
2267 1792 2391 1841 erat
2440 1786 2500 1840 in
2535 1790 2755 1842 secreto
2788 1786 3043 1842 cubiculi
3073 1787 3155 1841 tui
3198 1786 3313 1842 ista
3344 1787 3592 1859 operari,

1940 1875 2051 1931 nisi
2083 1874 2259 1931 etiam
2292 1875 2597 1932 nocturnis
2626 1874 2945 1948 frigoribus
2976 1876 3161 1932 aedem
3200 1875 3357 1933 beati
3408 1875 3596 1932 Patris

179 1954 335 2043 oculi
362 1964 705 2038 tui,quibus
736 1958 943 2047 datum
974 1972 1064 2029 est
1095 1967 1255 2025 illam
1285 1968 1683 2049 videre,quam
1707 1984 1832 2040 spe-
1860 1960 1906 2024 Β
1935 1963 2248 2036 Augustini
2299 1965 2413 2033 (57)
2448 1964 2870 2036 frequentares,
2900 1954 2964 2018 et
3022 1963 3156 2020 inde
3206 1964 3280 2020 ad
3328 1963 3591 2021 vicinum

178 2052 403 2133 ciosam
436 2071 612 2127 super
640 2054 793 2127 ﬁlias
840 2044 1167 2127 Jerusalem
1219 2057 1409 2129 angeli
1459 2045 1833 2126 venerantur,

183 2140 454 2207 homines
501 2143 858 2211 desiderant,
907 2146 1165 2217 pavescit
1212 2149 1488 2212 tartarus,
1537 2152 1594 2202 et
1640 2146 1833 2203 omnis

184 2233 454 2295 creatura
482 2230 685 2295 heram
707 2231 975 2293 miratur.
991 2233 1106 2304 Nec
1136 2232 1270 2291 inde
1289 2234 1659 2291 solummodo
1676 2236 1830 2303 felix,

182 2319 344 2398 quod
377 2318 525 2374 illud
561 2319 860 2393 singulare
892 2321 1069 2381 totius
1101 2321 1260 2381 orbis
1298 2323 1478 2379 decus
1508 2323 1701 2379 videre
1732 2341 1832 2396 po-

190 2406 389 2475 tuisti;
414 2398 658 2480 potuisti
688 2409 864 2467 etiam
900 2409 1213 2468 melliﬂuas
1244 2411 1374 2483 ejus
1404 2429 1571 2467 voces
1608 2413 1833 2479 audire,

189 2493 406 2568 quibus
454 2497 645 2553 socias
686 2497 939 2570 virgines
987 2500 1061 2562 ad
1116 2498 1569 2561 collaudandum
1621 2501 1835 2577 Regem

188 2584 535 2659 saeculorum
566 2603 634 2643 ex
664 2604 773 2645 sua
800 2604 976 2646 carne
1024 2588 1422 2663 temporaliter
1469 2595 1835 2662 procreatum

187 2671 553 2742 hortabatur,
588 2675 903 2735 concinens
933 2674 1078 2734 illud
1109 2676 1217 2733 viri
1248 2678 1529 2751 sapientis
1581 2697 1645 2734 ac
1675 2696 1838 2734 sena-

186 2762 334 2819 toris
365 2761 587 2819 Sedulii
620 2782 633 2820 :

310 2851 594 2914 Cantemus
623 2853 866 2912 Domino,
898 2854 1076 2914 socia},
1111 2857 1391 2905 cantemus
1420 2855 1700 2906 honorem.

310 2910 487 2963 Dulcis
516 2928 668 2964 amor
694 2910 884 2965 Christi
917 2910 1166 2981 personet
1194 2930 1284 2966 ore
1313 2918 1421 2981 pio.

259 3002 525 3074 Cumque
547 3004 620 3059 ab
651 3003 781 3060 aliis
798 3003 1129 3078 virginibus
1160 3005 1268 3061 hoc
1286 3006 1493 3065 fuisset
1508 3012 1835 3080 exceptum,

185 3089 314 3148 alia:
348 3090 447 3164 qui
479 3099 808 3166 sequuntur
834 3111 1038 3151 versus
1068 3095 1548 3166 pronuntiabant.

283 3180 489 3247 Primus
518 3182 586 3230 ad
616 3182 719 3230 ima
750 3182 859 3232 ruit
885 3195 1080 3247 magna
1111 3183 1175 3232 de
1205 3183 1319 3232 luce
1350 3185 1647 3247 superbus;

287 3246 299 3308 ί
344 3243 429 3308 Sic
458 3244 619 3308 homo
641 3258 762 3293 cum
795 3243 1244 3308 tumuit,primus
1273 3246 1338 3295 ad
1371 3243 1474 3295 ima
1503 3248 1627 3296 ruit.

284 3306 450 3369 Unius
478 3307 546 3356 ob
576 3308 826 3357 meritum
856 3306 1271 3369 cuncti'periere
1302 3309 1539 3359 minores
1571 3325 1583 3358 :

344 3367 530 3427 Cuncti
558 3369 837 3418 salvantur
866 3370 1026 3418 unius
1055 3367 1122 3419 ob
1153 3371 1419 3420 meritum.

204 3471 208 3474 ι
282 3429 405 3496 Sola
432 3430 534 3480 fuit
559 3431 770 3496 mulier,
800 3433 981 3496 patuit
1001 3446 1119 3496 qua
1130 3432 1301 3496 janua
1325 3433 1455 3482 lethi
1479 3450 1491 3496 ;

343 3495 419 3543 Ex
448 3508 555 3557 qua
582 3494 695 3543 vita
720 3494 877 3554 redit,
909 3494 1027 3544 sola
1048 3494 1152 3543 fuit
1178 3495 1391 3545 mulier.

258 3585 449 3656 Atque
478 3583 539 3638 in
570 3583 729 3641 hunc
759 3585 1002 3640 modum
1041 3584 1221 3640 totius
1273 3585 1553 3641 carminis
1600 3585 1721 3641 bini
1771 3603 1837 3645 ac

180 3672 314 3731 bini
343 3666 551 3730 versus
581 3672 1025 3743 procurrebant,
1045 3671 1162 3733 illis
1194 3690 1427 3746 semper
1456 3674 1714 3746 repetitis
1736 3674 1834 3747 qui

184 3761 364 3834 primi
396 3778 432 3827 ο.
454 3762 645 3825 Matre
672 3761 905 3819 Domini
935 3762 1299 3823 dicebantur.

281 3850 567 3914 Cantemus
593 3851 843 3914 Domino,
871 3851 1049 3909 sociis,
1079 3855 1356 3910 cantemus
1384 3851 1664 3914 honorem,

343 3910 521 3979 Dulcis
549 3927 697 3963 amor
723 3911 914 3981 Christi
945 3917 1203 3978 personet
1231 3928 1321 3965 ore
1352 3915 1459 3978 pio.

697 4012 943 4083 Auctoris
973 4011 1311 4084 apostropha.

258 4101 389 4157 Haec
422 4100 860 4172 tu,pontiticum
891 4099 1611 4177 dignissime,acutissima
1640 4120 1699 4158 v1
1720 4118 1839 4158 cor-

183 4189 478 4271 poralium
510 4188 814 4255 oculorum
831 4188 891 4253 in
922 4188 1288 4271 spiritualem
1307 4190 1628 4262 potentiam
1653 4196 1839 4251 trans-

184 4268 441 4357 latorum
468 4277 663 4337 videre
688 4278 931 4354 potuisti
960 4268 974 4348 έ
1006 4277 1128 4341 haec
1157 4282 1246 4346 tu,
1277 4277 1481 4336 intime
1512 4279 1837 4337 ccclestium

186 4366 537 4431 arcanorum
565 4358 979 4441 perscrutator,
1009 4368 1210 4427 audire
1241 4368 1485 4441 potuisti
1507 4388 1520 4436 ;
1541 4368 1633 4425 his
1655 4369 1836 4426 tantis

184 4465 424 4532 tamque
455 4448 761 4530 stnpendis
784 4457 956 4514 rebus
981 4457 1261 4527 interesse
1290 4457 1607 4530 potuisti.0
1635 4463 1838 4517 sancta

186 4540 369 4605 animi
400 4545 487 4603 tui
517 4544 829 4620 paritas,et
854 4563 1005 4619 pura
1032 4547 1531 4620 sanctitas,quam
1551 4547 1634 4604 sic
1652 4548 1834 4604 hono-

183 4640 278 4695 rat
305 4624 570 4707 superare
602 4633 852 4691 civitatis
882 4626 1161 4707 Suprema
1189 4635 1471 4708 dignitas!
1503 4653 1535 4692 o
1560 4637 1737 4692 decus
1769 4655 1835 4694 ac

1941 2053 2192 2126 praefata:
2213 2051 2458 2125 virginis
2489 2050 2776 2125 templum
2795 2051 2945 2108 hanc
2962 2051 3211 2125 gloriam
3245 2051 3345 2108 Dei
3362 2052 3595 2117 visurus

1944 2141 2306 2212 procedercs.

2183 2249 2513 2305 Praenuntia
2544 2247 2746 2303 dantur
2775 2247 2840 2304 de
2870 2257 3041 2304 morte
3068 2249 3364 2305 Dunstani.

2017 2338 2104 2392 41.
2134 2339 2299 2392 Anno
2331 2336 2512 2409 igitur
2535 2336 2704 2393 Verbi
2737 2336 3024 2393 incarnati
3056 2337 3364 2394 duodecim
3398 2337 3598 2399 minus

1946 2442 1980 2481 a
2020 2425 2358 2493 millesimo,
2408 2426 2694 2482 adventus
2737 2424 3057 2498 Anglorum
3116 2427 3174 2482 in
3228 2426 3597 2489 Britanniam

1946 2514 2418 2587 quingentesimo
2431 2513 2793 2587 sexagesimo
2810 2514 2980 2571 tertio
2991 2515 3600 2584 ,sanctissimus,Deo-

1946 2618 2060 2673 que
2074 2600 2493 2658 dilectissimus
2506 2603 2550 2657 D
2561 2606 2849 2658 unstanus
2871 2604 3275 2671 transitoriam
3294 2605 3600 2676 praesentis

1944 2690 2074 2758 vitae
2106 2691 2379 2746 deserens
2410 2690 2626 2760 lucem,
2650 2692 2722 2747 ad
2752 2690 2944 2748 lucem
2977 2691 3147 2749 beata
3177 2696 3354 2763 atque
3385 2697 3603 2755 aeterna

1939 2777 2313 2850 jucunditate
2343 2779 2648 2850 prazditam
2683 2779 2962 2850 pervenit,
2987 2778 3086 2834 ubi
3120 2779 3272 2834 sicut
3292 2780 3379 2836 sol
3398 2797 3469 2836 ex
3493 2780 3605 2837 cla-

1947 2867 2116 2925 ritate
2146 2866 2247 2922 Dei
2279 2866 2628 2940 reSplendct,
2664 2872 2722 2923 et
2753 2867 2908 2923 diem
2939 2871 3222 2924 mternum
3254 2868 3606 2927 aeternaliter

1947 2956 2227 3028 possidet,
2252 2973 2406 3012 anno
2420 2954 2855 3027 patriarchatus
2867 2956 2959 3013 sui
2973 2955 3269 3012 tricesimo
3282 2957 3455 3012 tertio
3468 2957 3601 3031 (58),

1947 3044 2268 3101 nativitatis
2317 3050 2517 3100 autem
2562 3045 2794 3100 circiter
2824 3045 3278 3118 septuagesimo,
3316 3063 3452 3101 cum
3474 3048 3602 3118 jam

1948 3137 2105 3189 esset
2153 3133 2313 3189 omni
2356 3134 2643 3189 virtutum
2673 3134 3029 3190 charismate
3062 3133 3291 3205 plenus,
3324 3140 3382 3190 et
3418 3135 3604 3191 Deum

1946 3222 2180 3279 videndi
2213 3223 2501 3279 desiderio
2532 3222 3032 3296 fatigatus.Cujus
3062 3223 3415 3280 venerabilis
3447 3228 3602 3281 tran-

1868 3327 1910 3393 ρ
1949 3311 2101 3366 situs
2132 3315 2253 3366 tam
2287 3330 2321 3366 a
2351 3329 2434 3380 se,
2452 3329 2629 3383 quam
2661 3312 2733 3366 ab
2757 3311 2889 3367 aliis
2922 3311 3235 3384 multiplici
3259 3312 3607 3371 revelatione

1951 3399 2277 3472 prmscitus,
2313 3399 2425 3455 sibi
2454 3399 2906 3471 gaudium,aliis
2937 3417 3173 3473 gravem
3203 3400 3608 3472 ingessitmte-

1947 3504 2136 3545 rorem
2174 3504 2187 3541 :
2221 3487 2333 3542 sibi
2364 3488 2670 3561 gaudium,
2701 3488 2981 3559 quoniam
3014 3490 3168 3560 quod
3204 3506 3307 3560 per
3345 3505 3508 3560 spem
3544 3489 3603 3551 in

1944 3576 2062 3633 vita
2084 3576 2412 3648 jucundius
2442 3576 2717 3642 habebat,
2748 3576 2807 3631 id
2840 3594 2943 3648 per
2974 3595 3096 3632 rem
3130 3594 3192 3632 se
3223 3577 3510 3646 visurum,
3544 3582 3603 3641 et

1918 3682 2011 3751 .eo
2043 3670 2319 3736 perpetuo
2339 3664 2658 3720 fruiturum
2688 3665 3004 3737 gaudebat;
3023 3665 3247 3721 caeteris
3269 3682 3601 3734 mcurorem,

1946 3753 2224 3826 quoniam
2241 3754 2343 3826 qui
2365 3752 2636 3810 similiter
2660 3752 2874 3808 divinis
2890 3757 2947 3809 et
2976 3752 3255 3811 humanis
3272 3753 3603 3819 rationibus

1946 3842 2268 3910 excelleret,
2284 3842 2582 3898 neminem
2615 3842 2892 3913 deinceps
2922 3842 2982 3897 in
3015 3846 3171 3898 terra
3193 3842 3601 3915 appariturum

1946 3930 2382 3988 existimabant.
2418 3930 2531 3986 Sed
2562 3947 2669 3986 nos
2708 3929 3131 4003 multiplicium
3183 3930 3602 3993 revelationum

1946 4018 2298 4075 multimoda
2328 4018 2607 4089 relatione
2638 4020 3205 4091 postposita,eorum
3237 4037 3365 4092 quas
3400 4038 3605 4094 propo-

1947 4108 2177 4166 suimus
2190 4107 2424 4180 singula
2445 4107 2698 4181 singulis
2720 4112 2948 4165 tantum
2970 4110 3299 4169 rationibus
3330 4111 3603 4167 demons-

1944 4197 2257 4254 trabimus.
2278 4197 2411 4253 Dies
2435 4214 2571 4270 ergo
2599 4199 2941 4254 ascensione
2971 4198 3082 4271 (59)
3105 4198 3322 4256 Christi
3357 4198 3603 4261 festivus

1946 4285 2103 4341 diem
2116 4284 2554 4341 clarificationis
2568 4285 2720 4342 beati
2737 4286 2780 4341 D
2790 4286 3027 4343 unstani
3051 4286 3349 4358 praacessit
3370 4287 3599 4349 tertius.

1946 4374 2144 4431 Tanta:
2167 4373 2365 4446 itaque
2378 4373 2492 4429 diei
2517 4378 2792 4446 surgente
2815 4390 3182 4442 aurora,sace
3190 4374 3323 4430 rdos
3335 4375 3599 4446 quidam,

1946 4462 2181 4519 nomine
2212 4461 2462 4534 Algarus
2494 4462 2591 4534 (al.
2624 4462 2937 4534 Elfgarus),
2971 4461 3249 4517 doctrinae
3271 4466 3328 4517 et
3356 4462 3603 4522 actionis

1946 4553 2155 4621 merito
2180 4550 2533 4623 praecipuus,
2555 4568 2730 4623 quem
2760 4556 2971 4622 postea
3002 4550 3258 4607 nobilem
3292 4551 3350 4605 in
3382 4551 3606 4611 Hclmer

1944 4640 2082 4696 ham
2130 4639 2475 4714 episcopum
2518 4638 2800 4694 claruisse
2839 4639 3197 4711 accepimus,
3232 4641 3373 4698 dum
3405 4658 3604 4704 sacros

182 4712 494 4800 praemium
522 4718 901 4801 virginitatis,
923 4723 1023 4797 qui
1059 4724 1143 4783 sic
1174 4724 1467 4796 aggaudet
1490 4730 1712 4781 natura:
1735 4725 1846 4781 vir-
1875 4725 2252 4788 DDominicm
2286 4712 2615 4783 ascensioni
2639 4728 2888 4783 honores
2921 4728 2979 4782 in
3012 4727 3257 4784 ecclesia
3279 4728 3602 4791 Salvatoris

180 4812 365 4898 gineze
414 4810 594 4883 simul
642 4817 816 4885 atque
861 4811 1134 4893 angelica:
1183 4813 1486 4885 dignitati!
1541 4815 1651 4869 Sed
1704 4832 1836 4871 ecce

179 4920 366 4975 supra
396 4900 545 4975 vires
571 4901 888 4965 viventium
920 4905 1013 4957 est
1059 4901 1303 4958 viventis
1352 4902 1438 4956 tui
1487 4901 1547 4956 in
1597 4920 1835 4975 corpore

177 4974 461 5055 laudibus
491 4974 793 5059 immorari
820 5006 834 5058 ;
868 4994 1087 5061 quanto
1115 4989 1313 5055 minus
1345 4974 1832 5058 transeuntistui,

176 5085 239 5156 et
268 5072 405 5143 cum
436 5079 664 5147 Christo
686 5078 1036 5155 aeternalitcr
1053 5064 1353 5150 regnantis
1378 5079 1698 5153 condignas
1714 5079 1836 5137 lau-

178 5154 285 5229 des
315 5168 641 5246 valebimus
670 5154 1106 5241 effari.Prenstet
1136 5168 1539 5241 omnipotenss
1556 5170 1709 5226 Deus
1731 5188 1834 5243 per

186 5344 189 5345 ν
251 5250 563 5347 (57).Βρέ1εέ
591 5274 1166 5348 animumDunstani
1188 5274 1397 5348 obitus
1419 5274 1614 5348 signat
1631 5276 1834 5333 Osber-

180 5345 537 5423 {tuanempe
566 5347 811 5423 988.Sed
846 5345 1301 5423 falsusestbic,
1338 5352 1403 5401 ut
1446 5345 1635 5423 initio_
1664 5348 1828 5423 Vitae,

178 5416 243 5500 in}
274 5416 631 5500 αέέίεηὲιηᾲο
660 5434 813 5499 anno
844 5418 1129 5500 salientes
1157 5417 1485 5500 Αηειοτιιιϊι.
1510 5417 1570 5472 in
1602 5418 1828 5500 “fit”

178 5489 364 5567 niam,
522 5487 637 5544 non
664 5488 818 5565 a'nno
848 5489 971 5555 428,
1007 5488 1083 5543 ut'
1112 5489 1238 5560 ipse
1258 5487 1513 5570 putavit,
1548 5490 1649 5543 sed
1677 5508 1830 5573 anno

175 5562 285 5618 ΗΒ
314 5561 549 5618 accidit.
572 5565 721 5617 teste
753 5561 925 5616 Beda.
951 5558 1275 5616 Concordat
1304 5562 1429 5615 dies
1458 5562 1831 5618 Αεοοηειοῐιιε

173 5634 616 5714 Megethius;
711 5702 722 5714 ,
966 5703 1000 5714 ,.
1206 5702 1266 5714 ..
1352 5703 1360 5713 .

251 5703 363 5785 (58)
395 5703 518 5763 Imo
548 5702 826 5761 vicesimo
856 5703 1125 5779 septimo,
1160 5706 1225 5761 ut
1252 5702 1467 5783 legitur
1514 5709 1641 5763 tum
1674 5706 1830 5781 apud

1944 4816 2185 4891 pervigil
2219 4816 2606 4888 impenderet,
2642 4822 2696 4871 et
2730 4822 2985 4872 mentem
3037 4818 3108 4872 ad
3159 4818 3418 4874 cmlestia
3465 4836 3601 4877 eon-

1943 4906 2283 4978 templanda
2332 4905 2688 4973 extenderet,
2738 4905 2931 4977 seipso
2989 4911 3046 4961 et
3095 4907 3373 4964 omnibus
3422 4908 3604 4981 hujus

1943 4993 2150 5050 mundi
2193 4994 2369 5049 rebus
2418 4993 2803 5063 transcensis,
2850 4994 3223 5050 Dunstanum
3280 4996 3601 5067 pontificali

1942 5084 2153 5139 throno
2186 5081 2475 5154 conspicit
2500 5082 3006 5153 pra:sidentem,et
3033 5084 3186 5140 clero
3208 5086 3349 5156 jura
3369 5085 3603 5142 canoni-

1942 5190 2011 5228 ca
2039 5171 2453 5239 dictantem;et
2485 5188 2616 5226 ecce
2648 5188 2753 5243 per
2782 5188 2987 5228 omnes
3018 5172 3277 5229 ecclesia:
3286 5174 3600 5245 januasiro

1940 5276 2533 5349 Willclmnm,tumin
2568 5276 2815 5332 historia
2843 5278 2971 5349 ejus
3004 5278 3597 5337 translationisinfra.

1943 5349 2130 5421 Odoni
2177 5349 2400 5421 quippe
2442 5348 2785 5421 Dunstanus
2834 5351 3122 5407 successit
3170 5369 3324 5406 anno
3374 5353 3474 5409 841
3530 5368 3601 5410 ex

1941 5418 2663 5491 Chronologia'Saxonica.

2013 5492 2131 5565 (59),
2157 5492 2286 5565 Hice
2316 5491 2601 5565 Verbatim
2636 5492 2812 5546 refert
2839 5492 3175 5548 Willelmus
3215 5492 3274 5565 in
3306 5492 3422 5565 lib.
3442 5510 3491 5565 ιιᾼ
3515 5493 3600 5565 De

1940 5562 2319 5646 pontificibus
2338 5562 2683 5646 Anglorum,
2719 5568 2915 5646 σειρᾷ,
2938 5566 3035 5619 ubi
3070 5566 3141 5620 de
3170 5563 3459 5646 episcopis
3472 5562 3597 5619 Hel~

1941 5634 2507 5708 monensibus,inter
2538 5651 2689 5708 quos
2710 5634 2983 5707 quintum
3008 5634 3268 5691 recenset
3286 5634 3599 5708 Algarum;

1941 5707 2111 5783 cujus
2142 5706 2515 5765 sanctitatem
2549 5705 2618 5764 ex
2645 5705 2755 5767 hoc
2787 5707 2913 5767 loco
2942 5708 3137 5767 infert.
