3912 6380
334 363 451 425 451

1327 363 1389 423 S.
1436 359 1908 425 DUNSTANUS
1954 358 2321 422 ARCHIEP.
2367 362 2761 423 CANTUAR.

3640 362 3765 423 452

337 501 635 555 ruentium
667 496 1010 569 angelorum
1041 495 1704 566 inﬁnitaingrediuntur
1734 494 1989 563 agmina,
2024 495 2076 560 Α
2108 493 2484 548 benedicendi
2540 493 2822 565 populum
2874 496 3206 563 advenerat,
3260 499 3316 549 et
3380 495 3587 549 iterata
3634 495 3763 550 vice

351 588 524 645 stolis
555 584 997 641 candidissimis
1029 584 1336 655 fulgentia,
1370 584 1602 638 coronis
1645 582 1839 638 aureis
1871 583 1985 637 ruti
2054 586 2067 610 ⁸
2100 583 2304 637 beatus
2335 581 2433 635 ille
2459 583 2528 636 ad
2564 582 2847 654 populum
2880 583 3460 655 procedebat,volens
3492 582 3591 638 ille
3622 582 3763 637 abs-

335 675 538 741 tantia,
571 673 889 729 Cherubim
923 677 1099 744 atque
1130 670 1436 744 Seraphim
1486 672 1715 726 Sanctus
1764 668 1986 740 procla-

335 761 581 827 mantia,
616 766 673 816 et
701 760 870 833 quasi
903 761 1166 815 divinum
1198 761 1474 815 nuntium
1507 757 1983 826 deferentia.Qui,

333 849 478 906 dum
510 848 727 903 coactis
759 848 1067 903 ordinibus
1117 848 1342 904 sedenti
1394 850 1654 902 astarent
1702 845 1982 918 pontifici,

331 938 444 995 hoc
475 937 557 993 illi
590 937 967 993 salutationis
1007 937 1330 1009 alloquium
1386 936 1744 1008 persolvunt.
1796 934 1982 1001 Salve,

329 1026 629 1101 inquiunt,
663 1027 966 1081 Dunstane
1018 1032 1235 1093 noster,
1271 1028 1318 1081 si
1352 1030 1590 1097 paratus
1630 1043 1712 1091 es,
1744 1023 1895 1090 veni,
1929 1029 1986 1077 et

329 1115 627 1188 gratiosus
683 1119 883 1170 nostro
943 1119 1104 1170 utere
1177 1114 1581 1171 contubernio.
1642 1114 1985 1169 Dunstanus

330 1204 631 1276 respondit
664 1221 676 1257 :
731 1204 927 1271 Scitis,
960 1221 992 1259 o
1043 1203 1229 1259 sancti
1283 1202 1550 1274 spiritus,
1585 1202 1757 1257 hodie
1788 1200 1983 1256 Chris-

328 1295 457 1347 tum
487 1291 663 1348 cmlos
696 1293 1130 1357 conscendisse,
1162 1291 1464 1363 nostrique
1498 1290 1673 1346 ofﬁcii
1705 1307 1830 1345 esse
1861 1295 1982 1344 tam

248 1393 254 1399 '
326 1380 502 1435 verbo
560 1397 739 1452 quam
798 1385 1166 1436 sacramento
1225 1380 1509 1452 populum
1569 1378 1667 1433 Dei
1726 1378 1981 1444 reﬁcere,

327 1467 575 1540 ideoque
607 1469 801 1524 venire
832 1469 1004 1523 hodie
1039 1465 1981 1540 uequeo.Dixerantitaquesancti

326 1555 573 1628 spiritus
607 1574 620 1610 :
656 1557 900 1611 Paratus
933 1562 1057 1611 esto
1090 1557 1183 1611 die
1214 1556 1454 1610 Sabbati
1507 1554 1641 1609 hinc
1672 1553 1980 1609 nobiscum

328 1644 574 1699 Romam
634 1644 907 1709 transire,
969 1649 1026 1700 et
1090 1649 1223 1699 ante
1280 1661 1584 1699 summum
1646 1642 1979 1723 pontiﬁcem

323 1732 557 1789 Sanctus
587 1733 938 1805 aeternaliter
966 1750 1192 1789 canere.

396 1839 740 1897 Ascensionis
770 1839 859 1895 die
886 1841 1021 1911 festo
1064 1839 1227 1895 verba
1273 1840 1407 1911 facit
1434 1838 1504 1895 ad
1529 1840 1794 1911 populum
1825 1838 1910 1892 vir

629 1919 869 1967 sanctus.
903 1911 1124 1967 Mortem
1152 1928 1313 1966 suam
1341 1927 1459 1966 suis
1487 1911 1668 1967 edicit.

397 2011 487 2065 42.
521 2009 837 2080 Postquam
870 2025 1006 2081 ergo
1038 2009 1162 2063 dies
1195 2012 1421 2063 (eterna:
1461 2007 1861 2063 retributionis
1891 2011 1982 2061 est

324 2097 1022 2166 indictus,etDunstanus
1040 2096 1237 2151 divina
1256 2096 1366 2151 ﬁde
1396 2096 1468 2151 ad
1492 2095 1978 2151 consentiendum

323 2184 623 2253 inductus,
657 2184 963 2240 confestim
996 2184 1098 2256 qui
1130 2188 1531 2256 apparuerunt
1560 2182 1753 2256 angeli
1779 2183 1980 2256 dispa-

323 2276 591 2335 ruerunt.
623 2275 697 2329 At
726 2274 998 2329 sacerdos
1029 2274 1129 2344 qui
1165 2289 1359 2328 rerum
1392 2278 1510 2327 tam
1556 2272 1792 2328 evidens
1842 2289 1979 2327 con-

323 2360 641 2434 templator
670 2361 1235 2433 exstiterat,egitum
1267 2378 1467 2415 earum
1492 2360 1767 2432 stupidus
1802 2360 1980 2416 simul

325 2454 384 2506 et
411 2449 627 2506 tacitus
656 2449 986 2522 explorator
1016 2450 1381 2505 observabat.
1415 2449 1679 2521 Cumque
1712 2450 1866 2505 inter
1896 2466 1982 2504 sa-

324 2543 630 2595 crosancta
661 2539 925 2611 ejusdem
957 2539 1071 2595 diei
1106 2537 1320 2611 gaudia
1353 2537 1451 2593 illa
1481 2535 1774 2609 Evangelii
1808 2536 1978 2594 lectio

324 2628 693 2695 recitaretur,
732 2628 789 2683 in
823 2645 941 2700 qua
971 2627 1255 2683 Dominus
1286 2631 1484 2682 noster
1509 2627 1681 2683 Jesus
1712 2626 1982 2681 Christus

325 2721 460 2791 post
492 2718 981 2773 resurrectionem
1009 2734 1177 2773 suam
1211 2716 1519 2788 discipulis
1552 2715 1982 2788 apparuisse,ct

326 2807 646 2879 exprobata
668 2806 1077 2862 incrudelitate
1098 2805 1334 2861 illorum
1349 2809 1524 2878 atque
1537 2805 1663 2859 duri
1674 2804 1753 2858 tia
1765 2802 1978 2871 cordis,

326 2896 674 2951 mandatum
705 2894 920 2968 legitur
946 2895 1198 2960 dedisse,
1237 2898 1299 2949 ut
1328 2894 1388 2949 in
1415 2898 1535 2949 toto
1567 2893 1787 2947 mundo
1803 2893 1984 2946 Evan-

327 2983 546 3056 gelium
582 2984 742 3056 regni
777 2984 1178 3056 praedicarent,
1213 2984 1386 3037 ﬁdem
1411 2999 1477 3036 ac
1500 2980 1859 3052 baptismum
1885 2996 1985 3033 an-

328 3072 687 3138 nuntiarent,
717 3070 970 3126 salutem
1004 3074 1397 3143 proponerent
1434 3067 1828 3133 credentibus,
1863 3083 1979 3121 non

326 3146 702 3213 credentibus
732 3158 1101 3212 minarentur
1126 3156 1707 3213 condemnationem:
1727 3169 1981 3224 cumque

2010 1891 2059 1957 B

2097 686 2329 726 cessum
2363 687 2537 725 suum
2572 671 3058 739 denuntiare,sed
3091 689 3288 728 amore
3318 669 3651 727 dulcedinis
3685 670 3761 726 ﬁ-

2096 759 2310 814 liorum
2338 760 2737 815 revocabatur.
2775 761 3021 816 Proinde
3042 761 3380 817 exhortatus
3409 764 3499 816 est
3522 775 3759 829 omnes,

2096 852 2160 903 ut
2191 847 2330 902 illuc
2361 852 2483 901 tota
2515 848 2731 902 mentis
2777 848 3101 904 intentione
3130 850 3391 917 tendant,
3428 865 3543 920 quo
3575 851 3762 919 caput

2097 940 2365 991 nostrum
2398 935 2876 1009 principiumque
2907 938 3079 994 Jesus
3112 936 3381 993 Christus
3411 936 3615 992 eadem
3660 936 3761 991 die

2096 1028 2469 1095 prrrcesserat
2502 1041 2514 1078 :
2552 1025 2801 1097 dataque
2835 1044 3010 1099 super
3040 1026 3169 1083 illos
3221 1043 3338 1081 suae
3385 1025 3760 1080 auctoritatis

2094 1114 2515 1180 benedictione,
2551 1115 2755 1169 orabat
2782 1102 3065 1187 Spiritum
3101 1119 3370 1171 sanctum
3404 1113 3524 1170 illis
3544 1114 3760 1169 adesse

2094 1204 2594 1274 quemadmodum
2622 1202 2801 1257 Filius
2835 1204 2934 1258 Dei
2963 1204 3475 1276 promiserat,cum
3509 1203 3759 1258 redeun-

2092 1296 2209 1346 tem
2255 1290 2421 1346 illum
2478 1292 2549 1345 ad
2585 1292 2827 1369 Patrem,
2860 1292 3114 1348 caelestis
3148 1293 3334 1347 nubes
3366 1290 3752 1363 suscipiebat.

2094 1381 2218 1451 Ego,
2249 1380 2460 1452 inquit,
2493 1384 2705 1436 mittam
2738 1382 2884 1437 vobis
2916 1382 3187 1453 Spiritum
3224 1383 3489 1447 veritatis,
3525 1387 3584 1435 ut
3628 1396 3757 1434 ma-

2090 1477 2216 1524 neat
2244 1471 2517 1524 vobiscum
2570 1472 2628 1524 in
2657 1478 2927 1525 internum
2972 1472 3147 1541 (Joan.
3181 1487 3295 1537 xw,
3333 1470 3442 1539 16).
3471 1468 3619 1523 Cum
3653 1468 3757 1523 his

2091 1558 2273 1631 igitur
2301 1558 2658 1613 disserendis
2692 1558 3068 1613 beatissimus
3102 1558 3356 1629 pontifex
3388 1556 3613 1612 diutius
3642 1557 3757 1610 im-

2090 1650 2355 1700 moratus
2416 1646 2639 1713 fuisset,
2691 1646 2969 1701 videbant
3022 1647 3226 1703 faciem
3283 1648 3410 1718 ejus
3456 1651 3750 1718 tanquam

2089 1734 2296 1791 faciem
2329 1734 2515 1807 angeli
2549 1735 2671 1804 Dei,
2708 1740 2772 1789 ut
2802 1752 2931 1791 vere
2972 1752 3037 1790 ac
3081 1733 3390 1790 visibiliter
3435 1739 3594 1790 esset
3642 1750 3754 1807 ag-

2090 1842 2348 1891 noscere,
2381 1825 2538 1896 quod
2572 1825 2622 1879 is
2655 1842 2830 1897 quem
2859 1824 3169 1880 invocabat
3210 1823 3463 1897 Spiritus
3505 1827 3758 1880 sanctus

2090 1911 2418 1985 majestatis
2446 1928 2566 1967 sum
2585 1910 2956 1984 prmsentiam
2988 1911 3265 1983 dignatus
3283 1908 3458 1966 fuerit
3483 1910 3764 1966 demons-

2089 2004 2263 2056 trare.
2296 2000 2536 2056 Volente
2565 2005 2760 2056 autem
2794 2000 2891 2055 illo
2921 2001 2993 2055 ad
3026 1999 3211 2056 altare
3241 1998 3520 2066 converti,
3556 1997 3761 2071 suspi-

2090 2091 2258 2146 rabat
2280 2090 2533 2162 populus
2566 2094 2697 2162 post
2726 2107 2883 2156 eum,
2915 2089 3256 2147 desiderans
3290 2089 3482 2145 adhuc
3522 2087 3764 2146 deside-

2091 2178 2305 2234 rabiles
2356 2177 2554 2233 vultus
2613 2178 2742 2249 ejus
2792 2178 3005 2245 videre,
3057 2183 3114 2234 et
3162 2176 3450 2250 colloquio
3506 2176 3762 2250 perfrui,

2091 2264 2331 2337 perinde
2363 2265 2529 2337 quasi
2563 2266 2830 2337 ejusdem
2863 2265 3120 2338 Spiritus
3164 2266 3353 2322 sancti
3411 2264 3765 2338 magisterio

2089 2354 2299 2419 edocti,
2334 2354 2491 2425 quod
2522 2352 2691 2408 illum
2726 2354 2973 2409 ulterius
2995 2354 3054 2410 in
3084 2371 3257 2411 carne
3289 2372 3406 2410 non
3437 2357 3632 2411 esse'nt
3665 2353 3766 2409 vi-

2090 2441 2469 2509 suri.Quibus
2499 2442 2557 2496 in
2592 2458 2790 2498 amore
2819 2448 3046 2497 interna:
3078 2443 3385 2499 Trinitatis
3417 2441 3590 2499 tertio
3610 2458 3769 2498 con-

2091 2530 2361 2597 firmatis,
2395 2534 2529 2601 post
2558 2529 2806 2587 libatum
2839 2531 3001 2603 pacis
3027 2537 3085 2587 et
3107 2530 3407 2587 charitatis
3439 2547 3559 2585 suae
3593 2547 3767 2586 oscu-

2091 2617 2237 2686 lum,
2264 2636 2380 2675 non
2410 2618 2595 2673 valuit
2626 2619 3034 2674 imminentem
3067 2618 3179 2673 sibi
3226 2619 3473 2690 gloriam
3524 2619 3765 2675 diutius

2091 2711 2417 2780 contegere,
2453 2707 2554 2762 sed
2589 2711 2753 2778 rogat
2785 2712 2849 2761 ut
2878 2706 2969 2761 sui
3004 2723 3292 2761 memores
3321 2707 3765 2776 existant,dicit

2088 2794 2413 2850 vocationis
2445 2811 2562 2848 suae
2595 2793 2748 2847 diem
2782 2793 3023 2860 instare,
3043 2809 3147 2847 nec
3180 2809 3241 2847 se
3271 2791 3520 2847 ulterius
3548 2795 3613 2848 in
3653 2795 3765 2851 hoc

2093 2884 2314 2938 mundo
2344 2898 2479 2936 cum
2501 2880 2618 2934 illis
2649 2881 3086 2935 manere.Tunc
3116 2884 3339 2935 tantam
3370 2879 3648 2940 iubentis
3670 2902 3767 2956 po-

2093 2970 2218 3043 puli
2246 2970 2471 3024 videres
2504 2967 2906 3023 confusionem
2938 2973 3060 3024 tam
3093 2969 3438 3041 permistam
3470 2969 3764 3044 lacrymis

2089 3055 2225 3111 cleri
2286 3054 2833 3124 conclamationem,
2886 3057 3201 3113 viduarum
3260 3075 3326 3113 ac
3385 3057 3765 3130 pupillorum

2090 3143 2485 3199 miserabilem
2518 3144 3043 3216 perturbationem,
3080 3151 3144 3201 ut
3181 3146 3335 3201 diem
3380 3147 3596 3218 judicii
3647 3149 3765 3203 ad-

327 3247 400 3302 ad
432 3246 553 3301 haec
586 3246 991 3300 conﬁrmanda
1021 3242 1871 3316 signorumillisfaciendorum
1889 3258 1984 3314 po-
2013 3260 2056 3326 ρ
2094 3249 2244 3300 0586,
2277 3236 2332 3286 et
2362 3232 2562 3288 omnia
2609 3233 2822 3288 smcula
2849 3233 2908 3289 in
2942 3252 3281 3306 supremam
3322 3235 3529 3290 horam
3562 3236 3767 3292 coisse

327 3338 596 3390 testatem
613 3328 1982 3404 delegaret,dzemonumejectionem,linguarum

328 3422 667 3488 novitatem,
718 3420 919 3476 tollere
989 3424 1312 3491 serpentes,
1365 3419 1677 3475 mortiferae
1728 3418 1984 3490 potionis

328 3512 491 3570 virus
519 3511 909 3583 exstinguere,
926 3514 982 3564 et
1013 3527 1190 3579 super
1210 3526 1443 3565 omnem
1474 3507 1879 3580 aegritudinem
1898 3526 1986 3565 sa-

328 3601 624 3657 lutiferam
676 3615 961 3655 manuum
1007 3596 1442 3669 impositionem
1484 3596 1668 3670 (Marc.
1702 3613 1854 3665 xxvr,
1890 3599 1984 3653 14-

330 3689 594 3761 18).Οιιῐῐι
625 3705 762 3761 ergo
793 3687 905 3742 ista
935 3686 1227 3759 Evangelii
1259 3686 1428 3743 lectio
1481 3686 1982 3760 pronuntiaretur,

329 3782 390 3834 et
417 3781 550 3850 post
580 3776 722 3845 haec,
746 3775 1246 3848 quemadmodum
1277 3775 1614 3832 videntibus
1634 3774 1985 3847 illisquibus

329 3865 451 3922 hanc
483 3868 740 3938 potestas
761 3862 1025 3937 delegata
1056 3868 1145 3919 est
1162 3864 1432 3920 Christus
1463 3864 1524 3920 in
1556 3863 1769 3920 ccelum
1789 3881 1988 3920 ascen-

328 3955 492 4011 deret
519 3954 652 4027 (Act.
686 3971 725 4021 ι,
756 3953 836 4024 9),
868 3952 1293 4025 subjiceretur:
1329 3953 1614 4027 processit
1636 3954 1894 4026 pontifex
1913 3953 1987 4008 de

329 4041 585 4101 sacrario
613 4042 792 4098 latius
825 4042 947 4099 haec
979 4041 1259 4097 eademin
1293 4041 1508 4115 populo
1542 4045 1989 4109 tractaturus,et

331 4131 676 4188 memoriam
708 4131 1244 4189 misericordiarum
1268 4131 1369 4186 Dei
1388 4131 1665 4186 cordibus
1682 4146 1884 4186 eorum
1902 4146 1988 4184 ar-

331 4221 449 4279 tius
480 4219 901 4293 impressurus.
936 4220 1193 4276 Locutus
1223 4223 1313 4276 est
1355 4236 1492 4291 ergo
1543 4218 1799 4290 qualiter
1829 4235 1987 4273 nun-

330 4326 510 4383 quam
544 4310 732 4366 fuerat
763 4313 934 4367 antea
962 4308 1217 4377 locutus,
1249 4308 1564 4363 ostendens
1597 4324 1716 4379 qua
1765 4307 1988 4362 ratione

332 4399 515 4457 Filius
561 4398 661 4455 Dei
711 4415 945 4455 carnem
996 4396 1273 4464 induerit,
1308 4412 1414 4451 cur
1462 4395 1707 4451 humani
1757 4394 1989 4468 generis

332 4488 711 4545 salvationem
746 4505 861 4544 non
893 4486 1003 4542 nisi
1039 4485 1338 4541 moriendo
1372 4483 1987 4556 compleverit,quem-

333 4577 653 4633 admodum
688 4593 1001 4649 resurgens
1049 4592 1083 4629 a
1113 4572 1362 4628 mortuis
1405 4571 1613 4628 mortis
1660 4570 1986 4644 principem

2095 3326 2355 3394 putares.
2390 3321 2674 3376 Sacerdos
2705 3321 2881 3377 etiam
2911 3323 3010 3395 qui
3044 3327 3166 3378 tam
3201 3322 3529 3378 mirabilem
3562 3323 3625 3378 in
3659 3340 3765 3379 ec-

2094 3408 2273 3465 clesia
2302 3409 2578 3464 ecstasim
2610 3410 2852 3478 viderat,
2886 3410 3119 3483 cognito
3152 3413 3307 3484 quod
3342 3428 3457 3467 non
3496 3411 3557 3467 in
3610 3412 3766 3469 ima-

2094 3497 2249 3570 gine,
2284 3497 2383 3553 sed
2418 3496 2479 3551 in
2512 3514 2709 3553 rerum
2736 3498 2977 3554 veritate
3028 3501 3295 3555 eamdem
3346 3499 3763 3566 sustinuisset,

2096 3585 2290 3658 palam
2323 3585 2621 3654 omnibus,
2647 3592 2703 3642 et
2732 3604 2865 3642 cum
2899 3588 3133 3661 magnis
3164 3588 3480 3661 gemitibus
3512 3605 3643 3661 qua:
3675 3588 3765 3645 vi-

2095 3677 2260 3731 derat
2290 3674 2559 3730 absolvit.
2593 3678 2850 3741 Quorum
2883 3677 3221 3733 mmstitiam
3250 3678 3417 3733 Pater
3445 3677 3765 3749 pretiosis-

2095 3764 2305 3831 simus,
2346 3768 2519 3835 prout
2549 3765 2759 3836 potuit,
2784 3766 3035 3837 benigne
3066 3765 3424 3834 consolatus,
3456 3766 3531 3822 ad
3569 3764 3763 3822 altare

2096 3853 2291 3919 rediit,
2310 3858 2701 3926 susceptoque
2730 3855 2859 3910 vita)
2892 3859 2987 3911 ante
3002 3874 3117 3911 rate
3149 3854 3340 3928 epulo,
3356 3859 3476 3911 tam
3490 3870 3553 3909 se
3569 3871 3760 3927 quam

2096 3958 2303 3998 omnes
2333 3942 2446 3997 sibi
2478 3943 2830 3999 commissos
2861 3948 3074 4000 aeterno
3106 3943 3331 4000 Pastori
3363 3942 3759 4016 consignavit.

2150 4048 2276 4104 Cibo
2307 4048 2571 4118 reﬁcitur,
2606 4050 2824 4120 rapitur
2852 4066 2882 4105 ϐ
2908 4057 3073 4106 terra.
3109 4049 3421 4107 Orationem
3449 4048 3610 4105 habet
3636 4048 3714 4106 ad

2845 4138 2991 4180 διιοις.

2169 4218 2256 4273 43.
2293 4217 2432 4273 Inde
2462 4218 2797 4275 refectionis
2837 4219 3083 4274 domum
3129 4217 3505 4276 laetabundus
3554 4218 3765 4291 ingre-

2096 4304 2282 4374 diens,
2316 4321 2521 4362 omnes
2551 4308 2623 4362 ad
2657 4324 2717 4363 se
2745 4307 3106 4364 conﬂuentes
3137 4312 3195 4365 et
3239 4308 3369 4364 cibo
3400 4306 3668 4380 corporis
3697 4312 3765 4363 et

2096 4392 2420 4467 spiritualis
2450 4395 2577 4450 vita:
2609 4394 2893 4451 alimonia
2922 4395 3233 4468 saginavit.
3268 4396 3403 4453 Post
3434 4395 3760 4468 prandium

2094 4498 2228 4538 vero
2257 4481 2345 4538 vel
2376 4484 2566 4555 magis
2598 4483 2869 4539 ultimam
2901 4501 3148 4553 οωηθῐῐι,
3185 4485 3377 4541 denuo
3409 4500 3545 4540 cum
3567 4483 3765 4563 (patri-

2097 4572 2228 4637 bus,
2250 4571 2557 4627 ecclesiam
2590 4571 2806 4627 Christi
2836 4571 3183 4645 ingreditur,
3201 4572 3549 4646 signatoque
3562 4571 3759 4645 sepul-

334 4665 715 4738 superaverit,
735 4670 791 4720 et
823 4633 1246 4719 fajmulantibus
1276 4660 1502 4733 angelis
1530 4660 1742 4716 cmlum
1768 4661 1987 4731 ingres-
2016 4633 2062 4697 D
2094 4660 2176 4715 cri
2209 4659 2299 4714 sui
2330 4660 2474 4728 loco,
2510 4660 2787 4715 omnibus
2812 4662 2882 4716 ad
2917 4660 3099 4717 altare
3129 4661 3345 4717 Christi
3377 4661 3756 4718 ascendenti-

335 4771 439 4809 sus
470 4753 890 4808 fuerit.Deinde
922 4750 1269 4821 sanguinem
1303 4749 1519 4804 Christi
1555 4748 1985 4821 incomparabi-

334 4840 466 4897 liter
495 4842 771 4897 omnibus
804 4838 1087 4894 creaturis
1118 4838 1317 4893 docuit
1347 4855 1474 4893 esse
1498 4837 1984 4909 praestantiorem;

333 4932 675 5000 tantamque
708 4928 981 4981 ﬁduciam
1036 4926 1093 4980 in
1144 4927 1423 4982 effusione
1471 4925 1777 4999 sanguinis
1829 4924 1988 4980 illius

336 5018 626 5073 mundum
680 5016 894 5071 habere
941 5032 1131 5087 posse,
1168 5020 1230 5070 ut
1280 5015 1327 5069 si
1379 5033 1532 5070 unus
1564 5015 1779 5087 aliquis
1809 5013 1989 5070 totius

336 5106 541 5161 mundi
557 5110 795 5177 peccata
812 5104 1068 5171 haberet,
1091 5121 1277 5176 neque
1296 5106 1365 5159 de
1386 5104 1779 5173 multitudine,
1801 5119 1990 5175 neque

338 5193 410 5249 de
442 5192 851 5263 magnitudine
881 5191 1194 5248 criminum
1230 5192 1310 5246 illi
1344 5196 1499 5247 esset
1529 5193 1985 5264 desperandum,

340 5281 390 5336 si
421 5281 796 5335 Mediatorem
831 5281 927 5335 Dei
947 5280 1327 5335 etbominum
1362 5280 1602 5335 haberet
1618 5282 1986 5336 advocatum.

341 5369 498 5424 Inter
528 5368 649 5423 haec
682 5368 871 5425 felicia
903 5368 1086 5423 felicis
1117 5367 1452 5441 sponsionis
1485 5368 1703 5441 gaudia
1732 5369 1990 5441 pontifex

340 5458 412 5512 ad
445 5474 604 5512 aram
639 5458 954 5524 reducitur,
990 5459 1347 5512 transferens
1396 5456 1988 5529 omnipotentissimis

341 5544 569 5601 Domini
604 5545 797 5602 verbis
825 5545 1075 5618 speciem
1110 5545 1280 5617 panis
1309 5551 1367 5601 et
1395 5546 1513 5600 vini
1548 5545 1605 5599 in
1628 5561 1823 5599 veram
1857 5546 1992 5600 sub-

340 5634 619 5695 stantiam
653 5634 843 5693 carnis
875 5640 929 5693 et
958 5632 1265 5710 sanguinis
1296 5633 1531 5691 Christi.
1565 5633 1816 5708 Jamque
1846 5634 1991 5692 hora

2097 4749 2208 4805 bus
2237 4750 2552 4821 conspicuo
2586 4749 2955 4805 camaeulum
2988 4768 3091 4822 pro
3113 4751 3286 4806 modo
3317 4750 3499 4807 aestivi
3531 4754 3758 4822 tempo-

2097 4836 2179 4892 ris
2236 4836 2607 4909 requieturus
2667 4838 2952 4893 ascendit.
3008 4839 3349 4895 Circumdat
3398 4843 3755 4912 pensantem

2099 4925 2354 4981 luctiﬁca
2385 4926 2640 4982 ecclesia:
2675 4927 2915 4994 familia,
2951 4944 3078 4999 qua:
3121 4928 3242 4983 sive
3292 4931 3455 4983 metu
3504 4926 3624 4995 sui,
3651 4944 3757 4982 seu

2100 5019 2287 5069 morte
2318 5014 2475 5071 illius
2499 5016 3084 5082 turbata,horrendos
3105 5016 3483 5089 lacrymando
3506 5021 3761 5088 questus

2097 5102 2380 5159 insonuit.
2417 5107 2571 5170 Quos
2604 5104 2701 5159 illo
2733 5104 3123 5161 sanctissimis
3157 5111 3221 5161 ut
3247 5122 3479 5177 semper
3508 5103 3763 5160 rationi-

2100 5193 2210 5246 bus
2242 5192 2677 5265 fovente,atque
2702 5194 2774 5249 ad
2799 5211 2961 5266 spem
2984 5195 3165 5250 futuri
3198 5192 3761 5266 saeculidiligentius

2101 5280 2481 5350 informante,
2510 5282 2882 5354 conspiciunt
2930 5282 3120 5338 virum
3172 5281 3453 5338 invisibili
3499 5283 3761 5354 quadam

2101 5370 2201 5425 Dei
2231 5370 2444 5426 virtute
2475 5388 2504 5426 e
2535 5375 2688 5426 terra
2717 5372 2955 5439 moveri,
2990 5379 3217 5427 motum
3250 5372 3321 5427 ad
3355 5386 3635 5443 suprema
3662 5370 3760 5426 do~

2101 5458 2221 5512 mui
2256 5458 2489 5531 fastigia
2523 5458 2664 5513 tolli.
2703 5459 2769 5514 Hi
2799 5464 2996 5515 autem
3028 5462 3128 5533 qui
3163 5459 3335 5533 paulo
3359 5462 3492 5515 ante
3524 5460 3764 5531 propin-

2101 5547 2333 5618 quiorcs
2363 5546 2687 5615 astiterant,
2706 5548 2971 5604 miraculi
2992 5549 3303 5606 insolentia
3316 5546 3762 5618 territi,relictis

2101 5635 2339 5692 sedibus
2369 5634 2640 5692 devolant
2668 5638 3072 5694 omnes.Stant
3102 5642 3298 5696 tamen
3322 5635 3505 5693 innixi
3524 5636 3761 5712 parieti-
