3912 6446
164 427 279 490 453

1764 421 1945 487 VITA
1963 471 1975 483 .

3465 426 3583 489 454

166 562 293 627 bus,
343 564 400 615 et
448 560 836 615 maceriarum
883 556 1187 614 liminibus
1236 557 1305 613 de
1356 556 1526 630 longe
1577 575 1813 613 sursum
1845 561 1899 623 Α
1930 558 2188 629 corporis
2220 559 2502 630 paulatim
2536 562 2800 627 deficere,
2827 578 2960 616 eum
2986 561 3228 633 spiritus
3252 562 3583 635 abintegri-

168 646 535 721 aspicientes,
569 647 789 703 exitum
817 645 898 701 rei
929 645 1123 701 videre
1153 646 1475 717 cupientes.
1509 645 1817 700 Existima-

166 739 308 795 bant
334 754 592 810 namque
608 741 712 793 aut
729 736 883 792 sicut
902 735 1087 791 Eliam
1119 752 1252 790 eum
1276 751 1448 790 carne
1478 751 1612 789 eum
1634 739 1823 793 trans-

166 826 494 894 ferendum,
529 829 633 881 aut
664 824 777 881 alio
811 824 1015 897 quovis
1047 828 1104 879 et
1132 823 1368 878 insolito
1420 823 1593 878 modo
1632 823 1705 877 ab
1737 821 1823 876 eis

160 910 633 972 tollendum.Sed
660 930 793 969 mox
822 930 890 970 ea
918 930 1036 986 qua
1065 913 1377 968 subvectus
1409 912 1597 966 fuerat
1626 910 1821 965 suavi-

169 1005 287 1060 tate
315 1003 639 1075 depositus,
661 1005 940 1057 convocat
958 1018 1162 1057 omnes
1184 999 1284 1073 qui
1316 1000 1514 1073 fugam
1546 1000 1822 1063 inierant,

171 1090 270 1147 tali
301 1107 399 1147 eos
431 1090 783 1146 allocutione
814 1089 1177 1145 demulcens.
1216 1110 1242 1139 «
1275 1087 1538 1154 Vidistis,
1574 1088 1674 1152 ait,
1696 1086 1820 1154 filii,

170 1179 782 1248 vidistis,eharissimi,
800 1195 916 1250 quo
940 1196 1032 1234 me
1054 1178 1210 1233 Deus
1230 1180 1538 1248 vocat,quo
1560 1176 1660 1230 Dei
1680 1176 1824 1231 inef-

169 1267 364 1325 fabilis
396 1267 797 1324 misericordia
826 1266 1049 1322 invitat.
1077 1265 1297 1321 Semita
1325 1265 1551 1320 itineris
1574 1263 1685 1319 mei
1711 1281 1825 1337 pra:

170 1357 356 1413 oculis
378 1362 615 1413 ostensa
644 1362 734 1412 est
762 1357 947 1421 vobis,
978 1361 1044 1412 ut
1075 1354 1275 1410 nullus
1304 1359 1563 1409 vestrum
1597 1355 1666 1408 de
1690 1371 1828 1425 prae-

172 1447 290 1501 mio
323 1446 589 1519 capiendi
641 1444 767 1500 εωιί
817 1446 1068 1513 diffidat,
1101 1444 1199 1515 qui
1230 1443 1359 1497 vitai
1391 1461 1531 1498 mea!
1578 1442 1829 1515 diligens

171 1541 422 1591 sectator
451 1534 755 1591 exstiterit.
792 1534 915 1588 Non
948 1533 1101 1588 erebi
1133 1534 1302 1587 sedes
1333 1532 1591 1586 animam
1638 1548 1827 1585 meam

170 1623 535 1692 tenebit,non
560 1623 712 1677 fmda
735 1621 910 1676 facies
932 1620 1345 1693 profunditatis
1359 1619 1613 1673 animam
1638 1635 1829 1673 meam

172 1711 416 1779 tenebit,
450 1728 566 1765 non
614 1708 771 1783 ignis
816 1707 1334 1780 inexstinguibilis,
1365 1711 1421 1761 et
1449 1706 1664 1761 vermis
1714 1724 1829 1761 non

170 1798 434 1856 moriens
465 1799 725 1858 animam
780 1814 971 1852 meam
1002 1796 1241 1852 tenebit.
1276 1796 1525 1852 Sursum
1556 1800 1645 1851 est
1675 1795 1832 1868 quod

169 1886 513 1960 amplector,
546 1902 785 1943 sursum
836 1901 952 1958 quo
1003 1883 1258 1957 gradior.
1292 1885 1491 1940 Estote
1536 1900 1672 1956 ergo
1703 1883 1830 1938 vitai

166 1975 518 2045 imitatores,
556 1973 605 2030 si
654 1972 880 2030 itineris
924 1972 1038 2028 mei
1084 1971 1299 2044 cupitis
1331 1988 1457 2028 esse
1491 1976 1828 2027 sectatores.

164 2063 387 2120 Discite
414 2063 775 2119 voluntatem
808 2061 907 2117 Dei
941 2077 1172 2133 semper
1204 2077 1398 2128 nosse,
1427 2065 1500 2128 et,
1535 2077 1670 2116 eum
1703 2077 1831 2116 eam

163 2150 647 2216 noveritis,-nihil
678 2149 730 2205 ei
760 2148 951 2206 velitis
997 2149 1287 2221 prmferre.
1322 2149 1481 2213 Quod
1519 2148 1567 2203 si
1600 2149 1673 2204 ab
1706 2150 1834 2220 ejus

161 2238 469 2295 voluntate
515 2238 782 2294 facienda
827 2236 1420 2310 quantulumcunque
1466 2254 1567 2292 vos
1608 2236 1833 2292 exorbi-

161 2333 330 2385 tasse
351 2327 970 2401 cognoveritis,statim
1004 2327 1075 2382 ad
1109 2327 1535 2399 deprecandam
1569 2327 1696 2397 ejus
1729 2326 1836 2381 ele-

163 2416 457 2474 mentiam
482 2414 995 2482 eonvertimini,ne
1008 2415 1147 2470 dum
1173 2415 1457 2471 minorem
1482 2431 1659 2487 quam
1674 2432 1838 2486 opor-

163 2509 296 2561 teat
327 2503 709 2560 reverentiam
750 2502 1153 2572 exhibueritis,
1199 2520 1315 2559 non
1353 2502 1543 2558 solum
1578 2502 1841 2575 primari-

163 2596 423 2660 catores,
455 2608 658 2647 verum
709 2590 884 2647 etiam
934 2590 1200 2647 infideles
1236 2590 1610 2662 judicemini.
1652 2590 1839 2646 Nolite

164 2682 315 2738 boni
358 2681 561 2753 videri,
596 2681 697 2737 sed
746 2697 895 2748 esse,
945 2697 1051 2736 nec
1109 2684 1230 2735 tam
1280 2679 1420 2734 mali
1474 2696 1589 2735 non
1632 2680 1837 2748 videri,

163 2786 359 2842 quam
402 2786 517 2825 non
544 2785 693 2825 esse.
717 2769 836 2824 Hoc
860 2769 1016 2823 enim
1042 2768 1367 2823 maximum
1392 2767 1544 2823 inter
1574 2768 1841 2825 homines

164 2857 403 2913 malum
426 2861 533 2926 est,
571 2858 729 2930 quod
774 2873 979 2913 omnes
1002 2857 1253 2929 cupiunt
1273 2855 1411 2911 boni
1430 2855 1611 2912 videri
1633 2860 1689 2912 et
1714 2874 1843 2914 esse

161 2945 581 3014 nolunt;nulli
612 2945 820 3002 volunt
850 2944 989 3000 mali
1017 2945 1221 3013 videri,
1255 2949 1311 3001 et
1341 2943 1548 3000 nolunt
1577 2962 1691 3001 non
1715 2962 1843 3003 esse

160 3035 340 3091 mali.
375 3035 580 3091 Pacem
632 3052 866 3107 semper
917 3033 1247 3103 sectamini,
1284 3050 1389 3089 nec
1438 3034 1604 3106 prius
1639 3036 1711 3090 ab
1744 3035 1845 3092 illa

160 3125 462 3184 sectanda
512 3123 822 3190 deficiatis,
851 3139 1030 3196 quam
1061 3121 1225 3177 illam
1258 3122 1317 3177 in
1349 3122 1494 3178 caelo
1524 3124 1844 3195 apprehen-

155 3213 355 3269 datis.
416 3218 626 3285 Atque,
684 3216 750 3266 ut
806 3211 958 3267 hanc
1018 3211 1333 3267 efficaciter
1402 3211 1689 3283 attingere
1744 3231 1841 3268 va-

1932 650 2045 700 tate
2077 647 2165 700 sui
2200 648 2445 703 deﬁcere
2467 649 2740 704 nesciret.
2764 650 2847 703 Ita
2870 666 3124 722 namque
3149 651 3293 704 facie
3321 668 3586 716 serenus,

1931 750 2108 788 sensu
2142 735 2397 801 sobrius,
2423 736 2667 790 docendi
2692 736 2983 791 locutione
3016 737 3316 803 assiduus,
3341 741 3463 792 toto
3486 736 3586 793 illo

1931 822 2025 877 die
2057 839 2123 877 ac
2155 822 2421 894 sequenti
2459 824 2599 879 feria
2629 828 2789 879 sexta
2812 826 3209 897 permanebat,
3245 829 3310 880 ut
3338 825 3587 896 quicun-

1932 927 2045 982 que
2077 929 2137 965 se
2168 913 2658 980 eommcndaturi,
2693 918 2749 969 et
2780 914 3243 969 benedictionem
3288 913 3434 968 tanti
3484 914 3587 969 Pa-

1933 999 2038 1054 tris
2069 1000 2421 1071 postulaturi
2455 1001 2850 1072 advenissent,
2886 1007 3176 1057 recreatos
3208 1006 3361 1069 se,et
3392 1001 3588 1057 multi-

1933 1087 2234 1165 plicit‘erin
2255 1106 2451 1145 amore
2474 1089 2799 1146 divinitatis
2831 1092 3207 1146 confirmatos
3237 1094 3586 1146 assererent.

1934 1178 2002 1231 Et
2025 1164 2151 1249 jam
2185 1179 2489 1250 promissae
2521 1164 2908 1235 beatitudinis
2938 1180 3263 1235 Sabbatum
3295 1179 3587 1244 illuxerat,

1926 1267 2052 1338 jam
2086 1269 2319 1339 tempus
2344 1267 2741 1339 requiescendi
2761 1268 2833 1323 ab
2852 1268 3126 1324 omnibus
3149 1267 3449 1324 laboribus
3466 1268 3592 1323 suis

1936 1355 2239 1410 Dunstano
2292 1356 2568 1423 instabat,
2612 1374 2745 1411 cum
2796 1374 2927 1412 ecce
2981 1356 3285 1429 multiplex
3334 1356 3590 1413 filiorum

1938 1447 2165 1498 caterva
2196 1445 2396 1511 currit,
2432 1445 2683 1499 ﬁliorum
2738 1463 2885 1517 quos
2933 1445 3056 1517 ipse
3106 1446 3257 1501 infra
3300 1444 3590 1518 gremium

1940 1532 2142 1585 matris
2178 1532 2447 1587 Ecclesiae
2480 1535 2739 1587 tenerius
2769 1534 3072 1602 nutrierat,
3108 1538 3281 1606 atque
3312 1534 3384 1588 ad
3415 1532 3594 1589 excel-

1937 1619 2243 1675 lentiorem
2279 1621 2565 1693 spirituali
2591 1623 2789 1693 gratim
2814 1623 3224 1693 perfectionem
3249 1623 3591 1687 adduxerat,

1940 1708 2298 1765 clamoribus
2346 1714 2402 1765 et
2454 1710 2654 1765 nimiis
2698 1710 3019 1782 ejulatibus
3085 1711 3387 1783 queritans
3438 1710 3594 1782 quod

1941 1816 2002 1853 se
2028 1798 2320 1853 derelictis
2370 1799 2683 1867 recederet,
2731 1815 2838 1854 nec
2882 1798 3000 1854 illis
3042 1798 3244 1855 liceret
3287 1797 3592 1854 commori.

1941 1890 2013 1942 At
2035 1887 2129 1942 ille
2148 1886 2204 1942 in
2225 1904 2437 1941 manus
2460 1888 2561 1943 Dei
2592 1887 3013 1959 omnipotentis
3034 1904 3132 1943 eos
3149 1887 3594 1949 commendans.

1940 1980 1998 2032 et
2026 1976 2285 2049 gratiosa
2314 1976 2716 2032 benedictione
2755 1976 3133 2043 confirmans,
3160 1976 3333 2047 jubet
3381 1980 3595 2032 sanctae

1942 2063 2373 2120 communionis
2422 2065 2769 2136 mysterium
2820 2069 2956 2120 ante
3006 2081 3068 2119 se
3099 2063 3400 2120 celebrari.
3435 2063 3599 2130 Quod

1943 2170 2076 2209 cum
2101 2153 2391 2225 protensis
2409 2154 2682 2209 manibus
2698 2154 2770 2208 de
2787 2152 3005 2209 cmlesti
3032 2168 3239 2208 mensa
3266 2156 3601 2225 porrectum

1944 2241 2320 2314 suscepisset,
2367 2242 2478 2297 hac
2534 2243 2797 2298 oratione
2844 2241 2960 2298 Deo
3020 2240 3354 2314 supplicare
3402 2241 3599 2314 coepit.

1944 2330 2138 2389 Gloria
2187 2330 2314 2397 tibi,
2358 2331 2727 2402 omnipotens
2778 2330 2962 2397 Pater,
2997 2331 3097 2402 qui
3150 2330 3498 2386 timentibus
3546 2332 3603 2386 te

1945 2420 2157 2476 Panem
2188 2419 2316 2473 vitae
2348 2420 2419 2475 de
2442 2418 2584 2474 cmlo
2616 2418 2850 2484 dedisti,
2876 2422 2940 2473 ut
2966 2435 3255 2474 memores
3288 2419 3476 2475 simus
3500 2418 3605 2473 mi-

1944 2508 2219 2564 rabilium
2250 2512 2509 2573 tuorum,
2535 2524 2661 2580 quea
2690 2508 2750 2562 in
2782 2507 2975 2563 medio
3006 2512 3173 2563 terrae
3205 2511 3481 2579 operatus
3516 2524 3601 2571 es,

1946 2597 2233 2652 mittendo
2258 2597 2425 2651 nobis
2445 2595 2825 2668 Unigenitum
2858 2600 3052 2661 tuum,
3076 2612 3279 2651 verum
3302 2595 3603 2651 hominem

1947 2687 2018 2741 de
2047 2703 2181 2740 vera
2208 2684 2447 2756 Virgine
2481 2689 2707 2739 natum.
2733 2683 2884 2751 Tibi,
2911 2688 3111 2739 sancte
3147 2684 3335 2753 Pater,
3363 2685 3605 2739 meritas

1948 2773 2257 2830 referimus
2277 2776 2493 2845 grates,
2518 2772 2618 2844 qui
2650 2758 2707 2827 et
2737 2788 2844 2827 nos
2876 2772 3016 2826 dum
3050 2788 3165 2827 non
3189 2788 3425 2826 eramus
3448 2788 3605 2826 erea-

1948 2863 2044 2930 sti,
2077 2866 2133 2917 et
2162 2861 2300 2916 dum
2337 2865 2668 2932 peccatores
2699 2876 2986 2927 essemus,
3021 2859 3201 2930 hujus
3241 2859 3440 2931 gratiae
3473 2877 3607 2932 par-

1948 2950 2155 3024 ticipes
2177 2950 2419 3005 effecisti
2443 2966 2545 3021 per
2573 2949 2844 3005 eumdem
2879 2949 3091 3003 Filium
3124 2952 3292 3003 tuum
3325 2949 3612 3017 Deum,et

1951 3041 2267 3096 Dominum
2300 3043 2591 3108 nostrum,
2616 3037 2817 3093 omnia
2847 3042 3041 3093 tecum
3073 3041 3129 3091 et
3159 3036 3379 3108 Spiritu
3406 3039 3609 3092 saneto

1949 3130 2280 3194 facientem,
2307 3127 2754 3198 gubernantem,
2780 3129 2836 3181 et
2867 3142 2969 3198 per
2998 3124 3229 3179 infinita
3259 3122 3609 3180 saeculorum

1952 3218 2166 3273 saecula
2208 3220 2575 3289 regnantem.
2612 3216 2769 3271 Inter
2819 3231 2946 3287 quae
2994 3214 3171 3269 verba
3218 3230 3287 3268 ex
3334 3211 3612 3268 omnibus

154 3302 370 3368 lentis,
404 3301 571 3357 illum
633 3317 866 3373 semper
919 3300 977 3354 in
1037 3300 1232 3355 animo
1292 3299 1703 3356 dulcissimum
1736 3301 1838 3357 ha-
1870 3288 1914 3354 (Σ
1953 3305 2162 3359 animae
2190 3303 2464 3359 medullis
2487 3304 2556 3358 ad
2583 3304 2766 3357 Deum
2790 3319 2965 3374 quem
2994 3318 3225 3373 semper
3254 3301 3613 3356 desiderave-

156 3394 335 3457 bete,
368 3390 454 3445 illi
512 3391 790 3446 continuo
837 3390 1059 3462 gratias
1110 3389 1285 3462 agite,
1318 3389 1478 3444 illius
1536 3391 1841 3463 praeceptis

155 3478 488 3537 humiliter
517 3478 747 3535 obedite
796 3477 897 3550 qui
947 3477 1245 3550 singulare
1295 3495 1398 3550 pro
1444 3479 1720 3534 omnibus
1750 3497 1841 3535 sa-

158 3568 469 3626 criﬁcium
502 3567 794 3623 immolari
828 3566 1029 3634 voluit,
1066 3567 1124 3621 in
1158 3583 1274 3639 quo
1331 3566 1688 3639 complacuit
1718 3585 1840 3623 om-

162 3674 319 3715 nem
351 3656 778 3729 plenitudinem
829 3655 1179 3720 inhabitare,
1213 3658 1271 3710 et
1318 3672 1421 3727 per
1465 3671 1598 3710 eum
1641 3672 1842 3711 recon-

164 3745 374 3803 ciliari
407 3744 694 3814 omnia,in
713 3745 841 3816 ipso
874 3744 1188 3816 pacificans
1214 3761 1317 3816 per
1345 3744 1693 3817 sanguinem
1717 3763 1843 3800 cru-

158 3837 263 3893 cis
297 3834 454 3907 ejus,
478 3833 595 3891 sive
631 3850 759 3906 quaa
799 3832 860 3889 in
889 3833 1060 3888 terris
1092 3836 1251 3898 sunt,
1283 3832 1403 3889 sive
1434 3850 1561 3905 qua:
1591 3833 1649 3887 in
1684 3834 1843 3890 emlis

157 3924 320 3999 (Col.
355 3939 397 3993 ι,
445 3923 530 3990 19,
579 3923 694 3993 20).
759 3921 1010 3977 Praedico
1068 3922 1243 3976 etiam
1301 3920 1465 3976 vobis
1523 3922 1843 3995 Anglorum

154 4017 417 4089 gentem
446 4010 574 4066 dira
604 4027 670 4067 ac
701 4010 978 4066 diuturna
1028 4009 1182 4065 mala
1213 4010 1284 4066 ab
1316 4009 1527 4066 exteris
1570 4010 1843 4084 gentibus

152 4117 310 4160 esse
337 4115 672 4173 passuram,
701 4099 803 4155 sed
843 4098 903 4154 in
954 4102 1069 4155 ﬁne
1124 4098 1352 4154 dierum
1404 4099 1842 4157 miserationem

153 4190 276 4249 Dei
306 4206 488 4261 super
508 4204 637 4244 eam
659 4187 1223 4244 stillaturam.Vobis
1247 4191 1444 4243 autem
1468 4190 1841 4244 commodum

150 4278 286 4337 erit
307 4276 523 4332 horum
546 4276 856 4332 verborum
884 4275 1203 4345 reminisci,
1241 4280 1305 4331 ut
1328 4275 1447 4332 sive
1469 4276 1590 4331 haec
1611 4278 1682 4332 ad
1712 4295 1841 4349 pec-

151 4371 451 4424 catorum
472 4364 963 4433 emendationem,
988 4380 1090 4420 seu
1116 4364 1187 4420 ad
1221 4364 1635 4436 perficiendam
1666 4366 1845 4421 virtu-

150 4465 299 4515 tem
366 4453 740 4527 contigerint,
787 4453 1014 4509 animas
1065 4458 1290 4509 vestras
1348 4453 1553 4509 divinae
1613 4472 1845 4528 semper

148 4542 556 4618 dispositioni
607 4541 955 4614 subjiciatis,
990 4559 1060 4598 ne
1092 4541 1246 4599 sicut
1276 4542 1413 4599 mali
1446 4542 1550 4597 filii
1583 4543 1842 4617 diligatis

1952 3397 2043 3448 rat
2073 3393 2278 3457 effusa,
2311 3392 2469 3447 videt
2510 3391 2644 3446 illos
2687 3390 2787 3462 qui
2820 3407 2883 3446 se
2913 3391 2985 3445 ad
3019 3389 3251 3445 cmleste
3282 3388 3611 3445 convivium

1951 3481 2342 3536 invitaverant
2393 3481 2592 3534 beatos
2624 3477 2862 3550 angelos
2891 3478 3263 3542 assistentes,
3292 3482 3348 3531 et
3378 3475 3613 3531 caeleste

1954 3568 2037 3624 illi
2083 3567 2433 3638 obsequium
2498 3571 2918 3639 prmparantes.
2968 3568 3226 3631 Quorum
3282 3564 3612 3620 venerando

1953 3655 2128 3712 coetui
2158 3655 2295 3710 felix
2333 3655 2534 3710 anima
2580 3653 2742 3710 illius
2790 3653 3103 3725 gratulata,
3136 3652 3267 3707 laeta
3315 3651 3616 3724 egreditur

1953 3746 2025 3801 de
2046 3743 2380 3801 habitacula
2404 3742 2762 3799 sanctissimi
2786 3741 3452 3814 corporis,proficiseens
3474 3755 3611 3796 cum

1953 3833 2069 3889 illis
2099 3834 2169 3888 ad
2203 3830 2713 3903 contemplandam
2751 3829 3073 3886 claritatem
3103 3827 3301 3884 aeterni
3334 3828 3611 3883 Condito-

1954 3922 2054 3978 ris.
2096 3924 2239 3978 Ecee
2290 3920 2583 3993 quomodo
2612 3918 2933 3974 honoratus
2965 3922 3072 3985 est,
3108 3933 3282 3989 quem
3318 3917 3475 3973 Deus
3506 3916 3609 3972 ho-

1954 4028 2092 4067 nore
2122 4011 2369 4082 dignum
2393 4007 2682 4080 judicavit
2709 4008 2722 4062 ι
2747 4024 2879 4065 ecce
2910 4007 3202 4079 quomodo
3236 4006 3295 4061 in
3327 4005 3610 4079 gaudium

1954 4098 2186 4155 Domini
2217 4097 2310 4154 sui
2339 4095 2601 4163 intravit,
2629 4095 2729 4168 qui
2749 4094 2808 4150 in
2841 4095 3161 4152 commissa
3191 4094 3301 4149 sibi
3336 4094 3610 4149 doctrina:

1953 4188 2201 4261 pecunia
2232 4185 2421 4241 fidelis
2450 4190 2717 4259 erogator
2746 4184 3006 4240 exstititl
3041 4184 3084 4240 Ο
3115 4184 3338 4240 viscera
3377 4183 3611 4239 miseri-

1952 4276 2160 4332 cordiae
2194 4274 2315 4338 Dei,
2350 4291 2475 4346 quae
2509 4273 2592 4329 sic
2620 4290 2852 4345 semper
2879 4272 3075 4327 dulcia
3113 4276 3389 4344 expertus
3422 4273 3612 4327 fuerat

1950 4364 2061 4420 iste
2090 4363 2265 4419 homo
2295 4362 2397 4418 Dei
2424 4363 2435 4416 ι
2468 4378 2500 4416 ο
2530 4378 2630 4416 eor
2659 4361 2767 4415 tiri
2796 4361 2866 4416 ad
2898 4360 3258 4415 voluntatem
3312 4360 3413 4414 Dei
3455 4375 3609 4415 sem-

1952 4469 2056 4525 per
2084 4451 2269 4524 parati
2297 4468 2309 4515 ;
2342 4450 2439 4521 qui
2474 4448 2663 4520 potuit
2694 4449 2883 4503 dicere
2910 4465 2921 4503 :
2953 4450 3218 4503 Paratum
3269 4463 3361 4501 cor
3404 4463 3606 4515 meum,

1950 4544 2113 4607 Deus,
2140 4547 2399 4612 paratum
2446 4554 2537 4593 cor
2579 4553 2760 4592 meum
2795 4537 2965 4606 (Psal.
3002 4552 3109 4603 LVI,
3143 4535 3235 4607 8)!
3270 4535 3414 4589 Ecce
3454 4551 3610 4589 nunc

146 4632 585 4692 blandientem
613 4649 627 4700 ;
661 4631 1025 4687 erudientem
1079 4632 1257 4703 (quod
1287 4648 1321 4687 a
1348 4631 1508 4687 vobis
1556 4637 1840 4688 remotum
1872 4654 1919 4719 Ι)
1952 4630 2151 4703 psallit
2180 4629 2237 4684 in
2263 4628 2449 4701 gloria
2478 4643 2587 4682 sua
2615 4625 2946 4681 illustratus
2976 4624 3199 4678 lumine
3224 4623 3465 4678 visionis
3493 4623 3611 4695 glo-

147 4725 272 4793 sit)
299 4719 717 4779 contemnatis.
743 4720 1000 4777 Profecto
1025 4720 1246 4776 nullius
1269 4719 1576 4776 hominum
1606 4721 1691 4776 vel
1722 4726 1842 4776 tam

143 4826 358 4887 grave
390 4808 770 4881 supplicium,
804 4807 891 4864 vel
934 4812 1056 4864 tam
1106 4808 1392 4864 excellens
1423 4812 1511 4864 est
1541 4809 1839 4879 meritum,

1951 4719 2049 4773 ria:
2083 4718 2204 4774 Dei.

2627 4829 2921 4900 Sepelitur.

141 4917 290 4974 quo
330 4896 433 4953 Dei
461 4895 887 4969 omnipotentis
915 4896 1243 4965 visio,visio
1266 4898 1446 4952 beata:
1479 4898 1840 4965 aeternitatis,

137 4989 327 5049 visio
389 4992 615 5043 aeterna:
672 4985 953 5057 veritatis,
982 4986 1188 5053 Patris,
1223 4989 1279 5041 et
1319 4986 1469 5054 Filii,
1505 4992 1561 5040 et
1591 4986 1842 5058 Spiritus

137 5075 394 5145 sancti,
426 5074 616 5130 valeat
636 5074 974 5147 promereri.
1010 5075 1196 5146 Magis
1217 5078 1409 5129 autem
1434 5073 1482 5129 si
1516 5075 1841 5130 naturalem

133 5163 506 5227 clementis:
532 5180 653 5219 sua:
683 5163 1004 5219 bonitatem
1028 5164 1183 5219 Deus
1207 5180 1321 5218 non
1355 5163 1841 5229 attenderit,nihil

130 5260 357 5315 homo
387 5251 610 5325 patitur
660 5253 816 5325 quod
868 5251 978 5307 sibi
1020 5252 1183 5324 justo
1234 5251 1335 5305 Dei
1379 5252 1603 5323 judicio
1636 5269 1703 5307 ex
1735 5269 1844 5308 sua

128 5345 354 5418 culpa
382 5358 498 5397 non
532 5341 832 5407 debeatur.
1416 5342 1419 5345 ’

2022 4952 2111 5005 45.
2146 4946 2487 5019 Suscipiunt
2519 4949 2712 5000 autem
2759 4943 3120 4999 venerabiles
3150 4943 3381 4998 Domini
3417 4960 3608 5000 sacer-

1951 5040 2116 5094 dotes
2138 5035 2473 5092 venerabile
2487 5052 2699 5105 corpus
2732 5034 2950 5089 summi
2985 5034 3329 5099 sacerdotis,
3355 5034 3612 5089 deferen-

1951 5132 2037 5183 tes
2069 5126 2213 5181 illud
2249 5126 2306 5180 in
2330 5123 2636 5179 basilicam
2668 5122 2866 5195 magni
2896 5122 3103 5178 basilei
3142 5123 3371 5178 Domini
3406 5123 3610 5178 Salva-

1949 5217 2113 5284 toris,
2143 5215 2253 5270 sub
2277 5214 2566 5268 immenso
2585 5230 2892 5267 murmure
2909 5210 3236 5284 lugentium
3257 5211 3609 5284 populorum

1949 5306 2227 5374 feretrum
2259 5301 2613 5358 densissime
2644 5300 3238 5369 ambientium,facies
3269 5318 3408 5356 suas
3429 5301 3609 5357 disse-

1949 5393 2232 5459 cantium,
2265 5389 2478 5464 palmis
2509 5407 2635 5445 sese
2666 5388 3020 5457 ferientium,
3050 5393 3224 5461 atque
3266 5388 3485 5444 amaris
3509 5404 3606 5442 vo-

1950 5481 2138 5551 cibus,
2166 5481 2309 5547 Heu,
2333 5479 2476 5534 heul
2502 5478 2847 5534 charissima
2880 5484 3063 5550 pater,
3098 5476 3500 5533 clamantium.
3523 5474 3608 5531 Ibi

1953 5571 2013 5625 in
2062 5569 2186 5625 loco
2218 5570 2333 5639 (60)
2382 5583 2558 5639 quem
2609 5570 2742 5643 ante
2791 5566 3036 5622 biduum
3084 5565 3418 5635 dictaverat,
3470 5578 3605 5620 cum

236 5458 530 5519 Viaticum
557 5457 773 5529 accipit,
805 5456 874 5512 ab
902 5456 1113 5528 angelis
1144 5457 1205 5510 in
1233 5454 1426 5510 cazlum
1454 5454 1755 5510 deducitur.

219 5577 338 5634 44.
378 5573 440 5628 In
473 5572 568 5627 his
595 5572 789 5628 verbis
839 5571 1018 5628 sentit
1064 5570 1446 5626 beatissimus
1494 5570 1661 5625 Pater
1687 5571 1842 5626 vires

225 5709 376 5787 (60)
405 5706 672 5779 Osberto,
709 5726 737 5760 «
768 5706 871 5783 qui
902 5704 1013 5765 fuit
1044 5708 1177 5764 ante
1208 5705 1447 5780 gradus,
1482 5704 1700 5781 quibus
1733 5706 1807 5764 ad
1839 5703 2024 5763 altare
2053 5702 2286 5762 Domini
2318 5700 2533 5761 Christi
2566 5701 3007 5760 ascendebatur.
3032 5721 3061 5752 »
