3912 6384
355 370 476 434 455

1347 368 1410 427 S.
1459 366 1930 429 DUNSTANUS
1975 363 2335 429 ARGHIEP.
2386 364 2781 424 CANTUAR.

3650 365 3763 448 4⁵6

355 502 515 560 omni
545 498 847 573 diligentia
884 499 1171 571 sepultus,
1201 504 1256 554 et
1286 505 1419 571 post
1446 499 1566 553 haec
1603 495 2003 553 eminentioris
2034 495 2086 563 Α
2116 494 2235 549 hazc
2259 494 2831 563 omnia,eorumdem
2861 496 3137 551 manibus
3168 494 3462 568 lapidatus
3492 496 3763 570 spiritum

355 590 547 664 operis
577 592 873 644 structura
905 588 1176 642 decenter
1203 584 1721 659 opertus,flebilem
1753 584 2009 639 simulet

355 674 670 735 amabilem
702 672 955 741 cunctis,
987 673 1107 729 sive
1139 672 1197 727 in
1229 673 1405 728 choro
1446 671 1854 744 psallentibus,
1888 670 2008 726 sive

349 782 455 839 per
483 764 703 836 gradus
733 762 805 817 ad
837 760 1017 817 altare
1056 760 1508 817 ascendentibus
1537 761 1627 816 sui
1661 759 2007 816 memoriam

349 850 680 923 dereliquit.
709 849 987 905 Flebilem
1010 850 1138 905 ideo
1173 849 1439 916 dixerim,
1460 850 1616 921 quod
1647 850 1776 920 ejus
1806 847 2006 920 quoti—

350 941 445 997 die
466 944 914 996 monumentum
946 957 1062 1012 prze
1094 938 1279 994 oculis
1312 939 1616 1007 haberent,
1645 939 1815 1010 cujus
1844 954 2009 994 vene-

350 1029 565 1087 randos
615 1033 889 1100 aspectus
938 1028 1133 1083 videre
1180 1046 1296 1083 non
1344 1031 1605 1100 possent.
1652 1025 2002 1094 Amabilem,

349 1121 655 1190 propterea
686 1117 841 1189 quod
872 1114 1008 1172 licet
1049 1116 1177 1188 ejus
1221 1115 1437 1171 visibili
1490 1117 2005 1188 prmsentia'care-

346 1204 859 1274 rent,invisibilem
874 1208 1067 1260 tamen
1083 1210 1139 1260 et
1154 1205 1562 1276 incorporeum
1576 1206 1705 1277 ejus
1728 1204 2003 1276 spiritum

346 1293 407 1349 in
436 1293 655 1350 cmlesti
690 1294 803 1348 fide
833 1294 1106 1366 gaudere,
1152 1297 1208 1347 et
1238 1309 1341 1364 pro
1373 1293 1458 1348 eis
1490 1295 1644 1366 apud
1678 1293 1862 1348 Deum
1894 1291 2004 1347 mi-

343 1382 723 1439 sericordiam
755 1380 984 1437 enixius
1010 1398 1175 1437 orare
1205 1381 1491 1437 sciebant.

789 1471 990 1525 Eventu
1016 1478 1136 1541 post
1162 1471 1283 1541 ejus
1309 1478 1553 1526 mortem.

417 1562 504 1615 46.
541 1560 676 1615 Post
707 1560 879 1631 cujus
910 1564 1179 1627 mortem,
1215 1559 1265 1613 si
1316 1576 1472 1614 mors
1523 1559 1770 1614 dicenda
1798 1564 1888 1614 est
1908 1557 2003 1614 cui

340 1649 460 1705 vita
505 1654 719 1704 mterna
769 1649 1074 1712 successit,
1115 1647 1200 1703 ita
1245 1666 1448 1703 omnes
1498 1666 1591 1703 res
1638 1649 2001 1703 contrarium

343 1744 570 1793 motum
603 1754 931 1809 sumpsere,
966 1741 1029 1791 ut
1060 1736 1351 1792 Dunstani
1402 1741 1649 1795 mortem
1682 1736 1880 1793 omnia
1910 1737 2003 1792 de-

342 1825 500 1897 ﬂere,
535 1843 640 1885 nec
660 1828 791 1898 ejus
813 1824 1143 1882 absentiam
1166 1843 1227 1881 se
1259 1825 1406 1881 ferre
1438 1842 1609 1897 posse
1640 1825 1999 1882 viderentur.

338 1918 386 1971 A
415 1933 652 1972 summa
694 1915 911 1988 quippe
957 1932 1099 1986 pace
1147 1916 1213 1970 fit
1256 1914 1638 1972 commutatio
1670 1914 1743 1971 ad
1773 1913 1994 1971 bellum

338 2002 726 2072 intolerabile,
760 2004 835 2060 ab
865 2003 1160 2059 immensa
1205 2002 1405 2059 laetitia
1452 2003 1524 2059 ad
1569 2019 1869 2059 enormem
1904 2002 2000 2058 tri-

339 2092 675 2162 stitiam,ab
707 2092 974 2147 omnium
1002 2108 1202 2147 rerum
1232 2091 1595 2148 abundantia
1624 2092 1696 2149 ad
1728 2091 1995 2149 omnium

340 2197 535 2261 rerum
558 2179 1231 2254 indigentiam.Denique
1253 2197 1352 2237 aer
1372 2180 1497 2253 ipse
1518 2180 1868 2238 immutatus
1884 2186 1992 2250 est,

339 2268 639 2327 naturales
662 2272 994 2340 temporum
1016 2268 1455 2327 vicissitudines
1471 2268 1837 2327 dissidebant
1855 2268 1995 2324 invi-

339 2375 466 2416 cem
492 2377 505 2428 ;
530 2357 741 2414 coelum
776 2375 892 2414 non
923 2357 1217 2413 exaudivit
1265 2358 1555 2427 tellurem,
1591 2376 1697 2417 nec
1725 2358 1897 2416 tellus
1926 2376 1994 2415 ea

336 2465 465 2522 quae
498 2447 962 2515 seminabantur,
997 2446 1057 2502 in
1093 2463 1158 2501 ea
1189 2446 1421 2503 hostilis
1470 2447 1727 2505 incursio
1778 2442 1990 2509 l’mdam

336 2536 555 2609 ubique
604 2535 810 2593 faciem
862 2534 1191 2608 dereliquit,
1229 2537 1370 2595 dum
1420 2552 1624 2594 eorum
1668 2538 1992 2612 irruptione

336 2625 513 2681 urbes
553 2624 948 2692 diruerentur,
980 2621 1235 2679 ecclesia:
1285 2623 1699 2696 spoliarentur,
1733 2627 1991 2683 suffode-

333 2717 536 2775 rentur
564 2711 856 2780 altaria,et
876 2713 1210 2768 sacerdotes
1238 2713 1470 2771 Domini
1502 2714 1987 2772 interficerentur.

333 2792 414 2867 Ex
435 2801 651 2875 quibus
679 2802 768 2857 vir
796 2802 1081 2858 virtutum
1113 2800 1369 2874 Elfegus,
1392 2803 1492 2875 qui
1525 2808 1772 2876 quartus
1802 2809 1926 2859 erat
1956 2820 1990 2859 a

332 2907 549 2964 magno
564 2890 867 2947 Dunstano
883 2889 1331 2947 Cantuariorum
1352 2891 1988 2965 archiepiscopus,cum

334 2976 582 3039 multam
601 2979 862 3036 hostium
888 2977 1327 3036 multitudinem
1351 2983 1423 3036 ad
1446 2981 1839 3039 Christianam
1864 2981 1992 3036 reli-

332 3070 566 3142 gionem
616 3068 1016 3133 convertisset,
1058 3072 1115 3122 et
1163 3085 1261 3123 eos
1308 3086 1457 3140 quos
1506 3070 1579 3125 ab
1629 3069 1991 3126 infidelitatis

330 3148 528 3211 errore
550 3158 882 3210 convertere
910 3170 1024 3209 non
1048 3160 1269 3226 posset,
1298 3152 1639 3226 quotidiana
1668 3156 1990 3213 invectione

2118 598 2253 637 cum
2286 583 2587 653 triumpho
2630 582 2839 638 direxit
2868 584 2939 639 ad
2971 583 3206 639 cmlum.
3239 583 3334 640 Sic
3366 599 3503 657 ergo
3528 584 3768 660 impleta

2117 674 2258 727 sunt
2281 687 2409 742 qua:
2440 670 2527 725 vel
2557 671 2628 726 de
2668 688 2865 728 rerum
2924 671 3308 744 prosperitate
3364 672 3557 747 angeli
3612 673 3768 731 Dun-

2117 760 2305 826 stano,
2334 759 2423 815 vel
2467 760 2537 815 de
2584 759 2936 818 adversitate
2993 778 3196 818 earum
3255 761 3599 819 Dunstanus
3650 763 3768 841 regi

2115 846 2424 905 Athelredo
2484 848 2896 920 praedixerunt,
2932 851 3031 906 sed
3082 849 3144 905 in
3192 850 3284 905 his
3335 853 3454 906 tam
3494 851 3768 931 gravibus

2116 935 2538 992 tumultuantis
2566 938 2768 1010 populi
2813 938 3105 1011 angustiis
3138 955 3254 994 non
3286 939 3473 995 defuit
3503 928 3767 1017 superna:

2117 1024 2412 1081 miseratio
2453 1025 2706 1098 pietatis,
2742 1043 2867 1099 qua:
2928 1030 3094 1082 tanta
3145 1027 3510 1084 coruscantis
3570 1028 3768 1102 gratia:

2111 1113 2381 1186 prodigia
2414 1115 2486 1169 ad
2521 1116 2866 1171 memoriam
2901 1115 3060 1171 illius
3090 1116 3368 1186 ostendit,
3403 1120 3468 1173 ut
3495 1120 3553 1173 et
3572 1134 3765 1193 repro-

2115 1201 2207 1259 bis
2238 1203 2464 1271 terrori,
2499 1206 2555 1258 et
2600 1203 2834 1260 afﬂictis
2885 1209 3085 1261 essent
3133 1204 3536 1262 consolationi.
3570 1206 3769 1280 Neque

2114 1289 2270 1346 enim
2326 1291 2496 1348 aliter
2549 1293 2800 1349 cmlestis
2846 1294 2976 1365 ejus
3033 1293 3278 1366 spiritus
3329 1299 3603 1367 operatus
3658 1300 3767 1369 est,

2113 1394 2292 1451 quam
2324 1379 2373 1435 si
2406 1379 2464 1435 in
2488 1386 2706 1436 terram
2727 1381 2979 1436 redivivo
3000 1397 3240 1454 corpore
3264 1397 3371 1436 suo
3392 1381 3656 1454 quotidie
3683 1400 3771 1439 ve-

2116 1468 2285 1523 niret.
2318 1468 2534 1524 Verum
2568 1487 2674 1525 nos
2707 1487 2823 1525 non
2855 1470 3055 1527 omnia
3084 1488 3210 1542 qua:
3243 1471 3312 1527 de
3343 1470 3441 1525 illo
3471 1475 3614 1527 sunt
3645 1489 3772 1544 pro-

2112 1561 2240 1628 pter
2269 1558 2618 1613 inﬁnitatem
2650 1557 2840 1613 dicere
2867 1559 3190 1631 poterimus
3214 1577 3227 1628 ;
3263 1575 3367 1615 nec
3398 1559 3471 1614 ab
3493 1560 3770 1616 omnibus

2112 1645 2528 1702 abstinendum
2594 1653 2893 1719 putamus,
2947 1665 3019 1702 ne
3069 1647 3231 1703 nulla
3277 1665 3406 1703 esse
3460 1648 3771 1704 videantur

2111 1750 2237 1805 qua:
2261 1734 2549 1790 dicamus.
2585 1737 2654 1791 Et
2672 1736 2941 1808 quzedam
2961 1736 3198 1808 quidem
3220 1737 3290 1792 de
3320 1735 3488 1792 libris
3520 1737 3772 1797 miracu-

2114 1822 2305 1879 lorum
2337 1825 2466 1896 ejus
2497 1825 2596 1897 qui
2646 1842 2801 1881 nunc
2854 1824 3098 1883 minime
3137 1828 3457 1898 supersunt
3486 1827 3772 1900 excerpsi-

2109 1930 2241 1969 mus
2268 1932 2281 1981 ;
2307 1915 2578 1985 quaedam
2602 1931 2735 1971 vero
2768 1918 2971 1971 nostra
3000 1917 3187 1982 aetate,
3225 1913 3412 1971 autin
3444 1912 3589 1971 alios
3614 1916 3772 1975 facta

2106 2001 2382 2070 vidimus,
2405 2008 2506 2059 aut
2526 2003 2585 2058 in
2608 2019 2717 2059 nos
2737 2005 2964 2074 patrata
2995 2000 3108 2077 ipsi
3137 2001 3358 2075 experti
3388 2019 3617 2059 sumus.
3652 2003 3767 2062 Sed

2106 2090 2201 2147 hic
2222 2090 2402 2147 libelli
2433 2089 2612 2163 hujus
2644 2092 2708 2147 fit
2729 2091 2958 2159 ﬁnis,ut
2987 2092 3142 2163 quod
3174 2091 3539 2154 intendimus
3559 2092 3633 2149 ab
3652 2092 3767 2153 alio

2106 2178 2391 2252 principio
2417 2179 2571 2235 sumi
2604 2178 2811 2252 possit.

2103 2268 2310 2325 Justus
2342 2269 2537 2336 homo,
2572 2269 2769 2325 nudus
2796 2268 2959 2340 vitio,
2993 2268 3163 2326 sedes
3194 2269 3359 2327 subit
3389 2268 3600 2338 almas,

2174 2357 2256 2414 Ex
2286 2357 2503 2431 quibus
2534 2356 2838 2433 expulsam
2870 2375 2933 2414 se
2964 2357 3122 2415 dolet
3151 2364 3280 2414 atra
3308 2357 3538 2415 cohors.

2104 2446 2216 2502 Iste
2245 2446 2445 2520 polum
2471 2446 2634 2519 petit,
2668 2445 2770 2501 illa
2801 2462 3007 2520 rogum
3040 2447 3225 2521 stygis
3254 2447 3442 2504 ardua
3471 2445 3656 2503 moles

2172 2535 2418 2604 Deserit,
2452 2540 2627 2607 atque
2656 2534 2799 2591 levis
2831 2535 3004 2609 gleba
3035 2540 3239 2591 natare
3268 2534 3435 2594 solet.

2101 2625 2329 2683 Mansio
2360 2625 2611 2693 diversa,
2644 2624 2988 2695 diversaque
3014 2625 3274 2696 praemia,
3305 2631 3599 2697 quantum

2171 2714 2346 2772 Ortus
2379 2713 2586 2772 solaris
2617 2713 2795 2770 distat
2824 2714 2895 2769 ab
2929 2713 3210 2771 occiduis.

2100 2803 2353 2876 Imperat
2372 2803 2510 2860 huic
2539 2806 2742 2875 Agnus
2771 2802 3172 2859 circumdatus
3202 2804 3437 2876 agmine
3464 2804 3599 2860 laeto
3632 2823 3646 2861 :

2171 2892 2259 2948 Illi
2289 2910 2423 2948 cum
2454 2908 2633 2963 prava
2662 2890 2826 2962 pluto
2853 2890 3088 2946 cohorte
3120 2896 3327 2964 praeest

2100 2981 2299 3038 Uritur
2328 2979 2429 3035 illa
2457 2978 2615 3051 gelu,
2648 2978 2797 3046 nive,
2825 2978 3111 3051 grandine
3140 2981 3463 3053 perpetuali
3496 2999 3510 3037 :

2169 3068 2392 3124 Vernos
2424 3068 2539 3123 ista
2570 3067 2694 3121 dies
2726 3067 2955 3121 mansio
2986 3084 3220 3141 semper
3248 3068 3441 3129 habet.

2099 3158 2230 3213 Haec
2259 3172 2541 3229 generosa
2572 3155 2718 3210 duce
2740 3156 3006 3228 jucunde
3033 3155 3157 3212 cive
3186 3156 3417 3225 decora,

326 3241 1004 3317 _reprehenderet,tentus
1034 3243 1105 3297 ab
1138 3242 1521 3315 cisdem,post
1548 3243 1803 3301 dirutam
1828 3245 1985 3303 illius
2017 3231 2059 3301 Ο
2168 3246 2437 3303 Carmine
2465 3243 2693 3311 festiva,
2723 3260 2864 3316 pace
2895 3244 3095 3315 quieta
3116 3245 3269 3318 jugi.

334 3330 564 3398 urbem,
598 3334 727 3402 post
773 3334 1077 3386 cruentam
1117 3329 1447 3386 innocentis
1494 3332 1696 3405 populi
1745 3335 1985 3401 caedem,

332 3425 465 3494 post
496 3418 699 3495 templi
732 3418 881 3475 sacri
930 3418 1412 3492 exspoliationem
1451 3420 1627 3477 simul
1659 3427 1715 3478 et
1746 3424 1986 3481 combu-

331 3509 603 3577 stionem,
626 3506 861 3565 vinctus
892 3507 1183 3563 adductus
1215 3513 1322 3576 est,
1347 3514 1405 3563 et
1434 3527 1536 3582 per
1565 3516 1785 3583 septem
1819 3530 1987 3568 men-

333 3613 429 3655 ses
445 3597 624 3657 variis
656 3601 1081 3655 tormentorum
1108 3598 1472 3655 cruciatibus
1499 3605 1762 3669 vexatus,
1783 3605 1840 3656 et
1858 3606 1991 3674 post

2097 3336 2185 3390 Tu
2215 3334 2542 3389 venerande
2573 3332 2686 3405 piis
2719 3333 2953 3400 mistus,
2988 3333 3316 3406 Dunstane,
3350 3336 3617 3404 catervis,

2168 3424 2409 3478 Exerces
2440 3422 2656 3478 hilares
2684 3421 2795 3477 hac
2828 3421 3063 3493 regione
3086 3422 3276 3493 jocos.

2097 3512 2312 3580 Quanti
2344 3510 2427 3567 sis
2458 3511 2673 3580 meriti,
2707 3510 2872 3584 plebs
2906 3510 3127 3567 indicat
3157 3510 3588 3583 astricolarum,

2170 3604 2304 3668 Qua:
2339 3600 2624 3656 famulata
2656 3604 2816 3655 tuam
2850 3600 3004 3655 vexit
3030 3600 3101 3656 ad
3135 3604 3295 3657 astra
3325 3601 3610 3659 animam.

753 3944 1232 4129 lNClPlT
1299 3949 1674 4061 LIBER
1751 3950 2686 4067 MIRACULORUM
2764 3949 3335 4069 EJUSDEM

1484 4148 1744 4210 Auctore
1772 4149 1971 4213 eodem
2004 4149 2261 4214 Osberno
2291 4147 2599 4212 monacho.

664 4302 862 4359 Auctor
887 4302 1050 4375 ﬁdem
1076 4320 1111 4359 α
1143 4305 1426 4361 lectoribus
1455 4308 1644 4379 exigit.

403 4389 453 4444 1.
489 4389 755 4446 Diximus
789 4390 846 4445 in
873 4393 1159 4464 superiori
1180 4393 1620 4468 libello,quibus
1641 4398 1986 4469 parentibus

327 4477 676 4535 venerabilis
698 4482 864 4552 pater
884 4480 1227 4538 Dunstanus
1248 4488 1412 4542 ortus
1434 4483 1983 4559 claruerit,quorum

330 4583 533 4639 regum
570 4571 833 4641 tempora
866 4569 1278 4639 nobilitaverit,
1301 4590 1447 4644 quos
1480 4591 1789 4646 processus
1812 4576 1987 4632 virtu-

326 4660 455 4709 tum
485 4654 779 4725 habuerit,
806 4663 861 4713 et
891 4661 1389 4730 quemadmodum
1425 4663 1497 4717 ad
1530 4663 1786 4720 cmlestia
1808 4682 1986 4736 regna

328 4742 621 4814 gloriosus
639 4747 991 4817 migraverit.
1018 4749 1185 4804 Nunc
1203 4754 1398 4805 autem
1428 4752 1791 4824 prepositum
1815 4754 1986 4813 habe-

329 4848 464 4886 mus
494 4848 563 4887 ea
595 4851 853 4899 narrare,
878 4853 1006 4906 qua:
1036 4843 1168 4908 post
1198 4839 1620 4910 depositionem
1666 4841 1984 4914 corporalis

329 4920 572 4975 sarcina:
597 4922 729 4976 felix
752 4923 997 4994 spiritus
1019 4927 1148 4996 ejus
1164 4927 1219 4980 in
1235 4927 1343 4983 hoe
1365 4928 1576 4983 smculo
1599 4928 1875 5003 dignatus
1896 4936 1984 4986 est

328 5008 650 5077 operari,ut
674 5026 877 5065 omnes
911 5013 1089 5068 futuri
1122 5016 1406 5086 temporis
1426 5016 1760 5090 Angligena:
1781 5019 1982 5090 populi

329 5101 668 5167 agnoscant,
702 5098 844 5169 quid
878 5102 1022 5155 tanti
1059 5102 1313 5158 nominis
1343 5102 1464 5159 viro
1486 5104 1725 5161 honoris
1747 5124 1814 5162 ac
1834 5125 1986 5163 reve-

328 5183 526 5242 rentia:
557 5186 825 5241 debeant.
860 5188 1074 5244 Verum
1128 5192 1405 5261 quoniam
1445 5210 1650 5249 eorum
1683 5212 1811 5266 quae
1839 5197 1981 5252 scri-

326 5271 519 5327 benda
538 5278 700 5340 sunt,
711 5274 984 5348 pleraque
1006 5295 1073 5333 ac
1096 5278 1212 5334 fere
1242 5280 1442 5335 omnia
1466 5282 1682 5338 nostris
1713 5285 1986 5357 tempori-

326 5360 438 5417 bus
492 5361 646 5417 facta
694 5364 1114 5435 cognovimus;
1148 5384 1335 5438 pauca
1382 5385 1516 5423 vero
1566 5370 1697 5426 aliis
1743 5374 1981 5443 quidem

324 5450 691 5520 temporibus
724 5452 1003 5520 facta,sed
1021 5454 1191 5509 nobis
1212 5455 1520 5511 verissima
1538 5458 1981 5517 vcrissimorum

323 5535 583 5594 virorum
616 5539 894 5595 relatione
925 5542 1188 5613 exposita
1218 5544 1590 5617 accepimus:
1620 5546 1728 5603 hac
1759 5550 1982 5605 ratione

326 5640 530 5687 omnes
562 5626 661 5703 qui
693 5628 813 5685 haec
845 5628 1247 5705 dignabuwtur
1274 5629 1484 5705 legere,
1518 5634 1588 5691 ad
1624 5636 1981 5697 credendum

2021 4313 2067 4379 Ι)
2101 4311 2511 4380 invitamus,ut
2534 4308 2709 4365 sicuti
2740 4307 2852 4364 sibi
2882 4308 3039 4363 credi
3071 4307 3284 4374 volent,
3305 4309 3355 4365 si
3389 4309 3534 4369 forte
3553 4309 3764 4385 aliqua

2094 4399 2220 4459 suis
2250 4398 2615 4473 temporibus
2646 4398 2796 4453 facta
2841 4397 3096 4454 scribere
3125 4396 3436 4468 voluerint,
3468 4398 3553 4454 ita
3580 4402 3765 4458 nobis

2095 4488 2354 4555 credant,
2386 4503 2519 4543 cum
2552 4485 2844 4543 audierint
2872 4500 2940 4541 ea
2972 4484 3217 4553 narrari,
3251 4502 3380 4559 quae
3403 4503 3437 4542 a
3457 4486 3628 4544 nobis
3663 4506 3767 4562 po-

2093 4581 2256 4632 tuere
2286 4575 2486 4631 videri.
2522 4576 2707 4640 Quam
2746 4573 2902 4628 enim
2936 4573 3006 4628 dc
3039 4591 3100 4630 se
3133 4573 3253 4630 veri
3299 4575 3766 4653 mstimationem

2095 4682 2128 4721 a
2148 4664 2532 4736 sequentibus
2565 4660 2767 4717 haberi
2796 4660 2996 4729 velint,
3032 4679 3160 4718 eam
3190 4667 3343 4718 recte
3373 4663 3766 4735 praecedenti-

2094 4753 2204 4808 bus
2236 4751 2549 4808 concedere
2579 4750 2991 4815 debent.Quod
3016 4749 3064 4804 si
3096 4749 3259 4806 nulla
3287 4767 3415 4822 qua:
3447 4752 3627 4809 scribi
3665 4756 3770 4813 de-

2093 4843 2285 4907 beant,
2323 4839 2447 4895 suis
2478 4838 2841 4909 temporibus
2892 4837 3020 4894 ﬁeri
3072 4838 3435 4911 contingant,
3468 4856 3586 4895 non
3622 4842 3765 4901 ideo

2095 4946 2209 4986 non
2240 4927 2440 4984 statim
2477 4925 2749 4982 falsitatis
2782 4930 3050 5000 arguant,
3082 4926 3254 4999 quasi
3285 4927 3441 4998 quod
3464 4926 3577 4984 alio
3612 4934 3766 4989 tem-

2094 5035 2230 5093 pore
2260 5016 2486 5072 occulta
2517 5015 2614 5070 Dei
2650 5016 3017 5086 providentia
3046 5034 3162 5072 non
3195 5016 3281 5083 fit,
3317 5015 3431 5072 alio
3484 5021 3764 5092 tempore

2093 5124 2197 5181 pro
2218 5105 2577 5178 corrigendis
2599 5104 2686 5160 vel
2718 5105 3103 5179 corripiendis
3127 5106 3467 5165 hominibus
3488 5108 3613 5163 ﬁeri
3634 5129 3763 5169 non

2093 5194 2438 5269 possil,eum
2462 5212 2692 5266 semper
2713 5196 3212 5268 Opportunitatem
3232 5212 3428 5254 rerum
3450 5202 3508 5253 et
3528 5202 3766 5273 tempo-

2094 5303 2226 5341 rum
2249 5284 2442 5357 exigat
2472 5284 2661 5357 gratia
2693 5284 3136 5359 miraculorum.
3160 5285 3312 5341 Num
3346 5286 3502 5343 enim
3528 5285 3761 5348 idcirco

2093 5374 2292 5428 minus
2325 5373 2681 5427 credendum
2714 5377 2804 5428 est
2846 5373 3170 5445 principem
3224 5375 3625 5448 apostolorum
3659 5378 3763 5436 Pe-

2093 5465 2250 5517 trum
2269 5462 2339 5517 ad
2360 5466 2592 5531 portam
2618 5462 2818 5532 templi
2839 5463 3167 5534 speciosam
3187 5462 3463 5519 claudum
3481 5481 3755 5538 sanasse,

2093 5551 2247 5623 quod
2283 5551 2499 5605 nostris
2532 5551 2896 5622 temporibus
2925 5550 3083 5607 istud
3119 5569 3233 5607 non
3256 5553 3477 5621 fecerit,
3492 5558 3595 5610 aut
3615 5554 3758 5614 ideo

2091 5640 2300 5696 beatus
2331 5638 2685 5713 evangelista
2732 5639 2988 5698 Joannes
3036 5658 3326 5703 venenum
3354 5642 3482 5722 sine
3509 5642 3757 5710 lesione
