3912 6358
302 373 420 433 450

1299 380 1365 440 S.
1410 376 1873 442 DUNSTANUS
1915 375 2282 440 ARCHIEP.
2330 374 2726 441 CANTUAR.

3599 377 3723 438 $0

302 509 483 573 Quem
505 523 683 581 super
703 509 894 583 capita
914 508 1149 567 illorum
1173 510 1387 568 celsius
1409 512 1696 568 elevatum
1720 511 1813 567 his
1830 526 1953 583 pre-
1980 514 2038 581 Α
2067 512 2126 566 in
2147 516 2407 567 extrema
2427 513 2594 567 aetate
2612 508 2811 564 lumen
2833 508 3134 565 oculorum
3156 508 3462 581 reciperet.
3487 509 3719 567 Vacans

298 597 467 654 cibus
500 598 639 653 ﬂetu
670 598 971 670 permistis
998 605 1201 655 sancto
1231 598 1590 656 obtulerunt.
1625 600 1668 657 Ο
1701 598 1950 668 Christe,

294 684 593 757 inquiunt,
628 686 791 743 salus
842 692 900 743 et
948 693 1175 745 creator
1219 688 1507 758 omnium,
1544 689 1641 762 qui
1682 688 1951 745 homines

295 775 404 830 hac
435 777 612 831 etiam
644 776 705 831 in
737 781 901 849 parte
932 778 1153 834 cazteris
1212 777 1616 835 animantibus
1673 778 1953 834 excellere

293 862 553 933 voluisti,
590 865 745 938 quod
776 866 937 939 loqui
968 868 1219 940 possint,
1253 872 1310 924 et
1354 871 1544 925 erecto
1577 868 1763 940 capite
1794 868 1950 923 ince-

299 954 454 1023 dere,
489 956 742 1012 reforma
772 955 833 1012 in
863 956 973 1012 hoc
1023 956 1144 1013 filio
1194 963 1394 1014 nostro
1436 959 1525 1014 vel
1552 958 1709 1031 quod
1740 963 1954 1014 natura

300 1044 680 1101 informatum
703 1045 1054 1118 reliquit,vel
1076 1048 1231 1120 quod
1254 1049 1570 1104 formatum
1595 1048 1835 1103 inimica
1865 1066 1951 1103 sa-

296 1133 408 1189 luti
440 1135 722 1207 mgritudo
755 1136 1035 1209 corrupit.
1068 1136 1264 1194 Solius
1312 1138 1471 1193 enim
1518 1138 1605 1194 tui
1655 1143 1745 1194 est
1782 1154 1851 1193 ex
1884 1154 1949 1193 co

299 1225 454 1295 quod
492 1243 607 1281 non
630 1226 801 1285 estin
824 1227 881 1282 id
910 1228 1065 1299 quod
1099 1231 1189 1283 est
1217 1228 1553 1300 perducere,
1590 1232 1645 1284 et
1676 1228 1831 1301 quod
1864 1232 1953 1284 est

298 1313 360 1369 in
384 1331 787 1387 quascumque
808 1316 1059 1372 volueris
1082 1317 1300 1373 formas
1323 1319 1796 1373 mutare.Exaudi
1814 1335 1951 1390 ergo

296 1420 498 1476 preces
512 1404 972 1477 supplicantium
995 1410 1233 1479 propter
1252 1409 1955 1480 temetipsum,etproptcr

299 1494 671 1549 Dunstanum
705 1495 984 1550 dilectum
1019 1498 1212 1552 tuum.
1249 1498 1413 1553 Tunc
1442 1498 1738 1553 demissus
1760 1515 1828 1552 ex
1852 1497 1956 1553 hu-

303 1584 482 1640 meris
505 1585 896 1655 bajulantium
921 1603 983 1641 se
1003 1589 1275 1659 aegrotus,
1291 1590 1357 1642 ut
1372 1588 1443 1642 ad
1465 1587 1809 1642 memoriam
1827 1604 1957 1642 san-

302 1673 381 1727 cti
411 1674 638 1728 vicinus
670 1673 950 1744 applicari
991 1675 1248 1746 deberet,
1271 1692 1406 1730 mox
1438 1681 1503 1731 ut
1532 1676 1800 1731 tumbam
1832 1675 1957 1731 teti-

298 1762 407 1834 git,
438 1763 498 1816 in
529 1763 779 1834 pedibus
826 1763 952 1819 suis
993 1764 1277 1834 constitit,
1312 1769 1488 1837 caput
1530 1782 1664 1821 cum
1696 1764 1956 1839 scapulis

297 1868 537 1907 sursum
560 1851 824 1920 crexit,et
853 1851 1110 1910 resoluta
1141 1852 1344 1927 lingua
1375 1871 1501 1927 quae
1533 1872 1838 1928 nunquam
1861 1872 1958 1912 an-

294 1946 389 1997 tea
429 1941 616 1998 fuerat
664 1940 877 2013 locuta,
913 1941 1142 2000 excelsa
1167 1960 1305 2000 voce
1337 1943 1590 2001 clamare
1623 1946 1796 2018 erepit
1826 1944 1947 2001 Glo-

294 2030 380 2087 ria
410 2033 470 2086 in
498 2032 727 2087 excelsis
766 2032 892 2099 Deo,
925 2032 1173 2089 alleluia.
1207 2034 1417 2107 Sicque
1467 2035 1858 2108 perseveravit
1887 2034 1946 2090 in

292 2121 627 2194 integritate
657 2127 943 2195 susceptae
983 2122 1318 2194 locutionis,
1353 2126 1419 2180 ut
1448 2140 1634 2197 usque
1666 2124 1738 2181 ad
1770 2124 1945 2180 tinem

289 2209 417 2266 vita:
440 2227 556 2266 non
579 2209 771 2267 solum
796 2212 1297 2285 expedite,verum
1315 2213 1492 2271 etiam
1514 2213 1729 2271 diserte
1751 2212 1950 2270 omnia

290 2298 646 2372 loqueretur.

701 2409 851 2468 Caeca
879 2418 1009 2468 nata
1048 2411 1257 2469 lumine
1285 2411 1538 2469 donatur.

364 2510 417 2567 6.
449 2506 808 2580 Paupercula
839 2509 1016 2566 etiam
1046 2526 1179 2568 cum
1213 2515 1419 2568 caetera
1448 2508 1826 2567 multitudine
1848 2508 1949 2564 ad~

290 2598 450 2653 venit
461 2599 654 2655 ferens
667 2598 726 2654 in
739 2596 898 2654 ulnis
910 2599 1199 2656 triennem
1215 2604 1412 2657 natam
1428 2617 1498 2658 ex
1518 2604 1680 2657 utero
1703 2615 1810 2654 suo
1823 2597 1950 2653 sine

292 2687 519 2743 lumine
552 2691 773 2744 natam.
807 2689 942 2754 Quae
974 2705 1109 2744 cum
1143 2706 1245 2762 per
1275 2687 1499 2761 aliquot
1543 2689 1667 2744 dies
1697 2685 1948 2744 orationi

292 2795 399 2849 pro
426 2776 614 2833 salute
637 2777 769 2832 filiae
792 2794 910 2833 sua:
941 2777 1196 2834 sollicita
1224 2777 1610 2848 incubuisset,
1644 2793 1748 2832 nec
1769 2793 1949 2833 exau-

292 2868 477 2922 ditam
501 2884 562 2923 se
583 2866 954 2938 aliquatenus
976 2867 1239 2937 sentiret,
1273 2867 1582 2940 deprecata
1602 2870 1692 2923 est
1712 2883 1947 2923 omnem

291 2956 517 3012 clerum
557 2956 772 3011 auxilio
822 2955 933 3011 sibi
980 2957 1135 3028 apud
1167 2956 1265 3012 Dei
1301 2963 1572 3012 sanctum
1604 2956 1745 3025 fore,
1774 2956 1950 3011 conﬁ-

290 3046 438 3101 dens
468 3063 566 3100 eos
611 3050 773 3101 tanto
825 3045 999 3101 citius
1040 3046 1457 3119 impetraturos
1506 3045 1661 3117 quod
1710 3043 1943 3113 vellent,

291 3138 510 3207 quanto
541 3134 591 3189 ci
624 3152 737 3206 pra:
761 3135 991 3191 cmteris
1013 3134 1355 3190 hominibus
1387 3134 1738 3190 familiarius
1767 3134 1947 3189 servi-

289 3228 438 3279 rent.
461 3224 664 3278 Affecti
700 3224 896 3297 itaque
927 3224 1144 3295 pietate
1176 3223 1448 3279 monachi
1477 3225 1586 3296 (61)
1609 3240 1714 3295 pro
1748 3223 1944 3280 dolore

288 3312 497 3369 matris
517 3318 576 3368 ct
606 3313 886 3385 languore
912 3313 1140 3385 puellm,
1173 3316 1474 3385 coeperunt
1514 3312 1948 3368 instantissime.

290 3418 459 3475 prece
489 3407 760 3458 sanetum
792 3404 1198 3475 deposcere,ut
1218 3420 1419 3461 earum
1453 3400 1755 3458 afflictioni
1775 3400 1948 3458 solita

290 3491 551 3547 bonitate
600 3492 946 3565 dignaretur
991 3492 1320 3549 subvenire.
1355 3491 1593 3547 Decima
1623 3495 1817 3546 autem
1853 3490 1946 3546 die

292 3584 433 3637 dum
450 3580 599 3637 forte
620 3586 884 3639 materno
905 3582 1129 3656 gremio
1151 3579 1946 3654 puellaincumberet,subito

294 3671 513 3744 apertis
541 3670 729 3728 oculis
760 3671 911 3730 clare
941 3671 1141 3728 omnia
1170 3672 1422 3740 videbat,
1472 3676 1530 3727 et
1576 3686 1693 3741 prae
1730 3669 1946 3742 gaudio

293 3760 567 3818 exsiliens
599 3760 861 3819 dicebat:
892 3762 1079 3818 Mater
1105 3758 1207 3831 mi,
1225 3777 1351 3833 qua:
1380 3764 1521 3816 sunt
1551 3758 1672 3816 haec
1702 3758 1948 3831 pulchra

295 3866 420 3923 qua:
449 3849 615 3907 video
636 3850 665 3907 ?
694 3851 799 3908 Cui
828 3850 932 3908 illa
963 3867 977 3907 :
1011 3849 1283 3918 Videsne,
1336 3848 1550 3921 inquit,
1594 3847 1673 3904 mi
1723 3848 1948 3906 chara?

291 3939 427 4005 Qua:
453 3938 626 3996 dixit:
644 3939 894 3999 Pulcher
912 3940 1087 3997 homo
1111 3937 1210 3994 ille
1223 3937 1409 4011 jussit
1429 3953 1524 3993 me
1543 3935 1666 3994 hmo
1696 3936 1946 4011 pulchra

288 4027 502 4084 videre.
534 4027 867 4088 Clamatum
898 4033 989 4086 est
1034 4028 1235 4099 itaque
1282 4042 1384 4099 per
1422 4029 1605 4083 totam
1636 4025 1943 4082 ecclesiam

284 4116 542 4188 puellam
561 4135 595 4174 a
612 4119 917 4177 nativitate
949 4132 1160 4181 caecam
1182 4132 1217 4171 a
1246 4131 1460 4189 magno
1492 4115 1768 4191 pontiﬁce
1789 4115 1946 4171 Dun-

285 4209 454 4262 stano
480 4204 901 4264 illuminatam.
928 4205 1019 4262 Fit
1047 4220 1373 4261 concursus
1402 4203 1668 4260 omnium
1691 4208 1942 4260 matrem

283 4309 419 4350 cum
450 4292 570 4351 filia
602 4293 1087 4368 constipantium.
1121 4293 1234 4350 Sed
1284 4309 1420 4350 cum
1471 4291 1655 4364 aliqui
1684 4308 1752 4348 ex
1789 4291 1941 4349 clero

282 4384 514 4441 credere
544 4400 659 4439 non
692 4387 955 4456 possent,
987 4383 1144 4454 quod
1195 4382 1532 4455 patentibus
1584 4380 1770 4439 oculis
1804 4397 1940 4437 acu-

284 4487 419 4526 men
449 4471 692 4528 visionis
722 4472 962 4543 inesset,
992 4470 1255 4530 volentes
1285 4471 1631 4544 indagandae
1679 4469 1942 4527 veritatis

282 4560 520 4630 signum
565 4559 780 4632 videre,
808 4562 1038 4634 jactant
1083 4577 1277 4634 poma,
1311 4560 1465 4617 sicut
1514 4561 1712 4635 pueris
1757 4558 1940 4616 alludi

2059 614 2196 673 ergo
2218 599 2488 667 orationi,
2509 614 2613 653 nec
2646 597 2766 653 ulla
2795 597 3007 655 salutis
3038 599 3299 655 remedia
3329 615 3718 672 consequens,

2059 688 2358 762 egreditur
2379 688 2449 742 de
2479 687 2733 755 civitate,
2763 686 2965 744 volens
2996 688 3067 743 ad
3089 687 3287 751 locum
3310 689 3465 745 unde
3482 692 3725 745 venerat

2061 777 2595 848 remeare.Jamque
2626 780 2864 849 pontem
2897 776 3160 833 ﬂuminis
3190 778 3374 833 Sturze
3405 778 3724 834 ascendere

2061 869 2334 940 coeperat,
2369 883 2504 922 cum
2556 867 2705 923 forte
2752 866 3013 922 ductoris
3060 865 3153 922 sui
3191 866 3406 924 auxilio
3437 867 3726 923 destituta

2062 956 2356 1012 clamabat
2381 971 2393 1009 :
2430 956 2757 1021 Dunstane,
2783 956 3106 1024 Dunstane,
3132 970 3238 1012 nec
3278 958 3577 1029 speratum
3603 972 3640 1012 a
3665 960 3725 1012 te

2060 1044 2262 1100 lumen
2297 1043 2547 1114 obtinui,
2571 1049 2627 1100 et
2653 1046 2953 1104 ductorem
2987 1056 3142 1101 nunc
3174 1046 3423 1119 perdidi.
3459 1044 3727 1103 Mirabile

2061 1133 2309 1201 dictu,et
2331 1132 2625 1189 maleﬁdis
2657 1133 2895 1191 difficile
2929 1135 3177 1205 creditu,
3209 1134 3477 1209 protinus
3506 1134 3610 1191 illa
3629 1134 3725 1207 ju-

2058 1239 2235 1280 venes
2258 1240 2362 1296 per
2380 1223 2642 1280 medium
2657 1223 3025 1298 pontisligna
3038 1225 3286 1282 ferentes
3308 1224 3729 1282 clarissimevi-

2063 1313 2533 1385 dit,quibuscum
2558 1314 2616 1368 in
2640 1314 2936 1370 civitatem
2962 1315 3215 1385 rediit,et
3239 1316 3380 1389 quid
3402 1316 3621 1371 factum
3646 1315 3726 1372 sit

2063 1402 2340 1458 omnibus
2368 1402 2667 1459 indicavit.

2420 1502 2892 1558 Excommunicati
2923 1518 3082 1575 prima
3112 1512 3161 1558 et
3187 1505 3358 1559 salus.

2135 1600 2188 1653 8.
2222 1599 2372 1665 Quid
2403 1599 2474 1655 de
2504 1599 2801 1658 Clemente
2845 1602 3107 1658 Teutone
3150 1603 3363 1667 dicam,
3397 1602 3490 1658 cui
3530 1603 3724 1677 magis

2067 1691 2269 1760 aptum
2321 1704 2533 1747 nomen
2584 1694 2673 1747 est
2718 1691 2979 1761 demens,
3015 1708 3193 1763 quam
3227 1690 3513 1759 Clemens,
3541 1708 3722 1765 quem

2066 1778 2339 1835 sacerdos
2387 1795 2491 1852 pro
2541 1777 2716 1853 culpa
2760 1778 3078 1853 voluptatis
3130 1785 3189 1836 et
3226 1781 3630 1849 contumaciae,
3660 1780 3722 1838 in

2064 1867 2369 1925 interitum
2419 1869 2612 1925 carnis
2653 1870 2878 1926 Satanae
2912 1870 3250 1940 tradiderat,
3276 1875 3333 1927 et
3359 1870 3444 1928 ita
3469 1869 3728 1928 maledi-

2060 1957 2272 2014 ctionis
2304 1958 2599 2015 sententia
2630 1964 2856 2033 septem
2896 1960 3068 2017 annis
3116 1960 3471 2031 devinxerat,
3505 1964 3573 2018 ut
3602 1977 3722 2019 non

2057 2045 2251 2104 solum
2284 2047 2343 2103 in
2371 2048 2576 2105 eodem
2608 2048 2733 2107 loco
2766 2053 2886 2107 toto
2919 2067 3159 2122 corpore
3188 2049 3723 2119 tremendo,verum

2058 2136 2233 2193 etiam
2257 2136 2328 2193 de
2352 2136 2476 2194 loco
2501 2138 2572 2194 ad
2598 2136 2792 2195 locum
2817 2139 3156 2196 cursitando
3178 2139 3442 2197 instabili
3472 2139 3724 2197 ferretur

2061 2228 2243 2283 metu.
2280 2226 2343 2283 In
2376 2226 2622 2283 basilica
2648 2245 2783 2285 vero
2833 2211 3150 2286 Salvatoi'is
3194 2233 3329 2285 ante
3372 2227 3721 2286 memoriam

2060 2316 2260 2390 magni
2290 2316 2580 2375 Dunstani
2602 2323 3010 2390 praesentatus,
3045 2336 3181 2375 cum
3216 2319 3363 2376 forte
3385 2319 3458 2375 ad
3490 2321 3724 2375 noctur-

2061 2422 2167 2463 nas
2198 2405 2427 2482 vigilias
2466 2407 2943 2480 respensorium:
2978 2408 3155 2468 Videte
3181 2409 3534 2477 miraculum,
3568 2407 3723 2465 inci-

2060 2501 2317 2569 peretur,
2352 2496 2573 2555 saltum
2602 2498 2663 2558 in
2695 2497 2952 2557 sublime
2984 2498 3164 2567 dedit,
3190 2498 3549 2555 daemonium
3580 2515 3720 2556 cum

2062 2586 2349 2659 sanguine
2370 2586 2711 2658 evomuit,et
2731 2591 2864 2659 post
2886 2586 3008 2644 haec
3031 2587 3193 2644 omni
3215 2591 3475 2659 tempore
3504 2604 3722 2643 secun-

2059 2676 2200 2732 dum
2223 2677 2623 2733 omnimodam
2647 2681 3018 2733 sensator‘um
3037 2675 3382 2749 qualitatem
3405 2675 3641 2748 quietus
3663 2680 3723 2732 et

2040 2763 2183 2824 ‘loco
2213 2769 2270 2821 et
2301 2782 2540 2839 corpore
2564 2765 2802 2823 mansit.

2638 2865 2843 2938 Repens
2873 2866 3122 2938 erigitur.

2125 2964 2181 3020 9.
2211 2965 2327 3018 Aut
2374 2979 2489 3035 quo
2540 2963 2713 3020 modo
2767 2964 2991 3020 factum
3027 2962 3088 3019 in
3121 2967 3175 3018 te
3205 2960 3581 3028 miraculum,
3614 2961 3717 3019 Et-

2053 3052 2577 3121 warde,narrabo;
2613 3051 2914 3108 hominem
2946 3052 3233 3125 gigantem
3266 3051 3714 3125 magnitudinis,

2056 3142 2104 3197 si
2138 3144 2432 3213 repentem
2469 3144 2521 3195 te
2550 3140 2612 3195 in
2646 3144 2769 3196 tota
2797 3146 2952 3196 terra
3002 3140 3155 3196 mole
3195 3140 3454 3211 corporis
3484 3158 3589 3212 per
3616 3141 3718 3195 tri-

1975 3269 2018 3335 C
2056 3230 2219 3303 ginta
2249 3246 2434 3284 annos
2466 3230 2696 3301 pondus
2719 3247 2832 3285 non
2859 3234 3150 3301 premeret
3170 3228 3526 3303 gravissima:
3546 3229 3719 3285 infir-

2056 3317 2278 3373 mitatis
2306 3337 2318 3386 ;
2344 3322 2545 3390 postea
2574 3335 2705 3375 vero
2738 3318 2913 3375 charo
2944 3319 3096 3391 patri
3127 3318 3429 3374 Dunstano
3456 3317 3712 3386 oblatus,

2055 3411 2230 3479 atque
2261 3407 2333 3462 ab
2356 3424 2422 3462 eo
2446 3406 2797 3463 mirabiliter
2817 3412 3084 3477 sanatus,
3121 3426 3237 3463 non
3260 3406 3449 3462 solum
3482 3407 3716 3463 cunctis

2054 3498 2245 3553 factus
2262 3500 2352 3551 est
2369 3495 2642 3551 amabilis
2666 3500 2901 3569 propter
2921 3498 3142 3570 adeptae
3164 3496 3431 3552 sanitatis
3457 3494 3714 3551 miracu-

2055 3585 2204 3656 lum,
2247 3602 2451 3642 verum
2501 3585 2677 3655 etiam
2727 3585 3093 3641 admirabilis
3140 3590 3380 3659 propter
3424 3601 3715 3658 corporea:

2055 3675 2405 3749 quantitatis
2454 3674 2880 3748 spectaculum.
2915 3676 3003 3731 Tu
3053 3675 3317 3731 musicus
3346 3674 3407 3731 in
3438 3673 3717 3734 conviviis

2054 3764 2313 3822 didicfsti
2368 3768 2502 3838 post
2552 3763 2674 3822 htec
2721 3764 3155 3822 convivantium
3197 3764 3426 3821 animos
3456 3762 3718 3820 carmine

2055 3853 2408 3925 demulcere,
2465 3858 2524 3910 et
2581 3853 2732 3910 inter
2804 3854 3165 3910 cantandum
3243 3853 3404 3910 tibiis
3478 3868 3719 3910 carmen

2055 3943 2412 4000 modiﬁcare.
2475 3944 2586 3999 Sed
2646 3942 2784 3999 inde
2840 3942 2948 3999 tibi
3025 3942 3235 4000 excelsi
3310 3942 3547 4000 honoris
3623 3941 3716 3998 in-

2053 4032 2221 4106 signe
2265 4032 2534 4103 accessit,
2584 4032 2740 4104 quod
2801 4031 3152 4089 universitas
3210 4031 3516 4087 hominum
3576 4032 3720 4087 con-

2053 4121 2213 4177 cordi
2244 4137 2379 4179 voce
2411 4121 2701 4179 Dunstani
2733 4126 2789 4178 te
2819 4120 3120 4178 hominem
3169 4117 3589 4190 servulumque
3620 4136 3723 4176 vo-

2054 4210 2222 4267 cavit.

2053 4310 2270 4381 Loripes
2318 4307 2534 4367 tandem
2577 4315 2783 4365 rect-um
2842 4308 3113 4362 incessum
3161 4313 3467 4378 recuperat.
3514 4306 3718 4362 Auctor

2608 4399 2731 4469 jam
2758 4396 2876 4451 visa
2914 4402 3133 4451 narrat.

2123 4497 2208 4553 10.
2245 4496 2357 4553 Sed
2390 4500 2445 4552 et
2474 4493 2619 4551 illud
2664 4509 2780 4550 non
2829 4509 3007 4564 parva
3056 4492 3303 4566 dignum
3334 4500 3423 4552 est
3453 4476 3714 4551 admiral

2048 4585 2230 4652 tione,
2261 4584 2420 4657 quod
2464 4583 2719 4655 quodam
2772 4581 3091 4637 venerabili
3143 4599 3306 4647 sene,
3338 4588 3395 4640 et
3436 4583 3495 4637 in
3544 4582 3717 4637 omni

282 4647 452 4746 δῩῙθῖν
487 4665 589 4719 Per
626 4649 1028 4746 Paviffle‘nm}
1070 4650 1349 4746 θ⁰⁰¹θδίίξῖν
1372 4654 1437 4706 υί
1458 4650 1861 4746 experirfmtur
1890 4650 1939 4706 Si
1972 4645 2018 4712 D
2051 4645 2329 4746 religione
2352 4645 2595 4743 probate
2631 4670 2915 4725 referente
2938 4645 3304 4743 agnovimus.
3337 4670 3432 4727 Ait
3452 4686 3720 4742 namque

283 4736 505 4807 absque
535 4752 729 4795 errore
776 4739 1069 4797 infantula
1114 4742 1315 4811 posset
1343 4756 1411 4794 ea
1441 4737 1739 4811 sequendo
1771 4751 1936 4794 coma-

281 4823 802 4895 prehendchuea
821 4828 1131 4886 confestim
1159 4828 1230 4883 de
1252 4827 1385 4883 sinu
1408 4827 1616 4883 matris
1637 4826 1935 4895 exsiliens,

280 4916 535 4971 rotantia
562 4934 738 4989 poma
768 4934 871 4991 per
899 4918 1159 4974 diversos
1188 4917 1487 4972 anfractus
1512 4916 1931 4983 insectabatur,

277 5002 478 5076 eisque
517 5006 899 5078 apprehensis
947 5004 1120 5062 celeri
1160 5022 1337 5061 cursu
1370 5006 1440 5061 ad
1475 5009 1721 5061 matrem
1753 5020 1933 5059 rever-

275 5091 529 5151 tebatur.
551 5097 715 5152 Tunc
733 5095 1164 5170 deprehensum
1187 5100 1276 5151 est
1307 5094 1564 5168 puellam
1598 5093 1934 5167 patentibus

274 5183 463 5241 oculis
479 5201 651 5258 posse
665 5185 986 5259 videre,qui
1007 5190 1179 5244 antea
1200 5185 1327 5243 sine
1348 5184 1573 5241 lumine
1584 5183 1933 5240 videbantur

273 5276 492 5341 patere.

858 5383 989 5441 Item
1013 5399 1152 5439 anus
1183 5399 1341 5439 cteca.

343 5479 400 5534 7.
435 5479 578 5537 Item
610 5497 758 5538 anus
789 5483 1057 5556 quazdam
1089 5481 1161 5540 ad
1194 5479 1540 5539 memoriam
1572 5478 1762 5535 sancti
1790 5494 1933 5550 pon-

274 5566 454 5624 tificis
476 5569 757 5641 perducta
776 5575 966 5643 est,ut
987 5571 1141 5643 quod
1162 5570 1220 5625 in
1237 5570 1546 5642 juventute
1576 5567 1925 5640 perdiderat,

2046 4762 2320 4819 eumdem
2352 4763 2581 4832 patrem
2602 4762 2659 4814 et
2679 4758 2986 4814 dominum
3017 4763 3284 4814 nostrum
3311 4758 3547 4813 cuidam
3578 4759 3724 4814 lori-

2044 4849 2173 4923 pedi
2225 4850 2284 4903 in
2334 4847 2561 4903 somnis
2610 4847 2974 4920 apparuisse,
3009 4851 3185 4919 atque
3234 4852 3300 4901 ut
3329 4847 3401 4902 ad
3440 4846 3718 4918 requiem

2043 4937 2303 5009 corporis
2355 4936 2445 4991 sui
2497 4937 2799 4992 sanandus
2838 4937 3061 4992 veniret
3092 4936 3455 5009 praecepisse.
3490 4936 3597 5002 Qui
3632 4939 3715 4995 ad

2040 5027 2234 5083 locum
2250 5026 2624 5093 veniens,nec
2638 5025 2963 5099 quidquam
2982 5042 3085 5099 per
3104 5025 3323 5081 multos
3344 5025 3468 5082 dies
3484 5025 3713 5082 orando

2042 5114 2253 5173 salutis
2284 5115 2608 5184 inveniens,
2642 5115 2814 5172 tmdio
2863 5116 2983 5172 sive
3034 5115 3440 5187 desperatione
3481 5115 3711 5171 fractus

2041 5205 2303 5274 recessit,
2338 5204 2545 5261 itinere
2577 5222 2693 5277 quo
2730 5210 2969 5265 venerat
3015 5205 3206 5260 redire
3251 5202 3513 5261 tentavit.
3544 5203 3713 5260 Jam-

2042 5313 2157 5370 que
2187 5295 2443 5352 mediam
2476 5311 2623 5367 pene
2662 5293 2817 5352 viam
2866 5298 3187 5368 peregerat,
3217 5310 3353 5350 cum
3383 5294 3436 5350 is
3465 5292 3564 5366 qui
3595 5292 3711 5349 du-

2041 5388 2184 5443 dum
2245 5384 2560 5441 dormienti
2619 5388 2990 5459 apparuerat,
3030 5384 3196 5441 vultu
3254 5400 3510 5452 severus,
3538 5384 3707 5439 veste

2041 5478 2287 5535 decorus
2320 5474 2591 5542 occurrit,
2635 5473 2943 5530 sciscitans
2992 5474 3148 5530 unde
3190 5473 3432 5541 veniret,
3463 5470 3551 5529 vel
3581 5488 3707 5544 quo

2040 5565 2334 5640 pergendo
2390 5563 2671 5620 tenderet.
2723 5562 3174 5635 Recuperandm,
3224 5562 3438 5634 inquit,
3485 5558 3702 5621 salutis

333 5695 459 5773 (61)
492 5694 639 5769 Ergo
670 5697 944 5785 monachi
988 5697 1164 5755 etiam
1213 5698 1352 5752 tunc
1401 5693 1621 5752 clerum
1652 5692 1920 5754 Ecclesia:
1952 5690 2390 5754 Cantuaricnsis
2422 5687 2878 5747 constituebant.
2912 5688 3055 5747 Vide
3085 5704 3249 5746 num.
3276 5688 3342 5745 16
3363 5690 3419 5745 et
3444 5687 3537 5747 21.
