3912 6366
216 392 333 452 463

733 455 768 511 1

213 631 344 671 eam
386 612 775 688 perforabant.
823 612 958 677 Qum
1010 625 1103 666 res
1162 608 1562 666 intolerabiles
1620 605 1864 679 patienti

213 702 518 775 angustias
567 700 876 756 inferebat.
925 699 1261 757 Avertimus
1317 713 1452 770 ergo
1501 695 1700 753 oculos
1751 695 1864 752 hoc

210 791 404 848 solum
436 789 700 846 dicentes
751 805 764 844 :
814 788 942 845 Non
991 805 1118 856 nos,
1153 789 1307 844 bona
1343 785 1575 855 mulier,
1609 803 1726 842 non
1758 801 1866 842 nos

211 879 352 952 quid
392 877 686 952 agendum
718 877 797 933 sit
828 877 1135 934 consulere
1163 876 1330 940 velis,
1355 877 1528 948 juxta
1556 878 1646 931 est
1676 874 1774 947 qui
1807 877 1866 930 et

210 968 317 1024 tibi
351 965 743 1037 consulere,et
765 965 896 1022 ﬁliae
918 969 1030 1022 tum
1063 965 1313 1022 salutem
1336 963 1491 1021 valet
1512 979 1823 1036 procurare
1846 979 1860 1018 :

211 1057 361 1114 solet
380 1073 634 1130 namque
655 1056 980 1113 secundum
1000 1055 1177 1112 fidem
1201 1071 1368 1111 suam
1394 1053 1672 1110 omnibus
1695 1051 1862 1109 illum

209 1147 620 1204 invocantibus
652 1145 1142 1202 subvenire.Tum
1166 1144 1269 1200 illa
1289 1143 1710 1220 comprehensa
1733 1142 1864 1198 laci—

212 1237 310 1292 nia
334 1235 516 1293 vestis
548 1235 681 1291 filim
720 1251 838 1292 suae
871 1235 1046 1292 traxit
1093 1249 1221 1290 eam
1273 1235 1344 1290 ad
1390 1233 1862 1304 locum,moxque

211 1329 334 1382 toto
359 1341 600 1398 corpore
631 1325 689 1380 in
721 1329 939 1380 terram
983 1328 1285 1397 prostrata:
1318 1324 1562 1378 aderant
1593 1327 1863 1379 sanctum

212 1416 419 1484 ambae,
455 1414 692 1472 ﬂetibus
722 1419 780 1469 et
807 1412 1130 1484 ejulatibus
1161 1412 1322 1469 illius
1360 1411 1680 1468 bonitatem
1732 1411 1862 1483 pul-

213 1508 435 1560 santes.
467 1503 539 1558 Et
591 1519 722 1559 vere
772 1501 1107 1576 pulsabant,
1141 1503 1357 1574 quibus
1387 1507 1507 1557 tam
1536 1502 1650 1557 cito
1683 1501 1862 1556 mise-

214 1592 476 1649 ricordia:
507 1591 668 1647 illius
688 1591 914 1654 viscera
931 1591 1499 1663 patebant.Necdum
1523 1591 1680 1645 enim
1702 1588 1865 1645 th-

213 1683 325 1738 bus
357 1683 602 1738 marinis
633 1681 911 1736 ﬂuctibus
941 1685 1118 1751 caput
1147 1679 1452 1747 intulerat,
1477 1685 1535 1735 et
1586 1679 1686 1735 illa
1734 1697 1862 1752 quin

211 1772 415 1827 morbo
441 1773 740 1825 contracta
771 1769 980 1839 fuerat,
1015 1768 1204 1842 ruptis
1235 1769 1399 1824 venis
1422 1768 1660 1826 brachia
1690 1769 1864 1826 extol-

209 1861 384 1930 lebat,
407 1875 692 1957 manuum
720 1857 1005 1957 articulos
1035 1874 1243 1916 omnes
1270 1858 1702 1928 extendebat,ct
1732 1875 1860 1931 quae
1892 1889 1942 1957 Β

209 1951 282 2006 ab
314 1950 484 2006 annis
507 1947 832 2020 puerilibus
854 1947 1071 2021 digitos
1102 1963 1334 2006 movere
1364 1965 1480 2004 non
1515 1953 1864 2030 poterat,ex-

209 2039 403 2112 pedite
427 2041 552 2112 jam
585 2038 786 2094 omnia
814 2038 1440 2110 eontrectabat.ltaque
1473 2038 1858 2106 occurrimus,

151 2165 158 2176 ι
209 2119 486 2198 vidimus,
539 2127 828 2197 ﬂevimus,
879 2131 938 2184 et
988 2127 1140 2184 facto
1189 2143 1362 2185 mane
1420 2143 1554 2184 cum
1604 2127 1859 2185 exsulta-

209 2220 368 2275 tione
397 2218 580 2274 totius
611 2216 775 2273 urbis
805 2217 1121 2274 Dominum
1155 2215 1338 2274 Deum
1370 2216 1862 2290 nostrum'Jauda-

207 2309 423 2367 vimus.

757 2397 1071 2453 Contractus
1100 2405 1324 2454 erectus.

286 2487 752 2562 13.Epheborum
785 2486 1001 2559 aliquis
1031 2501 1208 2559 prope
1255 2485 1552 2542 civitatem
1587 2487 1862 2543 manebat

213 2579 296 2634 ita
329 2594 364 2636 a
395 2594 574 2650 puero
607 2575 1044 2645 debilitatus,ut
1067 2592 1102 2631 a
1131 2574 1350 2632 lumbis
1375 2591 1440 2632 ac
1461 2575 1736 2634 deorsum
1760 2592 1863 2648 per

211 2673 400 2724 totum
429 2669 734 2723 emortuus
764 2665 994 2724 duobus
1025 2663 1230 2763 bacilnis
1258 2663 1625 2763 inniteretur,
1677 2666 1862 2723 totius

211 2757 470 2829 corporis
503 2761 636 2828 post
665 2771 727 2812 se
758 2755 998 2812 trahens
1030 2753 1426 2810 medietatem.
1448 2753 1549 2809 Hic
1581 2770 1648 2812 ea
1680 2755 1772 2812 die
1800 2754 1861 2811 in

210 2865 327 2920 qua
358 2845 539 2902 Filius
569 2843 672 2902 Dei
701 2847 1008 2914 assumpta
1037 2857 1212 2899 carne
1259 2841 1536 2914 dignatus
1567 2847 1656 2899 est
1687 2843 1857 2914 mori,

208 2937 338 3006 ejus
365 2933 686 2990 Ecclesiam
715 2931 1040 3006 ingressus,
1073 2928 1350 2987 vexillum
1380 2929 1591 3002 crucis,
1633 2931 1694 2988 in
1745 2948 1864 3004 qua

211 3025 468 3081 moriens
516 3027 767 3079 mortem
816 3025 1080 3076 nostram
1127 3019 1436 3088 destruxit,
1469 3037 1606 3076 cum
1655 3027 1863 3078 cratera

211 3113 592 3170 multitudine
621 3111 921 3177 adorabat,
953 3113 1011 3166 et
1039 3108 1250 3164 futuris
1281 3109 1619 3165 festivitatis
1648 3111 1864 3184 gaudia

202 3208 376 3278 juxta
432 3219 646 3274 corpus
690 3197 1002 3256 venerandi
1052 3198 1240 3255 Patris
1297 3198 1585 3254 Dunstani
1617 3216 1862 3256 manens

211 3290 965 3366 exspectabat.Adveniente
987 3292 1182 3343 autem
1207 3287 1352 3344 hora
1369 3287 1426 3342 in
1447 3305 1564 3360 qua
1578 3287 1866 3346 Dominus

212 3391 412 3440 noster
431 3381 606 3437 Jesus
627 3379 897 3435 Christus
919 3377 1284 3450 triumphato
1305 3376 1538 3434 diabolo
1560 3394 1595 3433 a
1614 3379 1864 3436 mortuis

211 3471 601 3530 rosuri-exisse
632 3469 908 3537 creditur,
941 3467 1165 3523 clamor
1195 3467 1252 3522 in
1285 3465 1534 3528 ecclesia
1561 3467 1753 3525 factus
1775 3473 1865 3526 est

219 3579 470 3635 magnus
493 3557 862 3616 tumultuans
893 3556 1323 3614 adolescentem
1355 3561 1580 3614 rectum
1602 3562 1725 3614 tota
1745 3575 1866 3614 cor-

217 3669 354 3726 pore
411 3655 586 3719 stare,
622 3649 723 3721 qui
776 3646 983 3703 multis
1035 3647 1207 3702 annis
1258 3645 1559 3702 inferiores
1603 3646 1864 3719 corporis

215 3747 408 3816 partes
439 3744 573 3814 post
603 3755 666 3794 se
695 3741 1074 3794 consueverat
1117 3735 1366 3792 trahere.
1399 3736 1561 3802 Quod
1593 3736 1862 3808 quamvis

213 3831 406 3888 clerus
433 3829 674 3898 sciebat,
709 3826 996 3900 patienter
1030 3829 1228 3883 tamen
1273 3823 1450 3882 simul
1496 3828 1555 3881 et
1600 3823 1864 3882 lmtanter

211 3920 352 3978 solis
383 3923 578 3976 ortum
608 3917 1004 3992 exspectabat.
1057 3915 1226 3973 Mane
1263 3929 1396 3972 vero
1427 3913 1742 3971 Dominicis
1772 3931 1860 3970 ro-

211 4007 590 4067 surrectionis
633 4007 904 4066 convenit
929 4005 1164 4063 infinita
1207 4003 1392 4061 totius
1439 4003 1604 4060 urbis
1653 4002 1860 4060 multi-

212 4101 352 4158 tudo
382 4099 444 4156 in
473 4097 800 4167 ecclesiam,
831 4097 1026 4152 videre
1057 4094 1200 4168 quid
1231 4093 1291 4148 in
1321 4091 1621 4148 hominem
1664 4092 1862 4150 divina

209 4189 470 4262 potentia
500 4190 739 4262 Operata
769 4185 998 4254 fuisset,
1048 4199 1222 4257 quem
1277 4186 1450 4239 antea
1497 4180 1555 4236 in
1610 4181 1856 4238 infirmi-

210 4283 328 4335 tate
359 4279 505 4335 bene
537 4275 839 4350 cognitum
887 4274 1254 4342 libuissent.
1301 4269 1588 4327 Viderunt
1635 4271 1852 4344 itaque,

209 4373 266 4426 et
310 4369 427 4426 Deo
479 4367 726 4441 gloriam
772 4366 1060 4421 dederunt
1110 4360 1434 4418 clamantes
1475 4359 1627 4416 bono
1660 4360 1854 4418 Domi-

209 4475 283 4514 no
313 4457 685 4514 Dunstanum
718 4455 778 4510 in
813 4453 934 4510 vita
965 4451 1233 4517 servisse,
1285 4449 1378 4506 cui
1427 4453 1559 4522 post
1605 4456 1853 4508 mortem

206 4564 322 4603 non
373 4545 566 4603 solum
607 4543 855 4616 contigit
893 4543 1104 4598 beatus
1151 4537 1374 4606 vivere,
1423 4553 1626 4594 verum
1677 4541 1852 4598 etiam

1200 389 1262 448 S.
1309 385 1783 452 DUNSTANUS
1827 383 2190 447 ARCHIEP.
2237 386 2632 448 CANTUAR.

216 541 348 581 sum
381 512 792 593 curvabanﬂir,
847 538 972 596 quae
1021 524 1078 578 in
1128 520 1260 578 vola
1298 523 1533 577 conﬁxa:
1566 517 1867 591 unguibus
1894 515 1953 584 Α

3516 390 3645 450 464

2049 563 2278 621 Novitiis
2308 582 2464 638 prmia
2496 567 2740 622 remissa.
2757 565 2938 638 Pagan
2950 567 2970 622 ι’
2989 566 3217 622 cadaver
3243 583 3314 624 ex
3339 565 3566 630 ecclesia.

2569 656 2773 729 pvojiei
2792 655 3038 728 jubetur.

2050 791 2134 844 15.
2169 789 2432 855 Quadam
2462 789 2639 846 etiam
2671 789 2766 846 die
2799 789 2908 863 (63)
2941 791 3083 847 dum
3137 790 3272 863 plus
3303 791 3477 848 solito
3509 807 3639 848 ma-

1975 877 2293 950 gistrorum
2329 879 2490 934 furor
2519 879 2579 934 in
2610 893 2824 952 pueros
2853 877 3172 950 desaeviret,
3209 897 3316 936 nec
3365 896 3501 953 spes
3543 879 3643 936 in-

1975 967 2350 1024 tercessionis
2383 969 2616 1042 uspiam
2650 967 2772 1025 ulla
2804 973 3166 1042 suppeteret,
3200 969 3311 1026 hoc
3359 986 3546 1026 unum
3579 975 3641 1026 et.

1975 1056 2166 1112 solum
2197 1075 2505 1131 superesse
2536 1058 2864 1116 remedium
2896 1059 3296 1130 crediderunt,
3320 1063 3387 1116 ut
3416 1061 3488 1115 ad
3519 1076 3641 1117 me-

1975 1147 2222 1203 moriam
2246 1147 2574 1204 dulcissimi
2599 1147 2788 1206 Patris
2810 1147 3102 1204 Dunstani
3124 1149 3467 1222 confugium
3490 1149 3639 1206 face-

1975 1236 2300 1306 rent,i1lum
2331 1253 2444 1310 que
2471 1255 2586 1294 non
2613 1237 3410 1311 tamintercessorem,quam
3425 1239 3634 1294 adver-

1975 1326 2351 1400 susimpietat
2365 1329 2409 1383 is
2426 1327 2566 1384 mini
2575 1331 2727 1384 stros
2741 1328 3106 1384 defensorem
3122 1329 3637 1386 exhiberent..Con-

1974 1417 2168 1470 ferunt
2199 1417 2396 1488 itaque
2427 1434 2490 1472 se
2521 1433 2755 1472 summo
2788 1417 3047 1472 diluculo
3078 1417 3150 1472 ad
3185 1416 3374 1485 illum,
3428 1417 3635 1474 multis

1973 1505 2247 1578 lacrymis
2298 1507 2430 1576 ejus
2459 1505 2834 1560 clementiam
2869 1505 3256 1579 postulantes,
3288 1507 3634 1562 sedentibus

1974 1611 2078 1667 per
2106 1593 2334 1651 diversa
2366 1593 2494 1650 loca
2524 1595 2970 1668 magistris,qua
2990 1596 3280 1651 transitus
3314 1613 3632 1666 puerorum

1974 1700 2102 1740 esse
2133 1683 2390 1758 deberet,
2413 1685 2753 1758 exitumque
2784 1685 3020 1741 illorum
3053 1685 3123 1740 de
3153 1685 3399 1740 ecclesia
3428 1684 3636 1740 multi-

1973 1771 2108 1846 plici
2140 1772 2447 1848 diligentia
2479 1774 2914 1847 aucupantibus
2929 1791 2941 1830 :
2959 1779 3014 1830 et
3027 1791 3158 1830 ecce
3172 1775 3636 1848 lacrymantibus

1973 1861 2089 1918 illis
2119 1863 2392 1936 apparuit
2411 1863 2540 1936 pios
2558 1863 2756 1939 vultus
2785 1878 2997 1938 gerens
3029 1864 3162 1937 pius
3193 1863 3362 1922 Pater
3382 1864 3636 1921 Dunsta-

1973 1967 2086 2008 nus
2115 1955 2478 2026 tangensque
2507 1952 2674 2025 virga
2701 1943 2882 2026 quam
2915 1969 3098 2010 manu
3142 1953 3415 2026 gestabat
3443 1970 3632 2010 unum

1969 2039 2205 2098 illorum
2241 2040 2460 2114 apertis
2510 2041 2700 2098 oculis
2749 2041 3046 2099 videntem
3095 2043 3196 2098 sed
3249 2041 3520 2100 movendi
3569 2058 3635 2100 se

1971 2128 2211 2187 omnino
2241 2129 2739 2202 impotentem,ita
2767 2131 3016 2188 adorsus
3038 2136 3129 2188 est
3157 2131 3287 2188 fari.
3318 2130 3452 2189 Jam
3484 2131 3636 2188 desi-

1971 2226 2100 2276 tum
2131 2219 2231 2291 sit,
2265 2219 2496 2290 pueri,a
2527 2219 2976 2292 ﬂetu,quoniam
3010 2218 3238 2276 nullum
3268 2219 3436 2277 vobis
3458 2220 3634 2278 hodie

1973 2307 2287 2366 molestum
2302 2325 2428 2365 esse
2449 2308 2748 2382 permitto.
2769 2309 2992 2366 Idcirco
3012 2311 3169 2367 enim
3187 2309 3316 2366 veni
3341 2310 3628 2368 invitatus

1973 2397 2290 2472 lachrymis
2313 2395 2534 2454 doloris
2559 2397 2912 2467 vestri.Ecee,.
2932 2415 3086 2456 nunc
3109 2398 3289 2468 ibo,et
3311 2397 3631 2474 magistros

1971 2503 2274 2562 egressum
2300 2491 2562 2544 vestrum
2603 2485 2973 2560 explorantes
3022 2488 3372 2562 gravissimo
3422 2505 3632 2546 somno

1973 2577 2279 2651 superabo.
2314 2577 2402 2634 Tu
2430 2593 2564 2634 vero
2594 2593 2742 2650 puer
2785 2577 2885 2650 qui
2936 2593 3030 2634 me
3071 2576 3408 2650 loquentem
3437 2579 3632 2636 cernis

1971 2672 2030 2724 et
2058 2666 2388 2736 audis,cum
2409 2682 2512 2722 vos
2533 2682 2664 2723 meo
2685 2681 2928 2722 munere
2953 2665 3232 2722 liberatos
3259 2681 3388 2723 esse
3407 2683 3629 2741 cogno-

1971 2755 2144 2829 veris,
2177 2757 2236 2812 in
2293 2755 2402 2812 hoc
2462 2755 2608 2812 mihi
2655 2755 2906 2829 gratiam
2965 2753 3297 2827 praestabis,
3341 2755 3393 2811 si
3442 2755 3628 2828 hujus

1973 2845 2230 2902 ecclesiis
2261 2843 2570 2918 praeposito
2609 2861 2680 2901 ex
2726 2861 2855 2902 meo
2915 2845 3154 2902 nomine
3203 2845 3528 2918 principias,
3563 2851 3631 2904 ut

1971 2935 2270 2991 initiatum
2326 2932 2685 2990 infantulum
2740 2934 2920 3004 hunc,
2974 2935 3074 3007 qui
3109 2935 3282 3006 juxta
3319 2950 3414 2991 me
3441 2952 3633 3008 nuper

1971 3024 2243 3082 conditus
2274 3028 2384 3092 est,
2419 3022 2610 3080 ﬁlium
2643 3023 2878 3080 comitis
2907 3022 3143 3080 Haroldi
3177 3023 3288 3096 (64)
3320 3023 3476 3080 foras
3501 3041 3634 3098 pro-

1963 3113 2070 3186 jici
2107 3113 2302 3169 faciat.
2337 3111 2621 3168 Indecens
2651 3129 2909 3185 namque
2937 3111 3104 3168 valde
3133 3116 3246 3179 est,
3279 3117 3346 3168 ut
3393 3111 3473 3168 ibi
3527 3127 3630 3186 pa-

1971 3219 2258 3276 ganorum
2289 3217 2532 3272 corpora
2561 3201 2942 3273 sepeliantur,
2977 3201 3076 3256 ubi
3125 3200 3324 3257 divina
3367 3201 3630 3274 quotidie

1893 3265 1936 3333 C
1971 3265 2254 3365 :nysteria
2283 3265 2672 3345 celebrantur.
2705 3291 2868 3356 Quod
2982 3291 3107 3362 ipse
3165 3297 3267 3346 aut
3317 3265 3477 3348 metu
3525 3297 3630 3348 aut

1970 3380 2380 3437 incredulitate
2409 3383 2764 3452 praeceptum
2798 3396 2994 3435 meum
3027 3379 3365 3452 neglexerit,
3399 3380 3630 3436 noverit

1972 3471 2034 3526 in
2064 3469 2172 3526 hac
2187 3467 2594 3524 ccclesianihil
2611 3485 2955 3541 prosperum
2990 3485 3625 3542 processurum,quan-

1973 3558 2075 3614 diu
2104 3558 2214 3614 hoc
2246 3575 2444 3613 meum
2477 3562 2830 3631 praeceptum
2862 3575 3034 3630 opere
3066 3576 3184 3614 non
3215 3556 3390 3618 fuerit
3420 3557 3624 3630 implo-

1972 3653 2122 3704 tum.
2156 3649 2285 3704 Hzec
2317 3648 2518 3702 dicens
2565 3647 2832 3720 sepulcro
2879 3653 3150 3721 receptus
3181 3652 3287 3704 est.
3323 3649 3380 3702 Is
3426 3651 3624 3704 autem

1971 3738 2074 3811 qui
2104 3738 2226 3794 hinc
2255 3737 2498 3804 videret,
2531 3740 2660 3792 tum
2690 3737 2930 3809 quidem
2951 3753 3282 3810 puer,nunc
3312 3753 3446 3794 vero
3469 3753 3626 3792 reve-

1972 3827 2164 3884 rendae
2196 3827 2385 3882 aetatis
2415 3825 2856 3900 sonior,quiquo
2891 3831 2956 3882 ut
2987 3826 3101 3883 ista
3129 3825 3365 3884 sublato
3387 3826 3627 3886 nomine

1970 3917 2130 3974 illius
2160 3915 2580 3983 scriberentur,
2612 3915 2860 3974 sollicite
2903 3932 3010 3972 nos
3064 3915 3392 3984 admonuit,
3424 3916 3626 3972 statim

1969 4007 2062 4065 sui
2095 4022 2333 4080 compos
2363 4004 2830 4073 eﬁ‘ectus,innuit
2861 4004 3164 4062 sodalibus
3195 4005 3396 4062 dicens
3430 4004 3624 4062 :Num

1971 4098 2200 4154 Patrem
2241 4095 2614 4151 Dunstanum
2661 4094 2942 4151 vidistis?
3001 4110 3144 4151 num
3204 4094 3344 4166 quid
3391 4093 3624 4150 locutus

1967 4187 2144 4244 fuerit
2173 4183 2459 4242 audistis?
2489 4182 2873 4256 Narravitque
2903 4184 3146 4240 omnnia
3183 4181 3466 4250 seriatim,
3499 4181 3624 4238 hinc

1965 4276 2241 4350 inquiens
2301 4291 2314 4329 :
2365 4273 2494 4329 Hcce
2552 4277 2610 4329 et
2664 4271 2786 4328 haec
2846 4272 3074 4330 locutus
3131 4279 3242 4330 est.
3303 4273 3624 4346 Surgentes

1965 4383 2100 4442 ergo
2160 4362 2325 4437 pueri
2384 4368 2448 4420 ut
2505 4362 2792 4418 intrarent
2851 4361 3094 4418 domum
3167 4361 3433 4436 martyrii
3488 4362 3620 4435 (65),

1963 4457 2328 4514 transierunt
2369 4457 2501 4510 ante
2550 4451 2772 4524 primos
2824 4451 3161 4523 magistros,
3219 4451 3622 4520 dormierunt;

1964 4545 2326 4604 transierunt
2347 4547 2481 4599 ante
2503 4540 3188 4608 secundos,dormierunt
3211 4558 3222 4609 ;
3257 4540 3624 4597 transierunt

205 4635 622 4694 beneficiorum
687 4647 932 4688 suorum
998 4627 1248 4702 gratiam
1317 4627 1658 4684 hominibus
1714 4647 1852 4704 prae-

2021 4643 2097 4693 ite
2128 4633 2331 4692 tertios
2356 4636 2414 4688 et
2435 4634 2698 4702 quartos,
2723 4628 3254 4684 dormierunt.Post
3284 4628 3460 4701 paulo
3486 4644 3624 4685 vero

204 4732 379 4784 stare.

787 4809 930 4866 Alia
957 4807 1263 4867 miracula.

272 4907 359 4964 Ui.
396 4906 645 4963 Puerum
688 4915 921 4972 quoque
966 4898 1244 4955 omnibus
1291 4896 1574 4954 membris
1618 4904 1848 4956 contra-

200 5000 362 5052 ctum
390 5009 493 5068 per
518 4989 792 5048 eumdem
824 4989 924 5046 Dei
956 4993 1227 5046 sanctum
1255 4986 1512 5042 vidimus
1551 4993 1846 5046 sanatum.

275 5121 384 5196 (Q2)
405 5117 699 5196 ‘Osber'tus
732 5131 760 5196 εΔ
784 5137 812 5167 ‹‹
841 5113 1278 5196 Instabathdies‘
1325 5113 1482 5196 festa.
1515 5111 1849 5196 Nativitatis

203 5182 438 5247 Cliris’ti.
459 5185 638 5260 Moris
669 5192 866 5244 autem
889 5187 1218 5260 antiquitus
1251 5185 1439 5239 fuerat
1468 5182 1526 5238 in
1562 5189 1850 5260 monaste-

203 5264 289 5346 rio
340 5263 490 5346 ipso,
542 5259 892 5346 quip'todie
945 5254 1080 5316 ante
1125 5259 1340 5346 festum
1393 5254 1847 5346 pucroshquiin

201 5325 419 5391 scholis
476 5325 586 5404 aut}
637 5330 949 5404 disciplina
990 5325 1428 5404 exercebantur,
1471 5325 1743 5404 gravibus
1792 5331 1850 5404 et

199 5402 608 5477 immoderatis
637 5397 977 5477 verberibus
1007 5400 1283 5477 cruciari:
1304 5399 1402 5477 qui
1427 5397 1722 5477 cruciatus
1746 5397 1850 5477 ini-

200 5476 348 5533 seris
380 5493 497 5533 non
528 5491 632 5548 pro
664 5473 999 5534 commissis
1030 5471 1238 5545 culpis,
1273 5470 1374 5527 sed
1408 5487 1511 5543 pro
1545 5486 1657 5526 usu
1701 5470 1847 5539 infe-

201 5550 464 5618 rebatur,
498 5570 527 5599 »
563 5549 674 5618 etc.

269 5622 384 5694 (64)
416 5611 704 5694 Haroldus
730 5616 840 5672 iste
871 5615 1167 5694 Danorum
1201 5631 1303 5694 reir
1327 5611 1468 5694 fuit,
1482 5613 1662 5694 cujus
1692 5611 1850 5694 filius

200 5683 393 5766 ﬁniens
421 5709 524 5766 seu
555 5692 830 5766 Suennus
882 5687 941 5766 i_n
980 5686 1264 5766 Angliam.
1290 5683 1520 5766 irrupit,
1570 5683 1851 5766 regnante

197 5764 508 5828 Etlielredo
539 5781 640 5820 seu
670 5759 973 5829 Adelredo,
1023 5755 1124 5818 ubi
1177 5781 1204 5808 ι(
1251 5757 1404 5812 inter
1449 5755 1577 5824 pios
1629 5755 1849 5827 impius

1961 4725 2322 4798 evigilantes,
2355 4724 2414 4776 et
2442 4717 2666 4773 derisos
2699 4733 2759 4770 se
2783 4715 3038 4787 graviter
3067 4715 3352 4786 dolentes,
3375 4717 3527 4773 versi
3561 4716 3623 4772 in

1959 4816 2213 4871 furorem
2249 4811 2518 4864 statuunt
2570 4803 2954 4859 szsvissiniam
2987 4804 3161 4858 tertia
3202 4803 3314 4858 diei
3372 4803 3519 4859 hora
3548 4803 3624 4861 de

1959 4903 2158 4976 pueris
2188 4897 2469 4954 ultionem
2504 4908 2920 4963 sumere,quos
2953 4896 3292 4964 protegente
3315 4891 3623 4950 Dunstano

1959 5006 2129 5048 mane
2160 5004 2271 5043 non
2303 4985 2621 5058 potuerunt
2651 4981 3182 5055 contingere.Talis
3207 4981 3367 5037 enim
3398 4999 3528 5038 mos
3561 4983 3622 5038 in

1957 5115 2059 5171 diu
2092 5115 2488 5178 conversatus,
2525 5112 2712 5164 morte
2761 5107 2930 5166 tarda
2979 5106 3352 5180 deprimitur,
3401 5107 3621 5164 ibidem

1957 5185 2370 5258 sepelitur,»ex
2390 5181 2642 5258 D_i_tma_ri_
2654 5180 2866 5258 lib.vu,
2889 5197 3021 5258 pag.
3037 5181 3320 5258 94.ld_em,
3357 5180 3617 5258 pagL‘DS,

1957 5249 2401 5323 commemorat,
2434 5253 2754 5323 Haraldum
2793 5257 2849 5308 et
2890 5249 3152 5309 Cautum
3185 5249 3620 5323 Sueonis'filios

1959 5347 2113 5388 anno
2145 5331 2284 5386 1046
2303 5322 2495 5384 denuo
2523 5325 2584 5380 in
2613 5322 2886 5396 Angliam
2919 5323 3350 5396 expeditionem
3381 5322 3616 5396 fecisse,

1959 5402 2030 5476 de
2061 5419 2178 5476 qua
2207 5397 2661 5476 intelligendum
2690 5393 3362 5476 Dunstapi—vaticinium
3409 5393 3470 5450 in
3495 5394 3618 5476 fine

1957 5465 2353 5546 Yitzé,supra.
2391 5465 2692 5546 Ditmarus
2738 5472 2872 5546 post
2919 5467 3040 5523 haec
3091 5466 3276 5546 Elljegi
3323 5465 3617 5546 Dunstani

1959 5536 2187 5619 quarti_
2213 5536 2571 5619 successoris
2620 5536 2970 5619 martyrium
3012 5536 3621 5619 ‘rel'ertfguod‘Dun-

1959 5608 2130 5674 stano
2163 5615 2308 5671 falso
2342 5614 2530 5670 relatu
2562 5615 2665 5667 aut
2693 5608 2980 5666 memoria
3012 5609 3216 5682 lapsus
3248 5608 3478 5682 tribuit.

2029 5690 2142 5761 (63)
2176 5685 2433 5761 Martivrii
2470 5684 2591 5738 haec
2623 5682 2832 5761 domus
2863 5699 2931 5737 ea
2963 5680 3096 5761 sine
3122 5680 3302 5761 dubio
3347 5683 3610 5754 vocatur,

1959 5759 2019 5816 in
2039 5753 2169 5834 qua
2197 5753 2364 5835 pueri
2394 5771 2497 5830 pro
2531 5753 2740 5814 erratis
2771 5771 2974 5828 poenas
3005 5754 3244 5813 dabant.
