3912 6354
246 412 370 472 465

1750 409 2179 474 MIRACULA.

3552 417 3672 479 466

246 545 513 603 Ecclesia
543 549 682 602 tunc
700 546 983 620 temporis
1006 550 1147 614 erat,
1171 550 1399 620 utquos
1418 546 1609 620 prima
1630 545 1743 601 dici
1767 545 1909 601 hora
1937 546 1995 613 Α
2027 546 2204 617 tibus,
2223 544 2435 619 irrupit
2454 546 2513 602 in
2546 546 2851 603 ecclesiam
2882 548 3062 604 abbas
3089 549 3340 621 stipatus
3366 552 3671 622 parentum

246 635 385 694 sine
396 636 654 692 vindicta
672 641 1053 704 servaret,eos
1073 638 1216 694 hora
1235 637 1404 693 tertia
1424 638 1630 693 durius
1655 636 1907 708 puniret.

244 727 364 785 Sed
397 726 761 791 Dunstanus,
799 743 1029 797 semper
1057 730 1115 781 et
1145 726 1362 799 ubique
1387 726 1595 794 tidelis,
1615 727 1692 780 ita
1716 726 1912 798 pra‘fa-

244 820 342 872 tos
372 816 576 873 eadem
603 816 745 871 hora
764 834 795 871 a
814 832 874 870 se
894 818 1209 886 magistros
1241 815 1457 883 divisit,
1476 822 1539 871 ut
1557 834 1668 870 non
1697 822 1815 870 tam
1841 815 1910 871 de

244 920 570 979 puerorum
587 902 826 985 lmsione
849 905 1123 977 cogitare,
1140 921 1316 977 quam
1338 904 1407 959 de
1429 922 1534 960 sua
1556 905 1760 959 liberet
1779 920 1911 959 con-

246 996 481 1052 fusione
513 998 781 1051 tractare.
820 996 903 1051 Ita
935 994 1097 1068 pueri
1117 994 1441 1068 periculum
1468 996 1579 1051 diei
1606 996 1763 1050 illius
1786 1012 1910 1049 eva~

246 1101 397 1152 sere,
433 1089 606 1156 atque
639 1085 697 1139 in
722 1086 978 1139 crastino
1000 1084 1228 1157 vigilias
1252 1085 1562 1140 Dominicce
1588 1085 1909 1140 nativitatis

246 1174 529 1249 gaudenti
564 1175 762 1231 animo
798 1176 1013 1231 videre.
1047 1178 1119 1230 At
1150 1176 1200 1230 is
1232 1174 1332 1247 qui
1380 1176 1667 1245 legatione
1722 1176 1905 1230 Patris

245 1262 627 1335 fungebatur,
660 1278 787 1333 qum
822 1262 1088 1323 audierat
1121 1264 1427 1336 praeposito
1460 1263 1707 1319 ﬁdeliter
1755 1282 1905 1318 nun-

246 1351 566 1420 tiabat,sed
581 1350 677 1407 ille
693 1351 912 1406 inﬁdeli
928 1358 1122 1407 mente
1142 1353 1408 1408 nuntiata
1427 1354 1902 1425 parvipendebat.

243 1443 327 1498 Ea
358 1458 419 1499 re
444 1440 682 1514 neglecta
715 1442 847 1514 quid
894 1450 1154 1497 secutum.
1188 1441 1245 1497 S.
1278 1444 1548 1498 Dunstani
1595 1444 1900 1499 translatio.

324 1531 683 1598 16..Quoties
715 1532 893 1587 etiam
926 1532 983 1586 in
1018 1536 1304 1588 nocturna
1348 1531 1570 1589 visione
1616 1533 1775 1588 visus
1816 1540 1905 1588 est

243 1620 530 1679 fratribus
553 1620 622 1675 de
644 1620 889 1676 ecclesia
910 1623 1062 1676 exire
1080 1622 1107 1676 ?
1130 1624 1309 1688 Quem
1337 1638 1468 1677 cum
1492 1625 1798 1678 exeuntem
1823 1639 1905 1677 re-

241 1711 433 1768 tinere
462 1710 713 1766 vellent:
739 1711 863 1766 Non
896 1710 1473 1782 possnm,iuquit,ibi
1509 1728 1741 1767 manere
1766 1730 1902 1783 pro-

240 1803 374 1873 pter
402 1798 665 1854 {tutorem
699 1798 911 1870 pagani
937 1798 1097 1869 pueri
1121 1798 1256 1854 licet
1279 1798 1491 1854 initiati
1513 1799 1570 1853 in
1595 1800 1701 1854 hac
1727 1799 1903 1854 cccle-

240 1887 332 1944 sia
364 1884 598 1960 sepulLi.
627 1887 742 1942 Nec
775 1885 960 1942 multo
993 1890 1123 1958 post
1154 1887 1399 1943 ecclesia
1432 1888 1746 1944 Salvatoris
1780 1887 1897 1960 igni

237 1976 554 2033 combusta
575 1979 682 2042 est,
704 1974 955 2047 parietes
989 1974 1457 2043 ceciderunt,nec
1484 1977 1807 2049 quidquam
1832 1995 1899 2034 ex

239 2064 520 2123 omnibus
543 2063 883 2121 monasterii
906 2064 1161 2120 officinis
1193 2065 1634 2122 incombustum
1670 2082 1901 2123 reman-

234 2152 933 2226 sit,pr(eterduasdomos
947 2151 1070 2208 sine
1085 2154 1300 2225 quibus
1315 2156 1584 2210 monachi
1600 2171 1900 2212 remanere

233 2258 354 2299 non
382 2243 647 2316 possent,
679 2241 1093 2298 dormitorium
1144 2242 1370 2299 scilicet
1413 2248 1468 2299 et
1502 2245 1893 2311 rei‘ectorium,

231 2334 582 2403 tantamque
611 2329 852 2386 claustri
889 2335 1114 2403 partem
1146 2333 1256 2388 sub
1289 2337 1509 2405 quanta
1541 2334 1762 2406 absque
1795 2335 1898 2390 im-

204 2409 432 2478 brium
465 2419 759 2476 infusionc
791 2421 863 2475 ab
891 2437 1010 2476 una
1039 2420 1212 2477 domo
1239 2421 1299 2476 in
1333 2421 1510 2477 aliam
1544 2428 1781 2494 possent
1805 2424 1896 2479 in-

230 2510 433 2567 troire.
468 2509 551 2565 Ex
577 2524 693 2581 quo
725 2510 870 2566 satis
900 2510 1094 2564 videre
1127 2509 1255 2578 fuit,
1281 2514 1565 2582 quantam
1588 2512 1771 2567 nostri
1796 2530 1894 2568 cu-

233 2616 361 2655 ram
396 2599 568 2654 Pater
587 2598 929 2655 Dunstanus
952 2598 1243 2655 habuerit.
1273 2598 1384 2655 Sed
1408 2600 1618 2656 horum
1643 2601 1812 2656 ruina
1836 2602 1893 2656 in

235 2687 454 2745 melius
482 2692 846 2744 commutata
874 2691 963 2743 est
983 2686 1248 2744 veniente
1270 2690 1584 2744 venerabili
1607 2690 1727 2745 viro
1754 2692 1892 2746 Lan-

239 2778 440 2833 franco
473 2776 584 2850 (66)
637 2776 1095 2850 archiepiscopo,
1129 2781 1186 2833 et
1228 2777 1494 2833 omnium
1544 2780 1643 2851 qui
1694 2787 1894 2835 nostra

236 2869 405 2922 etate
436 2867 498 2921 in
521 2868 677 2922 terra
708 2867 944 2924 fuerunt
975 2866 1348 2921 sanctissimo
1372 2867 1547 2922 simul
1574 2883 1637 2924 ac
1662 2868 1890 2941 sapien-

236 2953 493 3011 tissimo.
527 2953 657 3023 Qui,
691 2970 826 3011 cum
860 2954 1243 3011 fundamenta
1282 2959 1686 3013 construendae
1735 2974 1891 3013 novae

233 3042 495 3103 ecclesia:
526 3059 740 3117 ponere
770 3042 1180 3119 vellethneque
1210 3044 1319 3101 hoc
1368 3045 1588 3118 absque
1638 3047 1889 3102 transla-

227 3134 395 3190 tione
426 3147 735 3206 corporum
781 3133 935 3188 infra
980 3131 1267 3191 ambitum
1318 3134 1583 3205 ejusdem
1635 3134 1888 3191 ecclesia:

230 3220 669 3296 quiescentium
700 3220 888 3277 facere
918 3224 1135 3293 posset,
1169 3220 1379 3277 indixit
1400 3222 1696 3295 jejunium
1728 3224 1887 3279 omni

229 3309 479 3385 populo,
511 3313 809 3383 quatenus
833 3314 1170 3367 sanctorum
1198 3309 1471 3367 voluntas
1502 3312 1686 3380 ﬁeret,
1714 3316 1779 3368 ut
1798 3329 1887 3368 eo-

228 3416 367 3457 rum
400 3414 650 3474 corpora
680 3399 752 3455 ad
787 3398 902 3455 alia
931 3398 1057 3455 loca
1103 3399 1408 3457 transferri
1455 3401 1750 3457 deberent.
1784 3401 1887 3459 Die

225 3506 367 3546 vero
398 3488 538 3545 huic
567 3484 800 3561 negotio
828 3488 1165 3557 constituto,
1199 3490 1398 3545 orante
1438 3490 1598 3546 omni
1649 3489 1886 3563 populo,

228 3578 389 3636 clero
421 3576 607 3634 cereis
637 3582 695 3634 et
717 3577 1395 3650 aromatibus,omnique
1418 3595 1625 3652 genere
1652 3579 1889 3652 gaudio—

226 3684 365 3725 rum
397 3670 757 3733 occurrente,
794 3670 1146 3739 paraverunt
1189 3683 1252 3723 se
1282 3669 1634 3739 sacerdotes,
1670 3674 1735 3724 ut
1761 3669 1886 3726 the-

228 3774 363 3815 cam
398 3756 586 3813 sancti
620 3757 809 3812 Patris
842 3756 1129 3812 Dunstani
1173 3757 1393 3828 absque
1438 3756 1890 3814 contrectatione

226 3845 495 3920 corporis
544 3844 706 3902 illius
736 3863 765 3901 e
793 3847 947 3901 terra
995 3846 1273 3909 levarent,
1301 3850 1357 3901 et
1386 3848 1456 3902 ad
1510 3846 1702 3902 locum
1753 3863 1887 3902 cum

226 3935 396 3993 omni
414 3933 719 4007 diligentia
741 3939 1133 4007 praeparatum
1156 3934 1655 4002 defcrrenLQuam
1677 3953 1811 3991 cum
1832 3937 1889 3991 in

226 4024 502 4082 humeris
518 4024 899 4095 accepissent,
917 4023 1244 4078 retinetura
1257 4024 1610 4095 quibusdam
1633 4025 1889 4081 ecclesiae

227 4112 547 4180 miitibus,
580 4111 680 4185 qui
712 4128 917 4185 pacem
952 4112 1108 4182 regis
1128 4111 1420 4167 Willermi
1443 4131 1630 4186 nuper
1652 4115 1890 4186 infrege-

228 4205 391 4268 rant,
425 4201 635 4258 occisis
669 4200 898 4257 duobus
930 4192 1249 4272 equitibus,
1284 4202 1595 4272 nepotibus
1625 4202 1893 4258 videlicet

229 4289 552 4356 Scollandi,
584 4291 831 4362 quierat
863 4290 1045 4346 abbas
1079 4289 1420 4346 monasterii
1455 4293 1639 4347 sancti
1688 4297 1891 4363 Augu-

229 4378 377 4437 stini
408 4385 574 4436 extra
602 4379 766 4435 urbis
789 4396 990 4435 muros
1012 4379 1338 4438 constituti.
1361 4380 1670 4437 Timebant
1693 4386 1891 4437 autem

228 4485 308 4526 ne
338 4484 502 4528 mors
524 4469 853 4525 occisorum
878 4474 1061 4525 morte
1078 4485 1187 4524 sua
1209 4467 1614 4535 solveretur,et
1636 4472 1762 4526 ideo
1786 4472 1896 4526 evi-

228 4557 400 4615 tandi
429 4557 613 4630 hujus
643 4557 784 4613 mali
817 4574 998 4614 causa
1020 4574 1207 4630 neque
1225 4576 1257 4614 a
1274 4565 1477 4613 sancto
1499 4560 1893 4629 recedere,ne-

234 4661 352 4719 que
370 4646 604 4703 thecam
623 4646 751 4718 ejus
769 4645 1064 4703 dimittere
1076 4645 1406 4734 voluerunt.
1420 4646 1619 4704 Vocati
1634 4651 1772 4705 sunt
1792 4650 1895 4705 ita-
1923 4666 1971 4734 ι)

236 4751 353 4807 que
379 4737 504 4791 tam
536 4734 741 4803 abbas,
776 4751 956 4807 quam
987 4751 1193 4791 omnes
1222 4733 1283 4791 hi
1324 4748 1574 4808 quorum
1626 4738 1894 4794 interfuit

232 4819 560 4880 vindictam
587 4822 805 4880 donare
830 4840 843 4877 :
867 4827 1243 4896 negaverunt,
1261 4841 1367 4879 nec
1390 4829 1637 4882 mortem
1670 4827 1894 4883 occiso-

236 4929 371 4968 rum
402 4912 533 4969 sine
561 4912 822 4969 vindicta
852 4912 1147 4969 remittere
1175 4911 1506 4969 voluerunt.
1533 4915 1681 4980 Quid
1714 4927 1849 4988 ergo
1868 4915 1895 4970 ‘?

236 5002 558 5058 deductum
591 5005 682 5058 est
714 5018 950 5057 sacrum
981 5017 1194 5073 corpus
1226 5000 1437 5057 infecto
1460 5003 1896 5075 negotio,atque

236 5091 297 5145 in
329 5091 582 5147 oratorio
616 5091 799 5146 beatae
824 5089 1068 5161 virginis
1100 5089 1292 5145 Maria:
1326 5089 1696 5147 collocatum.
1724 5094 1894 5148 Sum-

237 5197 334 5236 mo
366 5185 567 5235 autem
585 5179 866 5246 diluculo,
887 5178 1057 5235 nobis
1074 5178 1265 5234 adhuc
1283 5180 1342 5234 in
1362 5182 1560 5235 stratis
1585 5182 1895 5253 quiescen-

310 5296 423 5366 (66)
450 5295 617 5367 Apud
650 5295 963 5352 Osbcrtum
999 5310 1012 5348 :
1052 5316 1078 5344 ‹‹
1111 5295 1473 5351 Lanfrancus
1517 5297 1897 5355 Cadomensis

238 5364 725 5440 ccunobii'abbas,
749 5367 843 5440 vir
868 5367 1167 5438 praestanti
1190 5366 1479 5439 sapientia
1504 5368 1897 5440 pollens.Can-

234 5437 596 5512 tuariensem
650 5438 1059 5512 pontificatum
1110 5437 1431 5512 regendum
1480 5437 1759 5512 suscepit,
1795 5442 1895 5512 qui

234 5528 396 5583 more
425 5509 597 5583 electi
628 5509 866 5565 antistis
896 5509 1273 5583 Cantuariain
1303 5528 1439 5565 xvui
1463 5510 1590 5565 Kal.
1626 5509 1896 5583 Septem-

234 5581 356 5654 bris
385 5581 652 5648 veniens,
687 5584 1121 5654 susceptusest
1144 5580 1360 5654 aclero
1392 5587 1447 5637 et
1482 5580 1720 5654 populo,
1742 5584 1896 5639 sicut

236 5652 467 5712 Patrem
500 5652 874 5727 tanta:_sedis
892 5657 951 5727 et
969 5652 1161 5706 virum
1193 5651 1446 5727 ingentis
1468 5651 1642 5727 latine
1666 5655 1895 5727 suscipi

235 5731 353 5783 erat
386 5740 651 5798 aequum.
686 5723 791 5782 Hic
838 5724 1048 5796 adepta
1094 5723 1417 5797 pontificali
1464 5723 1892 5793 benedictione,

2024 636 2289 701 catervis,
2329 636 2586 708 postulat
2620 638 2828 693 fratres
2860 637 3106 693 celerius
3150 639 3408 711 excitari,
3441 642 3583 698 dicit
3614 661 3672 699 se

2023 726 2351 780 necessario
2383 725 2500 781 illis
2534 726 2687 797 loqui
2722 726 2886 783 vello.
2920 727 3025 793 Qui
3058 744 3191 783 cum
3223 729 3541 799 venissent,
3574 748 3671 787 ac-

2020 814 2195 869 cessit
2224 816 2294 870 ad
2330 831 2541 887 corpus
2574 817 2782 885 sancti,
2815 832 3008 887 genua
3036 817 3192 871 ﬂexit
3238 822 3412 890 atque
3458 820 3518 875 in
3550 821 3669 875 hinc

2017 904 2195 959 verba
2226 904 2680 976 lacrymabiliter
2708 905 2937 976 erupit:
2964 906 3335 963 Peccavimus
3360 908 3417 961 in
3442 912 3666 975 te,san-

2019 998 2110 1048 cte
2144 992 2263 1059 Dei,
2299 993 2561 1048 nolentes
2594 994 2698 1049 tibi
2733 994 2791 1048 in
2823 1000 3136 1067 conspectu
3174 996 3373 1068 populi
3398 998 3666 1054 exhibere

2018 1082 2297 1155 honorem
2330 1082 2617 1153 obsequii.
2640 1083 2782 1137 Ecce
2804 1100 2958 1137 nunc
2977 1089 3033 1137 et
3053 1084 3328 1155 injuriam
3352 1088 3661 1157 donamus,

2019 1170 2166 1226 etde
2200 1171 2415 1225 mentis
2444 1176 2655 1225 nostra:
2687 1172 3080 1227 obstinatione
3111 1174 3337 1229 veniam
3387 1175 3661 1248 implora-

2018 1274 2174 1315 mus.
2198 1260 2315 1314 Nos
2334 1264 2528 1314 autem
2550 1260 2829 1314 mirantes
2847 1264 2965 1315 tam
2984 1262 3238 1317 subitam
3258 1281 3453 1320 rerum
3475 1269 3663 1321 muta-

2015 1349 2257 1413 tionem,
2291 1349 2670 1420 cognovimus
2704 1349 2833 1404 illos
2868 1366 2969 1420 per
2994 1350 3273 1405 visionem
3295 1368 3325 1406 a
3343 1358 3543 1408 sancto
3562 1354 3661 1409 Dei

2014 1437 2197 1493 fuisse
2229 1437 2586 1510 perterritos,
2620 1442 2676 1492 et
2702 1440 2795 1492 κὴ(
2826 1442 3056 1494 noctem
3099 1440 3260 1495 illam
3309 1443 3663 1515 transegisse

2012 1528 2195 1595 vivos,
2216 1532 2521 1599 propterea
2538 1527 2692 1598 quod
2716 1528 3018 1599 presbyter
3033 1530 3274 1599 quidam
3297 1536 3535 1601 aspectu
3558 1536 3665 1587 ter-

2014 1615 2221 1681 ribilis,
2258 1616 2357 1688 qui
2389 1632 2457 1671 ex
2488 1617 2754 1687 ﬁguratis
2787 1617 3146 1689 imaginibus
3174 1620 3474 1677 Dunstano
3505 1623 3663 1677 visus

2012 1710 2101 1761 est
2145 1704 2502 1775 simillimus,
2535 1706 2810 1776 gravibus
2842 1724 2940 1761 eos
2979 1707 3339 1764 cruciatibus
3369 1716 3654 1776 vexasset,

2011 1795 2228 1866 diuque
2247 1800 2477 1850 vexatos
2499 1794 2722 1849 ardenti
2743 1812 2879 1867 rogo
2904 1798 3360 1852 concremandos
3381 1797 3662 1857 violenter

2011 1885 2404 1955 pertraxisset.
2429 1884 2513 1940 Ita
2543 1881 2627 1938 illi
2660 1901 2838 1956 quam
2872 1890 3074 1958 sponte
3106 1885 3441 1957 noluerunt,
3474 1889 3657 1945 coacti

2008 1971 2285 2043 injuriam
2316 1973 2700 2029 donaverunt.

2010 2098 2348 2170 Lanfram‘us
2378 2100 2647 2170 faventem
2676 2098 2787 2154 sibi
2816 2101 2978 2227 senili:
3005 2102 3345 2157 Dunstaimm
3394 2104 3451 2159 in
3496 2122 3655 2160 causa

2677 2178 2912 2227 tempore
2944 2174 2981 2227 ι’.

2677 2174 2981 2243 temporali.

2084 2287 2163 2341 l7.
2181 2286 2282 2341 llis
2302 2287 2665 2359 temporibus
2684 2288 3021 2344 conflictum
3042 2289 3171 2345 iniit
3189 2290 3549 2349 Lanfrancus
3568 2311 3657 2348 ar-

2006 2374 2412 2448 chiepiscopus
2428 2375 2705 2432 adversus
2720 2378 2971 2449 majores
2986 2383 3125 2434 natu
3143 2379 3631 2453 rcgniAnglorum
3644 2427 3657 2453 ,

2003 2465 2294 2537 praecipue
2326 2464 2604 2521 adversus
2637 2466 2976 2539 episcopum
3002 2468 3401 2539 Bajocensem,
3427 2472 3660 2528 nomine

2004 2551 2284 2621 Odonem,
2321 2552 2419 2625 qui
2451 2557 2575 2608 erat
2605 2553 2785 2610 frater
2814 2556 2992 2627 regis,
3025 2559 3079 2611 et
3112 2574 3304 2613 comes
3338 2558 3659 2628 Cantim,de

1994 2641 2129 2713 jure
2161 2641 2413 2696 ecclesiae
2447 2640 2681 2709 Christi,
2717 2647 2772 2698 et
2803 2644 3161 2715 quibusdam
3194 2646 3366 2701 terris
3416 2647 3551 2704 inde
3583 2650 3656 2704 ab

2001 2730 2259 2801 antiquis
2294 2730 2657 2802 temporibus
2688 2730 2906 2801 injuste
2932 2731 3163 2788 ablatis.
3184 2734 3295 2790 Sed
3320 2735 3465 2790 nihil
3490 2737 3560 2791 de
3580 2738 3656 2791 vi—

2000 2816 2163 2873 ribus
2196 2816 2319 2873 suis
2340 2818 2639 2874 conﬁdens
2663 2818 2807 2888 (erat
2829 2835 3082 2892 namque
3100 2821 3251 2876 sicut
3268 2822 3541 2880 omnibus
3567 2844 3654 2881 sa-

2001 2906 2221 2979 pientia
2247 2906 2769 2979 imcomparabilis,
2802 2906 2885 2963 ita
2918 2909 2975 2965 in
3016 2915 3331 2981 conspectu
3382 2912 3482 2969 Dei
3533 2931 3648 2986 prie

1999 2996 2274 3053 omnibus
2296 3012 2526 3069 semper
2546 2996 2877 3054 humilitate
2895 2998 3283 3073 admirabilis)
3304 3002 3650 3075 deprecatus

1999 3090 2089 3142 est
2102 3087 2337 3142 beatum
2355 3084 2727 3142 Dunstanum
2744 3086 2957 3143 auxilio
2978 3086 3087 3144 sibi
3102 3088 3222 3145 fore
3240 3090 3309 3146 ad
3336 3091 3649 3151 defenden-

1997 3174 2134 3229 dam
2156 3190 2394 3230 causam
2414 3173 2669 3231 ecclesiae
2694 3192 2810 3231 sua:
2833 3193 2845 3243 ;
2873 3180 2927 3232 et
2951 3176 3147 3233 oblata
3162 3196 3265 3251 pro
3283 3180 3651 3237 exauditione

1916 3293 1960 3364 ϐ
1998 3262 2192 3364 ψεῐία
2222 3261 2484 3364 salutari,
2521 3264 2753 3364 quietus
2785 3265 3024 3363 sedebat
3054 3267 3116 3364 in
3147 3265 3295 3339 loco,
3311 3274 3651 3364 exspectans

1999 3351 2433 3408 advocationem
2453 3351 2910 3421 causidicorum,
2926 3354 3101 3412 simul
3122 3372 3185 3411 ac
3201 3356 3492 3414 meditans
3510 3360 3651 3432 quid

1994 3438 2083 3495 vel
2116 3439 2239 3512 ipse
2270 3438 2616 3495 adversariis
2649 3440 2923 3510 objicere,
2947 3442 3035 3497 vel
3058 3443 3309 3515 qualiter
3331 3445 3403 3501 ad
3427 3447 3653 3518 objecta

1996 3545 2241 3602 quisque
2273 3533 2467 3601 posset
2497 3530 2868 3601 respondere.
2894 3532 3056 3586 Tunc
3077 3531 3314 3588 interim
3349 3549 3650 3592 excessum

1999 3617 2210 3673 mentis
2234 3617 2470 3690 patienti
2492 3618 2763 3689 apparuit
2786 3622 3024 3676 sanctus
3048 3620 3168 3687 Dei,
3191 3624 3352 3677 stans
3376 3621 3433 3678 in
3457 3626 3650 3682 medio

1998 3707 2246 3762 duorum
2279 3704 2611 3778 aliquorum
2646 3704 2911 3779 angelica
2939 3705 3222 3779 dignitate
3243 3709 3645 3782 praeditorum,

2000 3793 2290 3866 angelicos
2304 3800 2359 3850 et
2379 3794 2501 3867 ipse
2517 3795 2712 3850 vultus
2731 3795 2974 3863 habens,
2990 3796 3236 3869 atquein
3258 3799 3423 3856 vultu
3438 3817 3645 3874 quam-

2000 3884 2135 3939 dam
2170 3884 2375 3939 frontis
2405 3889 2460 3937 et
2492 3883 2796 3940 oculorum
2844 3884 3271 3943 conniventiam
3326 3890 3649 3949 Lani‘ranco

2000 3972 2334 4028 ostendens.
2357 3973 2435 4027 Ex
2453 3990 2569 4043 qua
2591 3974 2811 4027 visione
2833 3975 2904 4029 dc
2926 3975 3209 4047 capienda
3230 3977 3471 4034 victoria
3493 3997 3652 4036 secu-

2001 4061 2208 4116 rusillc
2228 4062 2486 4127 etl'cctus,
2509 4061 2821 4117 concilium
2853 4062 3306 4136 maliguantium
3327 4067 3653 4141 intrepidus

2002 4149 2165 4216 adiit,
2181 4149 2536 4205 munitiones
2557 4150 2788 4206 illorum
2805 4156 3059 4208 torrente
3080 4153 3652 4215 rationumfunditus

2002 4241 2330 4313 dissipavit.
2367 4240 2450 4294 Ita
2483 4241 2640 4295 enim
2674 4246 2919 4297 cunctos
2950 4242 3165 4299 Christi
3198 4262 3263 4301 ac
3287 4264 3424 4302 suos
3443 4246 3654 4305 devicit

2003 4327 2457 4394 adversarios,ut
2474 4334 2530 4382 et
2549 4346 2673 4400 qure
2690 4329 2940 4400 suijuris
2964 4333 3411 4398 erant,ecclesia3
3435 4334 3651 4391 Christi

2004 4417 2376 4489 integerrime
2410 4417 2882 4485 restituerentur,
2913 4422 2968 4472 et
2998 4418 3106 4474 hoc
3138 4438 3252 4475 non
3283 4421 3547 4478 humana
3567 4442 3654 4480 sa-

2003 4505 2240 4578 pientia,
2276 4504 2375 4560 sed
2408 4503 2603 4559 divina
2633 4506 2850 4561 factum
2883 4506 3063 4583 fuisse
3111 4508 3324 4565 virtute
3355 4508 3507 4567 idem
3540 4511 3651 4569 Do-

2003 4593 2147 4651 mini
2180 4609 2381 4649 servus
2412 4590 2780 4663 gloriaretur.

2533 4709 2599 4764 Et
2628 4710 2686 4765 in
2716 4712 2876 4780 gravi
2912 4711 3114 4767 morbo.

2077 4828 2162 4880 18.
2197 4824 2332 4879 Post
2355 4822 2577 4895 aliquot
2607 4824 2732 4881 dies
2765 4824 3127 4882 Lanfrancus
3158 4829 3446 4900 corporali
3485 4830 3652 4888 inﬁr-

2004 4914 2205 4970 mitate
2221 4911 2563 4984 gravissime
2581 4916 2791 4981 tactus,
2808 4915 3048 4971 omnino
3066 4934 3101 4971 a
3120 4919 3366 4975 medicis
3388 4920 3658 4993 despera-

2004 5005 2194 5060 batur.
2224 5002 2487 5073 Cumque
2510 5002 2686 5057 ﬁnem
2709 5003 2838 5058 vita:
2850 5003 2977 5075 jam
2992 5005 3239 5079 jamque
3268 5010 3473 5064 adesse
3495 5016 3657 5083 puta-

2004 5096 2110 5162 ret,
2136 5090 2317 5146 missa
2344 5089 2630 5161 legatione
2653 5092 2894 5147 mandat
2917 5093 3193 5151 fratribus
3216 5097 3469 5153 ecclesia:
3490 5099 3655 5155 Chri-

2005 5181 2079 5237 sti
2109 5198 2236 5252 quie
2269 5179 2423 5234 circa
2452 5197 2513 5235 se
2544 5182 2900 5253 agebantur;
2935 5187 3169 5255 exoptat
3197 5186 3493 5242 seniorum
3518 5206 3656 5260 prino

2006 5314 2182 5368 quam
2200 5314 2253 5351 xv
2266 5295 2391 5368 Kal.
2408 5295 2703 5366 Septemb.
2720 5295 3043 5354 Cantuarizu
3063 5300 3655 5368 suscepit,ecclesiam

2006 5320 2182 5368 quam
2200 5320 2252 5351 ιν
2269 5320 2391 5351 neu.
2409 5320 2637 5366 neptem
2650 5320 2703 5351 υ.
2720 5320 3043 5354 υἰιῐὶῐυὶἰῐἸὶΠ
3063 5320 3230 5356 SUSCO
3280 5320 3655 5367 it,ecmesmm

2006 5366 2345 5437 Salvatoris,
2369 5384 2554 5440 quam
2576 5374 2701 5422 tum
2729 5371 3031 5439 print'atum
3056 5320 3547 5440 incend’ium,tum
3570 5390 3655 5427 ve-

2008 5444 2198 5515 tustas
2229 5438 2498 5515 inutilem
2530 5438 2763 5515 fecerat,
2790 5441 3052 5515 funditus
3071 5438 3650 5515 destruere,etaugu-

2007 5513 2246 5567 s-tiorem
2278 5512 2465 5567 facere
2490 5510 3094 5585 cupiens,etc.chata
3114 5518 3250 5567 sunt
3270 5531 3510 5585 corpora
3530 5510 3652 5585 prc-

2006 5584 2292 5710 }iosoru1n
2339 5584 2685 5654 pontiﬁcum
2736 5584 2972 5652 Christi,
3007 5582 3294 5651 Dwistaui
3341 5582 3649 5655 atquewh‘l-

2031 5673 2143 5710 θαι.
2177 5678 2205 5705 ››

2031 5673 2143 5729 εει.
2177 5678 2205 5705 ))
