3912 6424
220 418 348 482 469

1728 414 2155 483 MIRACULA.

3531 422 3655 489 470

219 554 570 623 hensi,cum
586 548 850 627 principe
872 568 979 610 suo
1002 549 1239 610 nomine
1260 550 1484 609 Baraba
1505 551 1884 626 compedibus
1912 551 1971 620 Α
1998 553 2290 613 dentium.
2313 555 2515 614 Victus
2542 558 2778 615 tandem
2827 556 3271 633 importunitate
3320 561 3647 627 tentatoris,

220 644 454 704 astricti
484 648 650 712 sunt;
674 642 777 716 qui
806 642 1022 700 idcirco
1057 644 1341 700 Barabam
1370 660 1432 700 se
1463 642 1745 716 appellari
1781 660 1885 698 vo-

221 735 360 803 luit,
414 732 693 807 quoniam
744 732 943 787 nimiae
992 748 1225 804 semper
1265 732 1629 789 crudelitatis
1678 732 1888 787 fuisset

223 822 597 894 multamque
626 820 936 877 hominum
968 821 1201 877 turbam
1220 838 1399 877 manu
1426 838 1534 877 sua
1553 820 1881 877 occidisset.

219 914 493 969 Evadens
531 915 727 967 autem
785 912 858 966 de
897 911 1280 983 compedibus
1336 911 1491 967 viam
1544 927 1672 982 quas
1721 910 1886 966 ducit

218 1000 603 1059 Cantuariam
634 999 908 1072 arripuit,
944 1000 1135 1056 sciens
1180 1017 1243 1055 se
1295 1018 1483 1073 neque
1517 1001 1658 1070 vita,
1695 1017 1884 1072 neque

218 1090 510 1148 membris
529 1088 939 1158 cariturum,si
971 1088 1277 1145 ecclesiam
1299 1089 1513 1145 Christi
1546 1090 1883 1161 contingere

218 1183 425 1254 posset
456 1177 707 1251 asylum.
732 1178 846 1234 Sed
878 1193 1014 1233 cum
1038 1178 1164 1249 jam
1198 1194 1375 1251 prope
1407 1177 1698 1234 civitatem
1730 1178 1880 1234 fuis-

220 1271 332 1337 set,
350 1285 487 1324 mox
518 1270 584 1323 ut
612 1266 859 1339 pinnam
891 1266 1254 1336 Ecclesi&,et
1300 1267 1593 1323 Cherubin
1635 1284 1880 1323 aureum

213 1358 387 1426 vidit,
409 1355 578 1430 quasi
609 1354 862 1412 cmlestis
884 1355 1177 1411 Cherubin
1199 1356 1410 1411 virtute
1434 1355 1703 1428 repulsus
1728 1355 1882 1412 ultra

219 1447 496 1523 progredi
547 1462 662 1501 non
714 1444 925 1518 potuit.
960 1444 1177 1501 Nititur
1226 1444 1423 1517 itaque
1473 1445 1610 1501 totis
1657 1444 1878 1501 viribus

221 1537 428 1596 conire.
454 1549 706 1592 vacuum
737 1548 951 1602 aerem,
967 1537 1023 1590 et
1044 1550 1275 1607 semper
1294 1550 1430 1590 eum
1450 1535 1617 1607 quasi
1641 1550 1878 1592 murum

219 1628 479 1685 ferreum
508 1624 817 1682 sentiebat.
866 1623 1044 1679 Haesit
1089 1641 1223 1679 vero
1250 1628 1515 1697 stupens,
1568 1628 1625 1680 et
1666 1624 1878 1679 iterum

217 1714 544 1788 resumptis
557 1712 782 1770 viribus
800 1713 1014 1785 prioris
1034 1712 1202 1769 lucta:
1223 1718 1516 1769 certamen
1534 1714 1877 1785 assumpsit;

216 1806 322 1863 sed
345 1820 417 1861 ea
437 1821 567 1877 quae
593 1806 729 1859 ante
758 1801 971 1859 virtute
993 1802 1286 1875 repulsus,
1303 1803 1524 1874 majore
1546 1819 1721 1875 quam
1746 1808 1880 1858 ante

215 1894 410 1967 spatio
462 1891 693 1949 resiliit.
727 1891 1014 1947 Tentabat
1061 1892 1111 1948 si
1162 1891 1317 1947 unde
1364 1896 1603 1947 venerat
1651 1891 1880 1965 regredi

215 1986 458 2058 posset:
486 1996 721 2038 currere
766 1983 994 2053 poterat
1036 1983 1324 2053 quantum
1373 1980 1624 2036 volebat.
1659 1979 1717 2036 Si
1748 1997 1883 2037 vero

218 2088 333 2146 quo
364 2068 739 2144 disponebat,
772 2068 1042 2142 progredi
1070 2068 1260 2138 vellet,
1292 2085 1427 2125 mox
1467 2073 1535 2125 ut
1576 2068 1883 2126 ecclesiam

215 2161 473 2229 videbat,
489 2159 700 2233 pedem
720 2166 952 2214 movere
982 2175 1098 2215 non
1120 2162 1367 2231 poterat.
1390 2158 1717 2230 Desperans
1746 2176 1884 2233 ergo

221 2251 293 2308 de
321 2248 517 2307 salute
547 2265 658 2305 sua
687 2252 745 2303 et
793 2247 866 2304 de
915 2246 1320 2304 misericordia
1348 2247 1473 2303 Dei.
1508 2248 1885 2304 Manifestum

222 2343 326 2408 est,
344 2338 565 2412 inquit,
582 2354 718 2394 cum
753 2337 1048 2394 damnatis
1071 2353 1164 2394 me
1187 2341 1405 2393 sortem
1428 2336 1643 2393 habere
1663 2338 1759 2394 cui
1789 2354 1886 2393 ec-

224 2429 471 2486 clesiam
493 2425 712 2484 Christi
737 2443 853 2482 non
875 2424 1011 2482 licet
1029 2426 1243 2483 videre.
1270 2427 1419 2494 Quid
1465 2444 1602 2499 ergo
1650 2427 1888 2499 prodest

229 2516 532 2576 crudelem
563 2514 863 2577 Christum
894 2514 1183 2582 invocare,
1203 2534 1237 2571 a
1268 2533 1383 2588 quo
1414 2532 1530 2571 non
1562 2516 1640 2571 sit
1659 2515 1887 2571 miseri-

227 2608 491 2666 cordiam
509 2604 863 2677 impetrare?
887 2601 961 2661 Ut
982 2604 1218 2662 fortuna
1237 2604 1412 2673 volet,
1428 2609 1549 2672 eat;
1575 2621 1711 2678 ergo
1732 2604 1891 2660 dein-

229 2715 365 2770 ceps
399 2696 602 2769 fugam
627 2711 743 2749 non
767 2693 1065 2762 inibo,sed
1098 2694 1254 2749 unde
1282 2694 1410 2749 veni
1453 2694 1775 2749 moriturus
1807 2710 1890 2749 re-

227 2788 389 2845 dibo.
422 2786 555 2841 Haec
606 2783 832 2853 dicens,
854 2783 1133 2855 przecipiti
1186 2800 1364 2840 cursu
1396 2783 1563 2852 redit,
1599 2801 1725 2855 qua:
1776 2782 1887 2839 sibi

226 2875 599 2947 contigerant
618 2872 823 2927 multis
844 2871 1108 2928 millibus
1127 2871 1436 2928 hominum
1460 2870 1732 2927 narravit.
1754 2872 1891 2927 Post

222 2966 352 3023 hac
401 2960 727 3035 condignas
780 2961 951 3017 factis
1010 2977 1214 3033 poenas
1260 2960 1449 3016 solvit.
1484 2960 1585 3018 His
1634 2959 1890 3031 acceptis

225 3053 602 3113 Lanfrancus
629 3053 834 3107 vocato
865 3066 959 3105 me
989 3049 1263 3123 praecepit
1294 3049 1407 3105 ista
1430 3049 1489 3104 in
1516 3048 1729 3123 popqu
1752 3065 1892 3122 pra:-

225 3142 436 3210 dicari,
473 3141 802 3213 adiungens
832 3139 962 3197 ideo
1002 3138 1159 3195 hunc
1184 3139 1256 3196 ab
1282 3138 1528 3197 ecclesia
1555 3136 1892 3194 terribiliter

226 3232 563 3306 repulsum,
583 3229 738 3303 quod
755 3229 893 3284 ﬁcto
916 3228 1087 3285 corde
1109 3229 1182 3284 ad
1204 3244 1333 3284 eam
1356 3227 1695 3295 accesserit;
1721 3226 1888 3282 illum

1994 644 2216 701 exitum
2249 647 2319 702 de
2352 646 2597 703 ecclesia
2628 648 2998 718 moliebatur,
3033 654 3093 705 et
3121 652 3342 722 paratis
3372 651 3648 708 omnibus

1996 750 2123 805 quae
2153 734 2225 790 ad
2246 735 2355 791 hoc
2377 736 2751 810 sacrilegium
2772 737 3121 810 explendum
3145 739 3354 795 idonea
3376 740 3648 797 videban-

1994 828 2111 891 tur,
2148 824 2476 897 ingreditur
2521 826 2827 882 ecclesiam
2867 828 3000 898 (68),
3030 845 3064 883 a
3098 833 3298 884 sancto
3339 830 3644 886 Dunstano

1993 912 2287 971 licentiam
2319 914 2565 970 exeundi
2598 921 2654 971 et
2685 916 2757 970 ad
2788 916 3065 971 saeculum
3091 918 3410 973 revertendi
3435 920 3642 991 petitu-

1992 1017 2113 1068 rus,
2131 1002 2322 1058 sciens
2352 1003 2554 1074 procul
2585 1003 2763 1059 dubio
2781 1006 2939 1076 quod
2971 1005 3117 1061 nihil
3148 1006 3197 1060 ei
3220 1024 3496 1079 prospere
3518 1026 3645 1080 pro-

1991 1092 2240 1169 cederet,
2276 1091 2322 1145 si
2358 1090 2456 1146 illo
2507 1092 2727 1147 offenso
2777 1094 3075 1150 discedere
3120 1112 3235 1150 non
3290 1096 3539 1151 timeret.
3574 1100 3644 1155 Et

1990 1196 2238 1253 surgens
2270 1180 2340 1235 ab
2362 1180 2621 1237 oratione
2642 1186 2708 1237 ut
2733 1182 2948 1238 ostium
2970 1184 3227 1240 ecclosiae
3248 1186 3642 1257 egrederetur,

1990 1270 2205 1341 reperit
2232 1268 2292 1324 in
2321 1270 2470 1325 ostio
2493 1270 2862 1326 Dunstanum
2885 1289 3019 1327 cum
3038 1273 3203 1343 virga
3222 1278 3499 1343 stantem,
3525 1294 3637 1331 non

1988 1359 2166 1415 talem
2200 1362 2341 1415 tunc
2370 1359 2603 1431 qualem
2637 1359 2803 1417 illum
2848 1360 3072 1417 viderat
3125 1363 3508 1431 Laufrancus,
3540 1367 3640 1420 sed

1987 1448 2309 1505 terribilem
2357 1447 2543 1515 vultu,
2579 1448 2764 1504 oculis
2814 1449 3215 1518 minacem,et
3270 1452 3642 1509 mordacibus

1986 1536 2160 1593 labiis
2191 1536 2312 1591 haec
2354 1536 2762 1592 infrementem
2794 1552 2806 1591 :
2841 1537 3167 1610 Regredere
3213 1539 3411 1607 miser,
3447 1556 3643 1612 regre-

1988 1624 2145 1690 dere,
2163 1623 2550 1696 omnipotenti
2582 1622 2829 1679 Domino
2852 1629 2908 1680 te
2925 1631 3249 1697 prosterno,
3266 1634 3641 1701 conceptum-

1989 1729 2101 1785 que
2131 1711 2349 1769 diaboli
2380 1728 2669 1768 venenum
2691 1713 2762 1768 de
2793 1714 2966 1768 corde
2998 1719 3098 1769 tuo
3125 1732 3344 1772 evome.
3378 1716 3642 1790 Cumque

1988 1801 2084 1857 ille
2116 1818 2333 1874 pavens
2364 1817 2430 1857 ac
2462 1805 2718 1857 tremens
2751 1802 3371 1871 haareret,Dunstanus
3420 1806 3642 1864 elevata

1990 1896 2194 1947 contra
2221 1890 2390 1946 illum
2418 1890 2599 1964 virga,
2615 1891 2696 1946 ait
2730 1907 2742 1945 :
2776 1890 2902 1947 Non
2935 1892 3257 1960 exibis,sed
3293 1893 3389 1951 hic
3428 1898 3640 1953 morie-

1993 1982 2093 2038 ris.
2128 1981 2246 2037 Hoc
2280 1980 2433 2037 dicto
2466 1980 2564 2052 qui
2596 1979 2945 2053 loquebatur
2974 1981 3283 2054 disparuit,
3317 1987 3375 2039 et
3419 1984 3512 2040 cui
3559 1984 3643 2039 lo-

1994 2071 2284 2144 quebatur
2326 2070 2580 2143 graviter
2626 2069 2942 2142 aegrotavit.
2990 2070 3121 2126 Mox
3177 2071 3374 2143 itaque
3433 2072 3645 2129 lectulo

1992 2165 2285 2233 receptus,
2335 2160 2567 2215 duobus
2606 2159 2911 2215 mensibus
2970 2157 3031 2214 in
3079 2160 3311 2233 magnis
3358 2163 3647 2234 angustiis

1991 2250 2155 2318 vixit,
2190 2254 2249 2304 et
2298 2253 2431 2321 post
2464 2248 2587 2303 haec
2635 2248 2819 2305 vitam
2868 2250 3318 2304 consummavit.
3352 2251 3463 2306 Sed
3513 2268 3649 2306 cum

1997 2340 2069 2395 ad
2100 2339 2208 2395 hoc
2237 2343 2478 2393 ventum
2513 2336 2723 2393 fuisset
2745 2341 2810 2393 ut
2841 2337 3101 2393 animum
3126 2340 3366 2395 reddere
3390 2340 3648 2406 deberet,

1997 2428 2296 2485 accersitis
2349 2427 2442 2483 his
2477 2442 2625 2499 quos
2671 2427 2896 2498 primos
2938 2426 2997 2481 in
3046 2444 3242 2484 amore
3271 2429 3651 2485 fraternitatis

1997 2519 2305 2585 habuerat,
2330 2515 2603 2572 universa
2632 2530 2736 2588 per
2764 2516 3029 2571 ordinem
3064 2533 3191 2587 quas
3220 2516 3307 2572 vel
3349 2517 3501 2573 male
3533 2519 3651 2574 dis-

1998 2610 2292 2681 posuerat,
2306 2604 2393 2660 vel
2416 2606 2569 2661 bono
2602 2620 2708 2659 suo
2730 2604 2971 2669 viderat,
2996 2605 3054 2659 in
3079 2621 3293 2676 magna
3309 2606 3501 2661 cordis
3522 2622 3654 2661 con-

1998 2696 2232 2751 tritione
2264 2694 2563 2749 narrabat.
2595 2693 2724 2748 Haec
2755 2693 2957 2748 eadem
2997 2691 3148 2748 alius
3181 2695 3421 2764 quidam
3471 2694 3652 2750 frater

1999 2786 2162 2841 bonae
2195 2783 2407 2838 indolis
2435 2782 2797 2847 adolescens,
2829 2781 3065 2837 nomine
3106 2782 3419 2849 Adrianus,
3452 2799 3647 2841 coram

1998 2874 2274 2931 omnibus
2304 2871 2606 2927 confessus
2638 2875 2747 2937 est,
2779 2871 2979 2929 dicens
3009 2886 3070 2927 se
3100 2874 3159 2926 et
3187 2871 3490 2927 conscium
3519 2884 3651 2928 con-

1999 2962 2115 3019 silii
2146 2966 2203 3018 et
2233 2964 2687 3017 consentaneum
2720 2959 2901 3032 operi.

2379 3068 2692 3124 Dunstanus
2723 3067 2997 3124 invocanti
3021 3067 3311 3140 propitius.

2067 3163 2157 3215 22.
2190 3160 2338 3214 Ante
2367 3157 2475 3212 hos
2506 3157 2631 3212 dies
2663 3169 2798 3212 cum
2831 3157 2889 3212 in
2922 3155 3118 3212 insula
3155 3158 3411 3215 Tanatos
3441 3173 3656 3227 essem,

2002 3248 2314 3321 gradiebar
2324 3248 2495 3320 juxta
2516 3245 2683 3302 littus
2707 3245 2888 3302 maris
2909 3262 3044 3301 cum
3080 3246 3291 3318 milite,
3307 3247 3407 3319 qui
3430 3264 3525 3304 me
3556 3266 3659 3321 pro

224 3339 365 3380 νθτο
393 3319 581 3410 διίαω
611 3335 687 3410 θτξ
709 3334 771 3375 re
798 3317 859 3373 in
892 3316 1138 3410 θθέξίῗείίξ
1174 3316 1521 3410 mirabiliter
1557 3316 1891 3410 Ῑίδθτθξυῐξιν
1922 3298 1966 3367 C
2003 3298 2347 3393 defensioneI
2373 3334 2465 3391 sui
2496 3335 2865 3402 invitm/erat,
2899 3298 3378 3393 considerans’Em
3403 3353 3530 3410 quas
3557 3298 3659 3392 1ibi

229 3411 393 3485 quod
424 3409 500 3467 ad
522 3408 790 3465 eamdem
814 3404 1075 3479 quotidie
1106 3406 1310 3463 devoto
1340 3404 1537 3462 animo
1560 3405 1890 3462 tetenderit.

499 3512 791 3570 Monachus
822 3511 1066 3569 recedere
1096 3513 1278 3568 volens
1309 3511 1623 3584 impeditur.

297 3606 393 3661 21.
411 3602 525 3660 Sed
546 3606 605 3659 et
624 3600 770 3657 illud
788 3605 1070 3675 perpetua
1085 3601 1330 3673 dignum
1349 3605 1439 3656 est
1460 3600 1743 3657 memoria
1758 3601 1891 3671 (67),

230 3694 389 3768 quod
411 3692 570 3748 circa
597 3691 962 3748 Edwardum
995 3689 1160 3745 urbis
1185 3688 1503 3748 Lundonia)
1534 3689 1894 3746 archidiaco-

232 3800 380 3841 num
409 3783 541 3854 ejus
571 3779 888 3836 clementia
918 3778 1175 3834 mirabili
1206 3780 1381 3835 modo
1403 3783 1644 3852 operata
1662 3777 1896 3845 est.Qui

230 3889 368 3930 cum
396 3874 556 3928 esset
601 3870 663 3924 in
709 3866 924 3923 saeculo
972 3866 1199 3925 deliciis
1251 3867 1499 3940 pollens,
1525 3867 1895 3941 conspiciens

229 3960 434 4019 omnia
449 3957 647 4016 saeculi
666 3958 822 4013 bona
841 3972 969 4012 esse
986 3961 1258 4029 angusta,
1273 3956 1521 4012 contulit
1540 3974 1602 4011 se
1617 3958 1689 4012 ad
1708 3974 1895 4012 unum

230 4046 723 4107 incommutabile
754 4062 1068 4103 commune
1100 4045 1401 4102 sufficiens
1427 4047 1647 4102 bonum
1685 4045 1892 4113 Deum,

230 4144 510 4212 suscepta
538 4140 755 4194 sancta:
788 4134 1090 4211 religionis
1119 4140 1279 4191 veste
1302 4136 1361 4190 in
1383 4135 1630 4191 ecclesia
1649 4134 1896 4190 Cantua-

229 4229 438 4297 riensi,
457 4226 571 4284 sub
593 4224 882 4299 regimine
913 4224 1136 4297 prafati
1167 4224 1406 4297 gloriosi
1437 4224 1544 4279 viri
1586 4225 1895 4281 Lanfranci

228 4314 691 4390 archiepiscOpi;
721 4313 822 4369 ubi
856 4330 959 4385 per
986 4312 1215 4385 aliquot
1244 4329 1429 4369 annos
1469 4314 1711 4370 honeste
1758 4330 1895 4369 con-

227 4411 525 4473 versatus,
540 4419 818 4475 magnam
835 4402 990 4474 apud
1007 4419 1211 4458 omnes
1229 4402 1630 4459 cohabitantes
1646 4402 1895 4475 gratiam

230 4495 513 4553 obtinuit.
547 4493 660 4549 Sed
694 4495 828 4565 post
857 4491 977 4546 haec
1010 4491 1307 4565 malignus
1338 4491 1581 4564 spiritus
1611 4493 1738 4561 ejus
1759 4509 1895 4547 con-

230 4582 486 4641 versioni
519 4580 699 4637 simul
749 4583 809 4635 et
854 4580 1281 4636 conversationi
1330 4580 1617 4648 invidens,
1652 4580 1897 4636 occultis

2004 3430 2146 3483 sunt
2175 3423 2468 3481 mirabilia
2484 3424 2680 3489 Dei,et
2702 3424 3008 3479 materiam
3033 3424 3169 3480 boni
3193 3426 3483 3483 sermonis
3494 3427 3661 3483 exin-

2005 3516 2077 3571 de
2109 3514 2368 3571 eliciens.
2390 3512 2528 3569 Inde
2550 3524 2744 3568 sermo
2774 3512 2846 3568 ad
2879 3512 3109 3568 Patrem
3134 3513 3505 3569 Dunstanum
3532 3529 3662 3587 pro-

2004 3607 2229 3661 tractus
2260 3606 2369 3669 est,
2395 3601 2671 3674 quoniam
2696 3600 3018 3657 maximum
3051 3615 3284 3674 semper
3314 3600 3544 3659 lucrum
3578 3619 3661 3660 re-

2005 3696 2145 3766 puto
2178 3690 2406 3764 quoties
2439 3688 2712 3763 loquendi
2764 3688 2834 3744 de
2883 3688 2983 3746 illo
3010 3689 3377 3746 occasionem
3409 3693 3654 3764 reperio.

2005 3785 2157 3838 Tum
2179 3778 2351 3835 miles
2374 3779 2528 3834 idem
2552 3774 2876 3834 memerato
2897 3777 3006 3834 hoc
3027 3776 3263 3834 nomine
3282 3782 3441 3836 totus
3461 3781 3662 3852 expal-

2004 3870 2136 3938 luit,
2154 3886 2221 3925 ac
2241 3868 2417 3923 veluti
2442 3867 2699 3923 dolorem
2721 3883 2791 3922 ex
2818 3866 3025 3923 intimo
3063 3867 3391 3940 suspirans,
3412 3869 3529 3938 Vm,
3554 3870 3658 3939 ait,

2006 3958 2153 4015 mihi
2186 3956 2550 4029 ingrato,qui
2579 3959 2876 4011 tantorum
2899 3955 3319 4012 beneficiorum
3340 3958 3455 4014 huc
3473 3976 3660 4031 usque

2006 4050 2319 4104 immemor
2364 4047 2575 4102 existet
2610 4047 2761 4101 Tum
2814 4062 2920 4118 ego
2953 4062 2967 4100 :
2999 4046 3071 4101 Et
3119 4046 3282 4119 quid,
3318 4047 3657 4120 inquam,bi

2005 4142 2124 4195 tam
2177 4135 2409 4192 molesti
2459 4134 2775 4191 anhelitus.
2808 4135 2994 4204 Nosti,
3029 4135 3130 4203 ait,
3175 4140 3464 4208 quantum
3518 4139 3661 4193 mihi

2007 4228 2260 4283 infestus
2292 4225 2475 4280 abbas
2509 4225 2694 4280 sancti
2728 4224 3061 4298 Augustini,
3097 4225 3239 4281 dum
3272 4226 3563 4283 adviveret
3577 4245 3667 4285 ex-

2008 4316 2243 4382 stiterit,
2260 4316 2403 4370 dum
2437 4314 2687 4385 diripere
2716 4317 3098 4385 cuperetque:
3122 4315 3193 4368 ad
3218 4331 3310 4370 me
3330 4315 3668 4372 haereditate

2006 4405 2325 4461 venissent.
2359 4402 2519 4469 Novi,
2556 4403 2818 4473 inqnam.
2852 4401 3006 4456 Num
3038 4406 3095 4456 et
3126 4399 3273 4459 illud
3305 4402 3457 4457 nosti
3509 4405 3664 4474 quod

2009 4512 2125 4551 non
2171 4493 2342 4548 modo
2392 4490 2539 4546 nihil
2585 4491 2714 4562 ejus
2759 4488 3169 4545 immoderatio
3218 4489 3425 4557 obfuit,
3458 4506 3662 4547 verum

2009 4583 2186 4639 etiam
2219 4582 2290 4637 ad
2324 4578 2565 4651 majoris
2593 4578 2738 4633 mihi
2786 4577 2981 4651 glorizn
3029 4576 3335 4634 cumulum
3374 4580 3662 4635 excrevit?

233 4668 1031 4746 quibusdametimportunis
1050 4669 1733 4742 suggestionibusanimo
1746 4669 1904 4726 illius
1933 4671 1981 4738 D
2012 4672 2127 4728 Nec
2158 4671 2286 4738 hoc,
2318 4668 2582 4740 inquam,
2608 4665 2778 4732 latet;
2813 4667 2915 4722 sed
2951 4681 3232 4738 quorsum
3264 4668 3379 4723 ista
3406 4684 3661 4725 comme-

232 4763 479 4819 tiedium
511 4759 814 4833 religionis
847 4758 1166 4831 ingerebat,
1199 4759 1442 4831 cupiens
1462 4758 1629 4815 illum
1651 4761 1723 4816 ad
1747 4761 1897 4818 hanc

230 4852 454 4908 mentis
485 4850 782 4905 insaniam
816 4848 1156 4919 perducere,
1178 4851 1247 4903 ut
1283 4848 1357 4904 ad
1404 4848 1709 4919 saeculum,
1740 4852 1895 4907 unde

226 4944 490 5008 venerat,
504 4938 747 5012 repetito
764 4937 987 4992 vomitu
1004 4937 1268 4993 sordium
1286 4937 1520 4993 rediret.
1537 4939 1897 4996 Immittebat

230 5045 491 5101 namque
521 5025 793 5083 diabolus
828 5025 886 5080 in
920 5042 1019 5081 cor
1046 5025 1177 5096 ejus
1199 5025 1397 5082 saeculi
1415 5026 1763 5099 voluptates,
1779 5045 1898 5084 am-

231 5118 439 5193 plexus
455 5113 1071 5187 feminarum,amplas
1084 5115 1641 5185 domos,amicorum
1660 5117 1898 5173 societa-

231 5214 351 5277 tes;
376 5224 483 5265 nec
505 5205 885 5278 permittebat
903 5204 1071 5259 illum
1094 5205 1371 5278 cogitare,
1390 5222 1566 5278 quam
1589 5206 1777 5261 dulcis
1808 5210 1898 5264 est

232 5299 523 5355 Dominus
543 5293 930 5370 gustantibus
948 5309 1107 5360 eum,
1122 5310 1298 5366 quam
1318 5296 1754 5366 magnadomus
1772 5296 1893 5363 Dei,

234 5392 290 5443 et
316 5387 528 5459 ingens
557 5384 727 5440 locus
759 5381 1142 5438 habitationis
1185 5384 1531 5456 ejus,quam
1579 5386 1748 5439 beata
1799 5403 1897 5441 so-

235 5477 415 5533 cietas
435 5472 785 5547 angelorum
809 5471 992 5526 Deum
1022 5471 1082 5527 in
1105 5471 1383 5527 saeculum
1409 5474 1753 5529 saeculorum
1778 5473 1898 5529 lau-

234 5594 416 5721 ing-6;)
448 5591 570 5648 Hoc
604 5586 966 5645 miraculum
1016 5586 1355 5645 distinctius
1395 5588 1571 5644 refert
1617 5589 1898 5647 Osbertus

445 5735 674 5806 Νθωρθ
707 5731 851 5788 dum
885 5752 913 5783 «
945 5730 1177 5789 Fratres
1205 5731 1533 5791 meridiana
1560 5732 1704 5792 hora
1731 5735 1790 5791 in
1813 5734 1898 5793 le-

2007 4776 2219 4825 mores,
2253 4759 2478 4831 ignoro.
2504 4756 2685 4825 Scies,
2719 4754 2931 4827 inquit,
2966 4759 3135 4812 nocte
3184 4756 3498 4829 siquidem,
3535 4774 3662 4829 quae

2004 4853 2160 4908 diem
2184 4847 2389 4906 statuti
2431 4846 2584 4902 inter
2614 4861 2708 4901 me
2740 4850 2798 4902 et
2826 4844 2996 4901 illum
3027 4845 3226 4918 placiti
3277 4849 3659 4919 praecedebat,

2004 4954 2339 4997 memorans
2367 4952 2501 4992 cum
2523 4951 2713 4991 essem
2745 4933 2804 4989 in
2827 4935 3000 4990 domo
3033 4950 3165 4990 mea
3194 4952 3322 5008 quae
3355 4952 3534 5009 prope
3553 4941 3662 5004 est,

2006 5029 2161 5102 quod
2194 5028 2530 5098 frequenter
2548 5025 2776 5080 Patrem
2798 5024 3173 5079 Dunstanum
3195 5026 3315 5081 tuis
3336 5025 3664 5082 rationibus

2006 5118 2282 5175 extollere
2314 5114 2710 5182 consueveris,
2740 5130 2919 5182 nunc,
2955 5113 3066 5180 aio,
3097 5113 3344 5186 experiri
3381 5115 3590 5183 habeo,
3616 5115 3665 5170 si

2008 5212 2074 5264 ut
2102 5206 2321 5277 accepi,
2358 5206 2441 5260 ita
2472 5202 2569 5259 ille
2600 5202 2914 5258 laudabilis
2945 5203 3178 5258 existat.
3216 5203 3424 5259 Flexus
3447 5220 3582 5276 ergo
3607 5204 3667 5259 in

2007 5296 2288 5361 oratione,
2321 5294 2495 5360 Deus,
2531 5291 2754 5364 inquio,
2777 5292 2967 5349 Patris
2996 5292 3305 5361 Dunstani,
3337 5293 3462 5348 fave
3494 5292 3716 5347 bodies

2010 5392 2221 5443 nostra:
2236 5386 2407 5458 parti.
2428 5384 2569 5439 Inde
2583 5382 3001 5455 corpusculum
3019 5382 3237 5454 requiei
3255 5380 3666 5446 dedens,video

2008 5478 2069 5532 in
2105 5476 2331 5532 somnis
2358 5473 2563 5527 urbem
2596 5470 3313 5537 Cantuariam,basilieam
3347 5466 3663 5525 Salvatoris

2009 5593 2120 5649 etis
2152 5589 2542 5665 pausabant,»
2578 5587 2733 5665 apud
2755 5582 3316 5665 stertpnyqui-ait
3340 5583 3405 5662 id
3442 5582 3659 5665 factum

2008 5680 2138 5721 esse
2153 5651 2199 5714 ”‹‹
2230 5662 2382 5716 inter
2411 5651 2557 5713 du'as
2589 5651 2930 5715 festivitates
2952 5651 3386 5725 Assumptionis
3409 5657 3465 5709 et
3497 5651 3655 5708 Nati-

2006 5735 2206 5793 vitatis
2238 5734 2297 5790 S.
2331 5730 2545 5788 Mariae.
2579 5750 2607 5777 ))
