3912 6358
335 411 449 477 471

1362 413 1422 473 S.
1472 410 1869 475 DUNS’I‘ANI
1914 408 2277 470 ARCHIEP.
2330 411 2730 472 GANTUAR.

3642 394 3762 467 ris

338 544 681 601 memoriam
741 545 958 615 Patris;
993 546 1085 601 cui
1137 547 1304 618 quasi
1352 547 1720 612 incumbens,
1769 545 1989 617 aspicio
2019 546 2075 612 Α
2106 545 2384 613 adfuisse,
2410 545 2602 601 divina
2636 548 3004 600 sacramenta
3035 542 3378 610 celebrasse,
3414 544 3469 599 et
3509 543 3764 598 necdum

335 634 523 690 virum
549 637 720 706 juxta
743 637 1313 702 stantem,decorum
1350 637 1731 703 forma,vestc
1764 650 1994 705 spee.o-

336 741 492 792 sum,
526 725 859 795 lampadem
908 725 1056 779 lucis
1107 742 1287 780 manu
1336 730 1668 792 tenentem;
1704 725 1775 778 ad
1825 724 1995 793 cujus

337 812 654 885 imaginem
686 816 1161 886 perterrefactns,
1198 816 1500 880 Quisnam,
1525 815 1790 885 inquam,
1817 830 1877 867 es
1907 816 1996 877 tu,

336 900 645 957 hominum
678 903 1106 974 pulcherrime?
1137 905 1319 967 Idem,
1356 904 1570 975 inquit,
1606 902 1700 956 ille
1732 903 1903 972 cujus
1933 906 1996 955 tu

336 991 512 1062 paulo
546 997 677 1048 ante
696 993 977 1050 auxilium
1003 994 1335 1064 precabare.
1356 993 1526 1064 Papo,
1545 993 1995 1063 inquam,quam

336 1077 488 1135 citus
511 1098 572 1134 es
604 1083 674 1137 ad
700 1083 1066 1138 miserandos
1098 1083 1369 1137 miseros!
1421 1081 1583 1137 Nosti
1626 1081 1764 1153 quid
1800 1078 1996 1135 Domi-

318 1185 451 1233 ,nus
496 1170 793 1227 minatur?
822 1172 1000 1239 Nihil,
1035 1173 1139 1240 ait,
1172 1172 1302 1242 ejus
1348 1172 1540 1225 minas
1594 1169 1995 1241 pertimescas,

337 1273 442 1313 nec
477 1261 676 1332 magni
705 1278 803 1318 eos
825 1262 1063 1317 omnino
1086 1263 1328 1332 pendas.
1358 1262 1443 1315 Ita
1474 1260 1643 1315 miles
1675 1257 1771 1314 ille
1791 1259 1996 1325 oravit,

336 1351 471 1417 post
503 1350 610 1405 hoc
658 1368 863 1407 versus
909 1352 981 1406 ad
1013 1368 1105 1405 me
1156 1352 1239 1406 ait
1270 1367 1283 1405 :
1317 1351 1447 1406 Jam
1482 1354 1688 1403 caetera
1724 1355 1787 1403 tu
1821 1346 2004 1432 nosti,

339 1440 845 1509 quemadmodum
874 1457 980 1512 ego
1002 1445 1057 1496 et
1088 1446 1149 1495 tu
1184 1438 1649 1510 convenerimus,
1687 1439 2001 1494 contende-

339 1527 547 1597 rimus,
584 1530 1026 1585 convicerimus.
1065 1529 1339 1600 Signum,
1368 1528 1634 1599 inquam,
1668 1527 1890 1601 grande
1942 1528 2001 1580 in

338 1616 440 1672 illa
469 1619 561 1673 die
591 1619 755 1679 dedit
780 1624 1042 1686 sanctus.
1062 1621 1369 1691 propterea
1396 1619 1552 1689 quod
1587 1619 1729 1672 dum
1770 1617 1853 1671 illi
1881 1616 2004 1689 plu-

337 1725 455 1773 res,
487 1712 544 1763 et
573 1707 812 1764 climate
842 1708 1115 1764 acumine
1141 1706 1377 1777 fuerint,
1399 1723 1432 1762 a
1463 1705 1668 1779 paucis
1697 1712 1754 1762 et
1803 1707 2002 1762 minus

337 1797 526 1852 acutis
567 1795 702 1852 victi
755 1797 1028 1852 abierint.
1066 1798 1217 1852 Tum
1249 1813 1355 1868 ego
1409 1795 1730 1868 respiciens
1780 1797 1850 1852 ad
1902 1813 2001 1852 eos

335 1886 435 1957 qui
456 1890 769 1958 prmscntes
791 1890 957 1942 erant
977 1885 1209 1943 ostendi
1227 1886 1444 1958 verbis,
1464 1886 1619 1958 quod
1643 1901 1798 1941 nunc
1814 1886 1996 1959 prodo

335 1974 571 2033 litteris.
768 2048 771 2053 Α

756 2068 952 2123 Auctor
980 2066 1045 2122 de
1073 2083 1131 2122 ρο
1159 2074 1354 2122 narrat
1382 2067 1579 2122 visum.

405 2157 497 2211 23.
524 2157 690 2212 Nunc
717 2157 789 2212 ad
812 2173 879 2211 ea
895 2174 1021 2228 qua:
1047 2171 1237 2212 meam
1264 2156 1494 2228 preprie
1531 2155 1829 2226 attingunt
1859 2172 1991 2227 per-

336 2262 565 2315 sonam,
597 2251 665 2301 ut
695 2245 895 2304 minus
925 2246 1171 2301 fortasse
1201 2245 1458 2317 sapiens,
1488 2243 1772 2311 transibo,
1803 2248 1860 2300 et
1909 2244 1992 2300 sic

333 2336 421 2391 ori
451 2334 752 2391 silentium
783 2351 1018 2407 ponam,
1047 2333 1322 2389 manibus
1354 2348 1583 2405 quoque
1615 2333 1801 2387 otium
1840 2332 1991 2387 indi-

333 2424 768 2490 cam.Quodam
798 2429 1061 2497 tempore
1092 2422 1330 2496 quidam
1374 2420 1643 2477 homines
1691 2422 1851 2493 gravi
1899 2438 1992 2477 me

331 2513 464 2569 odio
498 2514 875 2581 infestabant,
895 2530 999 2568 nec
1030 2516 1195 2585 prius
1217 2513 1288 2567 ab
1328 2511 1661 2566 infestando
1695 2511 1993 2583 quiescam

329 2603 813 2675 volebant,quam
846 2602 1035 2675 magis
1068 2602 1305 2674 injuriis
1326 2600 1601 2656 affectum
1626 2601 1992 2672 gravioribus

331 2694 702 2749 minarentur
731 2692 1129 2748 afﬁciendum.
1164 2692 1380 2746 Eorum
1428 2706 1560 2745 vero
1611 2690 1711 2762 qui
1753 2691 1990 2762 agenda}

331 2800 521 2838 causa
553 2786 766 2838 nostra:
789 2781 1023 2852 judices
1050 2780 1171 2835 dati
1203 2781 1443 2836 fuerunt
1473 2779 1555 2835 ita
1596 2780 1831 2836 animus
1872 2779 1991 2838 sive

334 2871 542 2945 gratia,
558 2871 678 2928 sive
709 2870 1148 2944 importunitate
1180 2868 1647 2924 adversariorum
1680 2888 1713 2925 a
1743 2888 1835 2927 me
1858 2872 1996 2929 alie-

335 2965 511 3017 natus
560 2964 670 3030 est,
702 2965 770 3016 ut
818 2975 1009 3031 neque
1057 2959 1317 3015 oratione
1366 2958 1606 3025 inﬂecti,
1640 2977 1827 3033 neque
1872 2962 1992 3020 ulla

337 3055 578 3121 possent
600 3049 822 3105 ratione
853 3048 1092 3104 moveri.
1125 3048 1452 3120 Desperans
1470 3065 1606 3121 ergo
1648 3050 1718 3105 de
1739 3052 1990 3108 subven~

336 3137 494 3193 tione
523 3138 852 3206 hominum,
886 3137 1071 3194 solius
1093 3137 1193 3192 Dei
1226 3154 1292 3193 ac
1324 3137 1477 3193 beati
1513 3138 1685 3195 istius
1706 3142 1990 3199 auxilium

337 3229 477 3284 duxi
508 3229 893 3301 quaerendum
926 3244 1073 3283 esse.
1091 3227 1293 3299 Itaque
1317 3232 1599 3284 nocturno
1622 3233 1884 3302 tempore
1905 3251 1992 3289 so-

2105 635 2540 689 commnnionis
2564 633 2885 705 antiphona
2909 634 3219 689 decertata
3240 632 3573 699 recessisse,
3590 638 3767 704 atque

2107 729 2172 778 ut
2204 723 2371 778 illum
2394 727 2723 795 expectaret
2755 723 2855 794 qui
2887 723 2957 777 ad
2992 722 3253 794 requiem
3280 721 3437 777 illius
3459 722 3769 777 decumbe-

2106 813 2209 867 bat
2239 813 2602 884 praecepisse.
2637 811 2977 883 Cogitabam
3012 811 3211 882 itaque
3243 828 3314 865 ne
3354 812 3499 866 forte
3531 827 3637 885 ego
3670 809 3769 867 ille

2107 920 2319 957 essem.
2353 903 2617 973 Cumque
2639 902 2746 955 hoc
2774 899 2833 954 in
2857 899 3053 955 animo
3083 900 3391 968 volverem,
3415 916 3774 974 consurgens

2108 996 2196 1045 tes
2237 992 2341 1045 viri
2386 991 2468 1044 illi
2502 990 2933 1062 apprehensum
2971 1007 3065 1044 me
3098 994 3430 1045 statuerunt
3480 990 3538 1045 in
3573 990 3769 1046 medio

2109 1081 2221 1148 sui,
2257 1080 2553 1135 alterutris
2583 1080 2823 1135 vocibus
2855 1096 2983 1134 esse
3032 1079 3405 1135 cohortantes
3440 1096 3453 1134 :
3488 1079 3610 1147 Eia,
3646 1080 3770 1135 fra-

2108 1173 2246 1235 tres,
2283 1168 2496 1222 missas
2529 1169 2934 1234 terminemus,
2971 1167 3247 1239 quoniam
3294 1166 3345 1223 is
3389 1168 3575 1235 adest,
3596 1169 3771 1240 cujus

2108 1257 2296 1329 gratia
2324 1256 2440 1314 ista
2465 1257 2665 1313 dilatio
2700 1258 2847 1312 facta
2879 1262 2986 1312 est.
3036 1256 3349 1328 Cmperunt
3394 1257 3589 1330 itaque
3629 1255 3769 1312 dul-

2110 1347 2366 1402 cissimis
2397 1364 2462 1402 ac
2494 1345 2984 1401 modulatissimis
3015 1346 3255 1401 vocibus
3285 1344 3552 1417 psallere,
3585 1349 3643 1401 et
3674 1362 3771 1401 me

2110 1436 2182 1492 ad
2214 1437 2674 1509 organizandum
2698 1436 2851 1507 quod
2877 1433 3209 1506 psallebant
3233 1434 3496 1502 invitare,
3512 1436 3640 1490 Dico
3664 1442 3769 1491 au-

2109 1534 2215 1582 tem
2248 1528 2392 1582 vobis
2424 1527 2618 1581 amicis
2646 1527 2804 1589 meis,
2836 1541 2905 1580 ne
2933 1525 3253 1580 terrcamini
3300 1524 3366 1579 ab
3413 1524 3499 1579 his
3549 1527 3646 1596 qui
3676 1534 3770 1580 ves

2104 1625 2527 1690 persequantur.
2546 1615 2631 1669 Ad
2660 1632 2807 1686 quas
2837 1631 3005 1670 voces
3038 1619 3410 1685 experrectus
3434 1614 3766 1683 confestim,

2112 1708 2184 1761 ad
2208 1706 2544 1777 sepulcrum
2567 1704 2751 1760 sancti
2775 1703 3306 1773 cucurri,medium
3330 1701 3475 1758 illud
3500 1703 3770 1776 utrisqim

2111 1794 2367 1851 brachiis
2399 1794 2763 1866 amplexatus
2794 1793 3291 1862 sum,vociferans
3329 1808 3396 1848 ac
3426 1792 3611 1872 nimia
3639 1797 3768 1848 cor-

2112 1886 2203 1941 dis
2223 1884 2580 1940 exultatione
2601 1882 2956 1956 proloquens
2980 1897 2994 1936 :
3017 1882 3292 1949 Adfuisti,
3309 1882 3478 1937 Pater
3496 1881 3775 1939 charissi-

2105 1991 2218 2044 me,
2240 1973 2511 2042 adfuisti;
2547 1973 2787 2029 adfuisti
2816 1973 2875 2027 in
2898 1972 3190 2045 angustiis
3210 1970 3518 2039 laboranti,
3538 1975 3596 2049 et
3632 1988 3768 2044 gra-

2101 2066 2245 2122 tiam
2278 2064 2363 2119 tui
2397 2062 2701 2119 humiliter
2728 2061 3074 2133 postulanti.
3102 2061 3252 2116 Vere
3283 2064 3523 2117 sanctus
3540 2059 3642 2116 Dei
3675 2070 3763 2130 es,

2103 2160 2160 2211 et
2211 2155 2604 2227 quodcunque
2650 2152 2739 2207 vis
2791 2151 2862 2206 ab
2912 2150 3012 2206 illo
3064 2151 3378 2223 impetrare
3410 2154 3596 2221 petes.
3630 2148 3767 2206 Jam

2102 2261 2347 2301 securus
2371 2243 2604 2316 judices
2636 2241 2830 2309 adibo,
2864 2256 2970 2296 nec
3001 2240 3197 2295 minas
3228 2239 3561 2312 cujuspiam
3592 2238 3770 2296 hodie

2104 2331 2858 2392 formidabo.Venientibus
2887 2347 3025 2403 ergo
3047 2328 3641 2403 judicibus,qu0rum
3674 2330 3768 2384 in-

2102 2424 2305 2483 terfuit
2353 2439 2593 2480 causam
2650 2422 3387 2489 terminare,accesserunt
3434 2417 3474 2473 ii
3526 2418 3626 2490 qui
3671 2434 3767 2474 me

2101 2517 2340 2572 turbare
2360 2500 2820 2583 imoliti,ac,cessi
2851 2515 2909 2566 et
2939 2525 3041 2581 ego
3072 2508 3433 2565 calumniam
3465 2508 3535 2564 de
3567 2508 3769 2564 adver-

2104 2605 2275 2662 sariis
2310 2600 2855 2673 movi.ltaque,Deo
2886 2598 3200 2670 adjuvante
3231 2602 3290 2653 et
3317 2597 3624 2653 Dunstano
3658 2612 3770 2668 pa-

2102 2695 2680 2759 trocinante,omnes
2738 2688 2887 2744 mihi
2940 2688 3317 2744 adversantes
3368 2687 3574 2755 devici,
3607 2690 3677 2742 ut
3706 2690 3767 2741 et

2102 2785 2213 2857 ipsi
2246 2781 2482 2855 propria
2514 2798 2621 2836 sua
2653 2778 2875 2835 ratione
2909 2778 3204 2844 caderent,
3221 2780 3277 2831 et
3301 2793 3406 2848 ego
3428 2792 3542 2832 non
3567 2775 3765 2832 solum

2103 2876 2315 2930 factam
2347 2871 2493 2927 mihi
2520 2868 2798 2941 injuriam
2831 2884 2947 2923 non
2980 2867 3540 2939 eﬂ‘ugerem,verum
3583 2866 3765 2924 etiam

2100 2964 2162 3019 in
2197 2980 2328 3019 mea
2358 2959 2695 3017 defensione
2737 2956 2913 3013 simul
2953 2960 3011 3012 et
3048 2955 3402 3013 exultatione
3433 2954 3764 3029 plurimum

2100 3052 2472 3110 exsultarem.

2520 3140 2716 3196 Auctor
2742 3139 2918 3194 multa
2944 3137 3335 3208 praetermittit.

2171 3235 2262 3288 24.
2290 3232 2450 3289 Satis
2494 3247 2624 3286 esse
2682 3228 2797 3284 ista
2843 3226 3136 3293 existimo,
3170 3225 3393 3281 domini
3444 3228 3504 3282 et
3559 3224 3765 3283 Patres

335 3318 557 3391 poratis
576 3316 1013 3388 omnibus,ejus
1031 3316 1372 3373 memoriam
1392 3314 1452 3371 in
1473 3330 1687 3390 magna
1704 3299 2064 3378 conﬁden-C
2104 3320 2459 3391 charissimi,
2494 3319 2581 3376 vel
2613 3318 2685 3375 ad
2735 3315 3125 3374 insinuandos
3173 3313 3527 3387 temporales
3572 3314 3766 3370 sancti

336 3407 421 3463 tia
449 3406 660 3478 adii,et
690 3406 1133 3463 multitudinem
1154 3405 1601 3462 miserationum
1624 3406 1783 3464 illius
1806 3427 1994 3483 geme-

333 3497 549 3553 bundis
572 3496 833 3563 vocibus,
869 3512 934 3551 ac
976 3494 1458 3567 lacrymabilibus
1507 3496 1692 3553 oculis
1741 3500 1988 3570 pulsavi.

333 3587 583 3643 Domum
607 3589 801 3642 mente
823 3586 1040 3653 fessus,
1058 3584 1221 3639 luctu
1236 3584 1989 3655 anxiusrecessi,secretum

332 3676 772 3748 petii,dolorem
794 3674 994 3732 cordis
1034 3673 1235 3746 requie
1285 3674 1647 3746 corporis,ut
1693 3677 1988 3736 interdum

332 3766 419 3834 ﬁt,
455 3765 635 3821 lenire
665 3765 1027 3821 desiderans.
1061 3764 1320 3819 Necdum
1355 3765 1498 3819 satis
1522 3766 1593 3820 ad
1616 3770 1987 3837 pausandum

333 3870 778 3927 composueram
811 3872 1021 3926 corpus
1055 3854 1197 3909 dum
1231 3855 1427 3909 animo
1451 3860 1661 3911 cuncta
1680 3860 1984 3928 excedens,

330 3945 557 4000 viderer
588 3944 731 4022 mihi
762 3944 823 3999 in
856 3944 1004 3999 atrio
1054 3942 1253 4015 templi
1287 3944 1529 3999 domum
1578 3945 1791 4014 videre,
1817 3950 1988 4019 cujus

332 4034 677 4107 magnitudo
708 4033 1018 4105 mirabilis,
1046 4031 1419 4105 pulchritudo
1444 4033 1893 4104 inaestimabilis,
1913 4039 1985 4093 ad

333 4140 511 4195 quam
545 4140 716 4179 nemo
749 4122 861 4178 nisi
893 4140 995 4194 per
1027 4123 1347 4194 quamdam
1381 4140 1670 4194 aquarum
1703 4124 1985 4182 colluvio-

334 4228 468 4267 nem
502 4216 728 4283 poterat
757 4212 1027 4267 transire.
1048 4210 1261 4265 Verum
1294 4212 1405 4265 ista
1428 4213 1874 4271 transeuntibUs
1896 4215 1986 4273 lex

333 4306 476 4369 erat,
512 4306 577 4356 ut
605 4305 825 4372 quanto
858 4299 1048 4373 magis
1076 4300 1156 4354 ad
1189 4298 1498 4353 introitum
1530 4300 1740 4356 domus
1770 4320 1984 4375 appro-

331 4388 706 4460 pinquarent,
742 4391 905 4442 tanto
945 4386 1145 4441 minus
1176 4385 1411 4441 easdem
1462 4386 1747 4444 sentirent
1779 4408 1982 4463 aquas.

328 4476 676 4532 Transibam
699 4492 805 4547 ego
828 4491 963 4531 cum
987 4473 1452 4539 transeuntibus,
1468 4490 1531 4528 ac
1557 4481 1985 4539 rarescentibus

327 4565 496 4636 aquis
509 4565 580 4619 ad
604 4563 880 4620 ulteriora
893 4561 1036 4617 alvei
1061 4561 1256 4616 littora
1278 4562 1716 4633 perveniebam;
1738 4584 1984 4642 moxque

2102 3412 2208 3467 viri
2232 3410 2481 3478 labores,
2496 3408 2585 3465 vel
2609 3410 2681 3465 ad
2703 3407 2832 3477 ejus
2853 3405 3272 3478 sempiternam
3296 3402 3540 3478 gloriam
3560 3403 3765 3460 catho-

2099 3500 2222 3558 lica:
2253 3499 2522 3556 Ecclesia:
2572 3497 2847 3554 fidelibus
2897 3494 3456 3561 commendandam;
3491 3510 3607 3549 non
3644 3510 3764 3566 quo

2101 3591 2271 3665 plura
2299 3606 2416 3645 non
2446 3588 2586 3657 sint,
2605 3593 2662 3644 et
2692 3588 2939 3642 fortasse
2969 3584 3063 3640 his
3093 3584 3340 3656 majora,
3355 3588 3483 3655 Qua:
3515 3582 3589 3638 ad
3636 3582 3765 3639 haec

2100 3680 2326 3737 narrari
2359 3678 2591 3735 valeant
2615 3694 2628 3732 :
2657 3678 2757 3732 sed
2783 3675 2938 3748 quod
2971 3690 3041 3730 ea
3069 3672 3443 3729 solummodo
3472 3670 3765 3728 voluerim

2100 3788 2355 3835 narrare,
2378 3786 2503 3840 quae
2536 3769 2713 3823 fidem
2744 3764 2924 3835 (sicut
2945 3764 3225 3836 prooemio
3255 3760 3397 3831 dixi)
3428 3777 3543 3815 non
3590 3760 3763 3817 vide-

2098 3864 2302 3915 rentur
2331 3858 2625 3913 excedere.
2658 3855 2801 3921 Quis
2833 3868 3086 3926 namque
3113 3851 3313 3909 statim
3336 3848 3484 3905 mihi
3506 3849 3763 3905 creduli-

2098 3954 2278 4004 tatem
2313 3945 2801 4011 accomodaret,si
2833 3943 3087 3998 dicerem
3113 3946 3217 3997 aut
3242 3938 3466 3995 vestem
3495 3938 3663 3993 illum
3688 3939 3760 3994 in

2096 4038 2372 4095 columna
2410 4035 2559 4092 lucis
2605 4033 3004 4107 suspendisse,
3038 4035 3142 4087 aut
3171 4035 3489 4085 extremam
3522 4029 3763 4099 cognati

2096 4126 2358 4201 parentis
2374 4130 2691 4198 egestatem
2710 4125 2783 4180 ad
2802 4136 3067 4179 summas
3087 4120 3320 4176 divitias
3341 4117 3564 4173 nummi
3584 4115 3765 4172 dimi-

2095 4217 2190 4272 dio
2216 4210 2595 4288 perduxisse?
2617 4215 2798 4285 Cujus
2823 4211 3087 4268 animum
3109 4208 3316 4264 horror
3344 4223 3458 4262 non
3483 4204 3762 4278 percelle~

2096 4305 2268 4371 ret,si
2302 4304 2531 4360 audiret
2563 4302 2920 4359 monachum
2947 4297 3375 4369 Jerosolymam
3406 4295 3520 4368 (69)
3544 4310 3760 4367 prope-

2095 4394 2433 4462 rantem,ab
2466 4391 2720 4449 exercitu
2761 4386 3132 4461 imperatoris
3181 4383 3760 4456 Constantinopolim

2096 4485 2588 4548 circumventum,
2611 4481 2684 4535 ad
2707 4480 2892 4535 solam
2920 4477 3109 4533 sancti
3143 4474 3304 4530 illius
3326 4474 3760 4531 invocationem

2097 4575 2170 4630 ab
2184 4590 2387 4628 eorum
2407 4566 2825 4627 molestissima
2837 4565 3157 4636 irruptione
3175 4564 3486 4619 liberatum
3498 4562 3528 4618 ‘2
3545 4565 3759 4632 Quem,

325 4649 1983 4730 domumingrediens,vidcbamtotamillammajoriquam
2016 4677 2062 4741 Β
2096 4664 2358 4734 inquam,
2385 4666 2588 4730 stupor
2619 4675 2734 4713 non
2767 4654 3226 4727 apprehenderct
3255 4650 3759 4721 considerantem,

323 4742 499 4799 solari
522 4742 786 4797 claritate
819 4738 1158 4810 fulgentem,
1184 4744 1396 4794 emtum
1429 4742 1599 4811 quasi
1642 4751 1981 4805 sanctorum

321 4830 599 4886 ineffabili
623 4828 878 4900 quadam
901 4825 1185 4880 suavitate
1206 4825 1529 4882 laetantium
1556 4829 1981 4893 circumseden-

322 4925 470 4975 tem:
506 4923 563 4974 et
594 4915 913 4989 quamdam
946 4914 1174 4970 decoris
1207 4915 1616 4985 subtilitatem,
1650 4937 1775 4992 qua:
1808 4928 1980 4985 modo

320 5007 579 5082 crystalli
613 5001 897 5077 pervideri
916 5008 1115 5073 posset
1138 5003 1323 5059 oculis
1355 5004 1711 5064 intuentium
1734 5019 1978 5082 praeten-

321 5099 578 5152 dentem.
594 5091 1050 5148 Considerabam
1069 5091 1432 5164 diligentius,
1452 5096 1650 5152 volens
1665 5100 1981 5171 doprehen-

320 5188 476 5253 dere,
493 5184 647 5239 unde
664 5179 843 5234 etiam
868 5180 1167 5237 immensae
1190 5182 1340 5239 lucis
1366 5183 1601 5240 claritas
1624 5199 1977 5264 coruscarct,

278 5322 289 5327 _
320 5279 376 5329 ct
402 5267 867 5327 videbaturmilii
895 5270 1049 5338 quod
1077 5288 1189 5324 non
1213 5272 1449 5327 aliunde
1471 5291 1647 5344 quam
1681 5276 1751 5331 de
1769 5296 1977 5351 corpo-

319 5363 484 5417 ribus
515 5360 852 5413 sanctorum
876 5357 1029 5412 idem
1063 5359 1340 5431 Splendor
1369 5360 1569 5416 exiret.
1592 5364 1975 5440 Interroganti

317 5454 513 5505 autem
545 5444 689 5499 mihi
723 5464 848 5516 qua:
872 5446 991 5500 haec
1024 5451 1524 5515 essent,edoctum
1559 5458 1645 5515 c:._t
1672 5452 1826 5508 hunc
1848 5476 1975 5515 esse

317 5538 538 5592 elerum
594 5534 793 5604 magni
844 5535 1152 5605 Dunstani,
1208 5538 1373 5592 illuni
1418 5555 1550 5592 vero
1615 5539 1787 5610 paulo
1838 5550 1973 5602 ante

2089 4752 2178 4807 vel
2228 4753 2416 4806 furem
2472 4765 2505 4802 a
2553 4750 2756 4801 sancto
2815 4741 3289 4814 perterrefactum
3334 4754 3429 4792 res
3476 4755 3511 4792 a
3549 4742 3763 4810 requie

2092 4840 2250 4895 illius
2281 4840 2612 4908 exportatas
2641 4833 2701 4888 in
2725 4833 2871 4887 atrio
2900 4828 3101 4901 templi
3123 4826 3379 4882 illibatas
3400 4826 3758 4899 reliquisse;

2088 4929 2176 4984 vel
2202 4927 2382 4982 civem
2405 4922 2728 4980 Cantuarios
2754 4925 2956 4976 contra
2978 4917 3307 4991 oppositam
3331 4915 3522 4971 sancti
3546 4923 3760 4974 aucto-

2089 5017 2319 5072 ritatem
2352 5013 2745 5069 substantiam
2770 5010 3026 5068 ecclesia:
3049 5006 3263 5064 Christi
3287 5004 3752 5076 subripientem,

2088 5110 2219 5177 post
2250 5120 2469 5176 paucos
2498 5103 2623 5158 dies
2654 5118 2885 5174 pcnnam
2918 5116 3038 5155 suae
3070 5094 3423 5154 temeritatis
3453 5093 3703 5149 solvisse
3725 5097 3758 5152 ‘I

2085 5195 2311 5251 Videtis
2344 5194 2558 5266 quibus
2590 5191 3199 5262 abstineo,proptcrea
3220 5185 3374 5258 quod
3408 5183 3755 5239 aestimatio-

2089 5302 2221 5340 nem
2275 5281 2640 5340 audientium
2686 5279 3029 5353 supergredi
3076 5275 3239 5345 nolo;
3274 5290 3400 5346 qua:
3449 5277 3647 5327 tamen
3701 5274 3758 5330 si

2086 5389 2630 5440 commemorarem,
2674 5369 3038 5426 incredibilis
3094 5382 3224 5422 esse
3282 5380 3400 5419 non
3449 5361 3754 5433 deberem,

2086 5469 2394 5533 propterea
2426 5462 2578 5533 quod
2615 5460 2761 5515 nihil
2794 5465 2884 5515 est
2915 5454 3298 5521 difficultatis,
3334 5451 3433 5507 ubi
3457 5450 3756 5510 Dominus

2090 5550 2361 5605 Christus
2393 5556 2595 5604 auctor
2624 5554 2711 5604 cst
2742 5549 2954 5621 operis.
2980 5546 3201 5603 Deinde
3228 5559 3387 5598 more
3435 5543 3750 5597 cantorum

383 5636 497 5701 (69)
531 5631 649 5685 Ποῖ)
682 5631 1044 5719 Πιίνίιυξξὶυιη.
1067 5637 1248 5715 refert
1271 5635 1573 5719 Osbertus,
1602 5636 1770 5690 infra.
1802 5639 1976 5719 Aliud
2010 5645 2082 5700 ab
2124 5647 2257 5704 aliis
2289 5649 2750 5719 praetermissum
2800 5651 3087 5702 memorat
3134 5640 3469 5697 Willelmus
3502 5638 3573 5693 de
3615 5638 3751 5697 fure

313 5720 622 5778 suspenso,
660 5720 833 5771 quem
865 5704 1204 5762 Dunstanus
1237 5703 1589 5761 incolumem
1621 5710 1884 5766 servavit.
