3912 6358
141 431 262 492 473
318 496 335 505 ,

1654 428 2064 490 EPISTOLA.

3452 437 3570 497 474

137 556 201 621 in
231 563 514 622 conviviis
544 563 846 637 agentium
878 564 1144 631 fecimus,
1172 562 1273 636 qui
1306 564 1443 618 dum
1478 562 1800 635 pulcherri-
1830 562 1887 630 Α
1914 562 2087 619 ﬂcarc
2116 563 2318 619 voluit.
2352 564 2709 620 Veneremur
2740 580 2971 639 quoque
3004 565 3168 621 illum
3192 565 3250 622 in
3282 565 3400 624 Deo
3421 567 3572 639 ejus-

142 671 308 711 mum
343 660 453 723 est,
479 654 742 710 medium
774 672 1009 709 carmen
1045 653 1297 709 recidere
1320 652 1597 719 assolent,
1616 671 1729 724 quo
1755 658 1811 707 et

140 746 384 800 taedium
428 742 809 800 audientibus
852 743 1112 810 tollatur,
1146 760 1499 815 rursumque
1533 744 1805 797 audiendi

142 832 457 891 oblectatio
486 834 679 903 major
709 832 1011 888 excitetur.
1036 833 1120 887 Ad
1152 837 1515 904 postremum
1550 849 1684 886 vero
1720 832 1806 885 di-

134 923 313 979 cendi
346 923 654 996 praeceptis
684 922 771 978 vel
823 922 882 977 in
918 924 1030 976 fine
1063 922 1241 993 hujus
1274 922 1553 977 orationis
1607 938 1808 993 parere

140 1013 466 1079 voluimus,
499 1013 600 1084 qui
655 1011 966 1068 commotis
998 1010 1212 1066 animis
1264 1012 1597 1065 auditorum
1634 1014 1807 1064 tinem

144 1106 378 1176 ponunt
420 1100 631 1156 ofﬁciis
663 1105 981 1155 oratorum.
1008 1101 1152 1155 Nam
1206 1100 1481 1172 lacryma,
1516 1104 1579 1153 ut
1607 1099 1808 1153 Tullus

145 1192 246 1257 ait,
283 1190 365 1245 nil
403 1190 580 1246 citius
611 1189 843 1245 arescit.
879 1190 1039 1255 Quod
1092 1190 1139 1244 si
1190 1205 1315 1260 ego,
1351 1189 1501 1244 sicut
1532 1190 1807 1259 Oportuit,

146 1280 415 1337 officium
464 1279 682 1352 peregi,
726 1282 920 1351 grates
973 1279 1211 1333 obsecro
1261 1278 1645 1349 omnipotenti
1695 1278 1809 1332 Deo

147 1386 385 1426 mecum
448 1367 746 1437 exsolvite,
781 1368 952 1439 cujus
1001 1370 1066 1422 ut
1113 1367 1311 1438 peragi
1364 1370 1563 1437 posset
1612 1372 1808 1421 actum

150 1460 239 1515 est
269 1458 669 1525 miseratione,
704 1457 797 1512 sin
828 1473 961 1511 vero
993 1456 1189 1510 minus
1236 1456 1499 1527 apposite
1531 1455 1668 1522 dixi,
1695 1474 1810 1511 non

148 1548 281 1604 ideo
314 1548 513 1602 minus
544 1546 595 1601 is
626 1546 696 1600 de
746 1561 862 1617 quo
894 1545 1011 1600 dixi
1045 1545 1219 1599 debet
1268 1546 1604 1616 appretiari,
1641 1562 1810 1616 prop-

148 1643 310 1692 terea
369 1636 524 1708 quod
594 1633 741 1690 nihil
801 1638 890 1689 est
947 1631 1277 1706 indignius,
1341 1652 1518 1705 quam
1579 1638 1814 1706 propter

146 1726 359 1780 vitium
394 1722 707 1779 scribentis
754 1722 1030 1777 virtutem
1070 1722 1336 1777 minuere
1360 1719 1525 1777 'bene
1576 1738 1809 1793 prome-

148 1815 355 1871 rentis.
394 1811 591 1869 Potius
623 1813 683 1868 in
716 1811 816 1869 illo
856 1812 1040 1868 Deum
1072 1811 1539 1883 magniﬁcemus,
1577 1829 1815 1868 nomen-

149 1921 262 1978 que
293 1902 456 1959 illius
496 1902 766 1958 certatim
812 1900 1061 1957 invicem
1109 1900 1456 1967 exaltemus,
1491 1905 1728 1973 agentes
1759 1902 1809 1956 ei
1840 1939 1887 2004 Β

149 1992 391 2068 gratias,
422 1991 527 2064 qui
559 1990 730 2047 illum
781 1994 914 2046 ante
962 1990 1169 2045 mundi
1226 1989 1703 2046 constitutionem
1752 1991 1811 2046 in

149 2088 362 2140 eterna
392 2098 503 2137 sua
545 2078 842 2153 sapientia
880 2078 1073 2152 elegit,
1111 2083 1167 2134 et
1195 2079 1516 2152 Anglorum
1548 2084 1814 2153 tempora

146 2182 247 2245 per
275 2170 681 2228 ostensioncm
728 2168 1047 2243 corporalis
1088 2169 1407 2242 praesentiae
1440 2168 1597 2225 illius
1630 2168 1809 2226 beati-

1918 670 2031 724 que
2082 654 2289 708 merita
2341 653 2590 709 summis
2651 654 2971 709 honoribus
3022 654 3385 724 attollamus,
3428 658 3570 713 certi

1918 743 2070 813 quod
2107 743 2175 797 ad
2212 742 2309 796 Dei
2358 744 2603 814 glnriam
2655 744 2959 815 pertineat,
2995 744 3283 816 quidquid
3332 745 3391 801 in
3441 746 3571 816 ejus

1915 831 2284 885 veneratione
2310 838 2505 887 nostra
2528 832 2751 887 devotio
2782 832 3077 888 informat.
3102 835 3380 889 Amemus
3401 834 3569 891 illum

1919 936 1985 974 ex
2016 922 2290 975 omnibus
2331 921 2593 976 eorrlium
2643 926 2975 977 nostrorum
3027 923 3320 990 medullis,
3356 941 3422 979 ac
3471 936 3575 997 per

1918 1009 2085 1064 illum
2119 1011 2405 1081 quidquid
2438 1028 2471 1065 a
2501 1011 2616 1066 Deo
2659 1011 2906 1067 tideliter
2952 1012 3312 1084 petierimus,
3339 1029 3445 1069 nos
3479 1030 3573 1069 re—

1920 1105 2190 1171 cepturos
2225 1118 2528 1172 speremus
2554 1118 2567 1154 :
2595 1106 2897 1172 prepterea
2917 1103 3070 1173 quod
3103 1102 3248 1157 nihil
3272 1103 3440 1159 nobis
3472 1104 3573 1159 Dei

1920 1188 2232 1244 clementia
2264 1189 2809 1261 poteritzclenegare,
2836 1191 2881 1243 si
2909 1207 3081 1262 quem
3117 1190 3211 1246 ille
3231 1191 3442 1264 diligit,
3468 1209 3573 1248 nos

1922 1278 2330 1333 studuerimus
2379 1283 2435 1332 et
2485 1279 2680 1332 animo
2714 1277 2973 1349 diligere,
2997 1284 3054 1333 et
3099 1281 3376 1352 obsequio
3402 1296 3573 1336 vene-

1921 1366 2060 1422 rari.
2111 1365 2367 1422 Gloriam
2419 1368 2805 1438 omnipotenti
2867 1367 2981 1422 Deo
3032 1368 3206 1436 Patri,
3258 1369 3359 1441 qui
3407 1368 3575 1425 illum

1922 1456 2085 1521 fecit;
2120 1456 2306 1525 gloria
2339 1456 2639 1525 unigenito
2672 1457 2771 1511 Dei
2798 1455 2940 1511 Filio
2962 1456 3062 1528 qui
3096 1456 3262 1512 illum
3296 1458 3573 1526 redemit;

1921 1545 2108 1617 gloria
2139 1544 2379 1616 Spiritui
2416 1549 2617 1599 sancto
2651 1545 2752 1616 qui
2786 1544 2951 1599 illum
2987 1563 3097 1600 sua
3136 1546 3325 1617 gratia
3358 1546 3577 1602 illumi-

1922 1634 2109 1700 navit;
2146 1631 2245 1687 uni
2279 1633 2385 1688 soli
2416 1634 2543 1687 vivo
2572 1637 2629 1688 et
2658 1650 2790 1689 vero
2820 1635 2936 1689 Deo
2978 1633 3108 1689 laus
3154 1640 3211 1691 et
3250 1636 3574 1708 gratiarum

1923 1723 2071 1778 actio
2103 1738 2207 1795 per
2236 1722 2467 1777 inﬁnita
2497 1721 2708 1778 Saecula
2739 1723 3106 1793 smculorum,
3140 1741 3331 1783 amen.

1993 1904 2177 1968 Quem
2209 1917 2396 1972 genus
2429 1900 2694 1973 insignit,
2720 1900 2906 1957 virtus
2936 1901 3198 1960 attollere
3226 1908 3431 1973 certat,

2064 1991 2208 2046 Huic
2241 1991 2379 2045 dare
2410 1995 2611 2046 nostra
2637 1990 2844 2046 cohors
2879 2008 3126 2049 munera
3151 1993 3346 2050 laudis
3377 1992 3574 2052 habet.

1994 2081 2334 2136 Dunstanus
2369 2080 2535 2135 Pater
2564 2079 2815 2135 eximius
2843 2082 3209 2137 venerandus
3240 2081 3300 2137 in
3330 2083 3488 2140 orbe.

2067 2168 2201 2224 Post
2230 2167 2506 2237 hiemem,
2538 2167 2691 2225 veris
2718 2171 2984 2243 tempora
3012 2169 3143 2226 laeta
3173 2169 3351 2229 subit.

142 2348 3571 2375 ww

1312 2504 1435 2606 S.
1534 2491 2421 2606 DUNSTANI

1595 2708 2134 2799 EPISTULA

974 2890 1066 2946 AD
1107 2890 1551 2949 WULFSINUM
1595 2887 2300 2949 SCHIREBURNENSEM
2343 2888 2746 2948 EPISCOPUM

1228 3043 1492 3117 (Mabill.,
1526 3044 1652 3101 Acta
1691 3043 1809 3109 SS.,
1843 3041 2050 3100 Sieculi
2080 3041 2146 3110 V,
2182 3059 2313 3115 pag.
2345 3041 2494 3116 239.)

1629 3204 2028 3217 *ἡ

216 3325 286 3382 D.
320 3324 426 3382 Dei
456 3324 689 3399 [gratia]
712 3325 1187 3400 archiepiscopus
1210 3327 1365 3383 fideli
1398 3328 1583 3385 amico
1607 3329 1813 3385 Wunr-
1840 3322 2237 3403 Cibabitatcr.‘
2260 3326 2459 3382 Mitem
2492 3331 2548 3384 te
2579 3332 2634 3384 et
2663 3327 2948 3387 humilem
2982 3330 3053 3388 ad
3087 3330 3357 3390 meliores
3389 3336 3581 3392 osten-

144 3428 278 3471 smo
308 3414 585 3488 episcopo
609 3419 836 3471 aeternae
866 3416 1167 3489 sospitatis
1196 3421 1253 3474 et
1284 3418 1443 3490 pacis
1475 3418 1534 3474 in
1566 3418 1811 3475 Domino

132 3502 247 3559 "Dei
280 3501 559 3559 salutem.

217 3592 455 3649 Gratias
487 3592 897 3667 agamus'Deo,
924 3593 1023 3667 qui
1055 3611 1162 3650 nos
1192 3594 1467 3669 indignos
1489 3601 1544 3654 et
1572 3597 1812 3655 ultimos

145 3697 454 3737 servorum
504 3697 749 3738 suorum
797 3683 1212 3753 prmordinavit
1260 3686 1331 3740 ad
1380 3686 1639 3758 regimen
1692 3706 1810 3743 sua}

130 3776 363 3825 sanctas
394 3767 666 3826 Ecclesia:
698 3769 757 3824 in
788 3774 911 3824 tam
956 3770 1299 3841 periculosis
1331 3777 1388 3827 et
1419 3771 1811 3829 laboriosissi-

138 3858 258 3915 mis
290 3858 683 3932 temporibus.
707 3859 778 3913 Et
808 3874 964 3914 nunc
994 3858 1055 3914 in
1088 3875 1400 3917 commune
1431 3863 1814 3935 deprecemur

144 3946 570 4020 omnipotentis
601 3947 702 4003 Dei
726 3946 1097 4004 clementiam
1134 3952 1196 4004 ut
1225 3948 1321 4005 ille
1353 3966 1459 4006 nos
1491 3952 1724 4024 adjuvet
1751 3952 1811 4007 in

138 4038 305 4093 ’omni
337 4054 513 4110 opere
545 4036 721 4093 bono.
758 4037 829 4092 Et
856 4041 941 4105 tu,
967 4037 1311 4095 cbarissimc
1351 4038 1546 4111 frater,
1572 4041 1814 4098 viriliter

138 4124 257 4194 fac,
289 4130 363 4182 et
394 4126 622 4182 fortiter
652 4140 800 4199 opus
849 4126 1082 4182 Domini
1112 4130 1269 4200 quod
1318 4128 1498 4185 habes
1532 4130 1592 4186 in
1622 4131 1809 4186 mani-

144 4215 276 4284 bus,
308 4216 527 4290 perﬁce
558 4216 631 4271 ad
664 4216 990 4272 mercedem
1024 4216 1234 4273 animae
1285 4223 1495 4274 nostra:
1527 4223 1584 4274 et
1615 4220 1685 4276 ad
1718 4238 1810 4277 sa-

147 4304 326 4363 lutem
358 4305 689 4361 multarum
721 4303 1074 4362 animarum.
1101 4307 1227 4363 Non
1261 4312 1448 4362 cesset
1476 4308 1680 4381 lingua
1710 4314 1811 4366 tua

143 4393 202 4450 in
227 4390 628 4468 prmdicando,
664 4408 780 4449 non
811 4410 911 4466 pes
953 4399 1094 4451 tuus
1124 4397 1543 4453 circumeundo
1573 4413 1808 4472 gregem

142 4483 246 4539 tibi
278 4482 708 4552 commissum;
740 4498 858 4539 non
888 4499 1102 4541 manus
1148 4489 1252 4541 tua
1299 4500 1333 4540 a
1380 4484 1720 4558 laborando,
1746 4494 1811 4545 ut

144 4571 527 4645 eleemosynae
554 4571 707 4629 ﬂant
736 4584 839 4647 per
857 4578 932 4641 te,
956 4578 1022 4629 ut
1043 4578 1261 4649 sanctae,
1292 4574 1392 4630 Dei
1426 4574 1641 4648 ubique
1664 4578 1811 4633 exal-

138 4665 294 4718 tatur
343 4660 629 4719 Ecclesia.
661 4661 802 4718 Esto
852 4663 1040 4718 forma
1087 4663 1616 4736 saluti'sfomnium,
1646 4667 1705 4722 in
1754 4672 1809 4724 te

134 4748 215 4808 ἐει
242 4748 588 4825 ειεωριιιω
621 4751 1080 4808 conversationis
1118 4752 1527 4821 sanctissimae,
1558 4754 1617 4809 in
1650 4759 1704 4811 te
1734 4757 1810 4813 sit

136 4836 419 4897 solatium
450 4841 831 4910 miserorum,
849 4840 909 4897 in
933 4846 987 4898 te
1017 4842 1804 4923 confortati‘o‘dubitantium,

137 4931 196 4989 in
224 4935 284 4987 te
314 4926 647 5003 disciplina:
675 4928 872 5002 Zrigor,
907 4931 966 4986 in
998 4936 1054 4987 te
1082 4931 1342 4989 veritatis
1392 4926 1627 5001 fiducia,
1658 4933 1718 4990 in
1752 4939 1807 4992 te

136 5018 315 5075 totius
348 5012 636 5075 bonitatis
669 5035 825 5091 spes.
858 5021 983 5077 Non
1013 5023 1070 5077 te
1100 5021 1296 5079 saeculi
1329 5030 1543 5095 pompa
1573 5024 1801 5098 exaltet,

141 5125 253 5164 non
302 5100 575 5165 ciborum
627 5106 803 5165 luxus
858 5114 1110 5177 enervet,
1156 5128 1273 5167 non
1321 5110 1804 5171 vestimentorum

141 5197 364 5254 t'anitas
395 5197 683 5263 emolliat,
716 5214 831 5253 non
874 5198 1241 5256 adulantium
1294 5200 1496 5274 lingua
1525 5203 1647 5257 deei
1657 5204 1797 5276 piat,

138 5296 252 5342 non
284 5287 733 5346 detrahentium
764 5289 1087 5346 adversitas
1116 5291 1440 5359 conturbet,
1466 5308 1583 5347 non
1613 5293 1806 5349 tristia

140 5375 433 5450 frangant,
468 5394 589 5434 non
621 5376 755 5433 laeta
800 5378 1041 5435 elevent.
1067 5379 1193 5435 Non
1245 5379 1327 5436 sis
1379 5383 1603 5437 arundo
1634 5387 1802 5440 vento

141 5465 372 5537 agitata,
408 5485 530 5523 non
582 5467 690 5521 flos
739 5484 891 5522 aurae
940 5469 1307 5543 tempestatis
1358 5471 1651 5539 decidens,
1685 5489 1801 5527 non

142 5558 321 5625 paries
358 5558 634 5623 ruinos'a,
666 5572 781 5611 non
826 5558 1037 5613 domus
1088 5577 1265 5631 super
1303 5576 1542 5616 arenam
1590 5560 1799 5633 posita,

142 5644 233 5699 sed
266 5646 569 5719 templum
603 5649 728 5700 esto
775 5644 876 5701 Dei
907 5646 1017 5701 vivi
1070 5665 1246 5720 super
1294 5649 1525 5706 ﬁrmam
1576 5656 1801 5723 petram

139 5740 569 5805 constructum,
594 5734 767 5804 cujus
798 5736 921 5808 ipse
967 5736 1043 5795 sit
1077 5736 1328 5810 Spiritus
1361 5738 1678 5812 paraclitus
1713 5740 1800 5797 in-

1923 3415 2015 3483 de,
2039 3416 2255 3471 durum
2287 3421 2343 3471 et
2374 3418 2631 3491 rigidum
2654 3419 2725 3473 ad
2751 3418 3059 3492 superbos,
3082 3421 3281 3478 omnia
3303 3423 3580 3481 omnibus

1923 3504 2132 3571 factus,
2157 3509 2221 3559 ut
2242 3522 2445 3561 omnes
2466 3504 2680 3561 lucrari
2711 3508 2931 3579 possis;
2966 3507 3182 3566 habeas
3212 3511 3271 3565 in
3304 3511 3578 3568 manibus

1922 3591 2041 3649 tuis
2071 3592 2183 3648 mel
2217 3598 2273 3649 et
2304 3593 2692 3664 absinthium,
2725 3595 3010 3668 quidquid
3050 3597 3143 3653 cui
3188 3598 3415 3670 placeat
3445 3600 3579 3658 edat

1922 3697 1989 3736 ex
2021 3680 2173 3737 illis:
2199 3682 2293 3736 cui
2327 3684 2397 3738 de
2428 3683 2525 3755 pia
2564 3684 2975 3755 praedicatione
3012 3685 3165 3742 vesci
3197 3686 3394 3756 libeat,
3419 3690 3578 3747 acci-

1922 3772 2043 3844 piat
2073 3771 2221 3839 mel;
2265 3772 2366 3844 qui
2419 3772 2567 3828 dura
2615 3773 2937 3830 invectione
2984 3773 3263 3849 indigeat,
3300 3776 3463 3836 bibat
3509 3795 3579 3836 ex

1922 3861 2238 3929 absinthio,
2262 3859 2345 3916 ita
2374 3866 2569 3917 tamen
2596 3867 2659 3918 ut
2685 3861 2857 3919 liceat
2889 3863 2937 3919 ei
2973 3862 3087 3920 mel
3118 3864 3298 3922 veniae
3321 3884 3574 3940 sperare,

1921 3948 1971 4005 si
2022 3967 2188 4005 rosea
2237 3951 2524 4006 confessio
2577 3952 2927 4025 poenitentiae
2979 3955 3267 4027 praecedat
3314 3973 3326 4013 :
3380 3959 3579 4015 omnia

1918 4042 2112 4095 vestra
2141 4038 2389 4096 benesta
2419 4057 2553 4096 cum
2585 4042 2786 4097 ordine
2818 4044 2981 4099 fiant.
3000 4046 3258 4118 Tempus
3287 4046 3580 4105 statuatur

1919 4125 2177 4197 lectioni,
2199 4134 2254 4185 et
2285 4130 2466 4186 oratio
2499 4148 2637 4187 suas
2684 4131 2900 4188 habeat
2936 4120 3130 4204 horas,
3155 4140 3211 4190 et
3260 4134 3579 4194 missarum

1921 4218 2207 4274 solemnia
2265 4219 2498 4291 preprio
2556 4222 2817 4293 tempore
2866 4223 3229 4280 conveniant.
3266 4225 3374 4293 Qui
3424 4226 3578 4283 diem

1921 4308 2092 4381 sapit.
2126 4309 2373 4364 Domino
2406 4308 2614 4382 sapiat,
2645 4310 2730 4365 Sit
2780 4312 3046 4368 modesta
3086 4312 3146 4368 in
3194 4315 3449 4371 convivis
3481 4315 3577 4373 Iaz-

1918 4397 2067 4465 titia,
2094 4398 2169 4453 sit
2205 4401 2366 4454 casta
2396 4397 2454 4453 in
2488 4397 2734 4471 jejuniis
2760 4400 3093 4472 perceptio:
3119 4400 3344 4458 lavetur
3391 4405 3576 4476 pceni-

1909 4481 2102 4543 tentia
2143 4486 2336 4554 facies,
2380 4490 2635 4560 ungatur
2665 4486 2791 4543 oleo
2840 4488 3251 4545 misericordiae
3283 4495 3478 4564 caput,
3513 4498 3579 4550 ut

1918 4575 2117 4631 omnia
2146 4574 2526 4646 aeceptabilia
2556 4577 2701 4632 fiant
2747 4576 2993 4633 Domino
3025 4577 3160 4645 Deo,
3186 4579 3286 4651 qui
3316 4583 3373 4636 te
3402 4579 3578 4655 elegit

1912 4660 2031 4720 sibi
2080 4664 2460 4720 sacerdotem.
2497 4664 2715 4720 Ducem
2767 4664 3015 4721 admone
3046 4671 3103 4722 et
3133 4670 3337 4726 omnes
3387 4687 3577 4729 sescu-

1910 4748 2070 4808 lares
2110 4752 2425 4824 principes,
2461 4752 2526 4807 'ut
2568 4752 2843 4825 pietatem
2881 4758 2951 4810 et
3001 4754 3465 4814 misericordiam
3515 4760 3575 4818 in

1908 4837 2151 4915 judiciis
2185 4846 2548 4909 conservent,
2593 4842 2948 4899 munditiam
2979 4845 3170 4902 cordis
3213 4849 3271 4903 et
3316 4851 3576 4922 corporis

1916 4948 2148 5004 semper
2176 4930 2442 5003 diligant,
2479 4930 2619 5003 quia
2668 4931 2809 4987 beati
2854 4933 3058 4989 mundo
3105 4935 3281 5004 corde,
3316 4940 3578 5010 quoniam

1916 5022 2025 5094 ipsi
2072 5020 2241 5075 Deum
2283 5017 2560 5075 videbunt.
2602 5019 2922 5078 Ecclesiam
2972 5022 3187 5080 Christi
3239 5026 3574 5096 defendant,

1915 5115 1981 5167 ut
2009 5125 2211 5167 eorum
2244 5108 2478 5178 adjutor
2507 5126 2574 5166 ac
2604 5110 2875 5167 defensor
2906 5112 3008 5168 ﬁat
3050 5113 3336 5171 Dominus
3380 5115 3574 5174 Eccle-

1916 5200 2034 5257 sia).
2066 5198 2273 5255 Viduis
2332 5203 2389 5253 et
2446 5199 2687 5271 pupillis
2747 5200 3177 5272 misericordes,
3226 5209 3292 5260 ut
3337 5203 3573 5265 illorum

1914 5289 2262 5346 misereatur
2310 5287 2496 5357 Deus;
2544 5292 2601 5344 et
2629 5287 2689 5343 in
2723 5305 2927 5347 omnes
2973 5291 3244 5350 homines
3295 5295 3468 5351 mites
3517 5299 3575 5351 et

1913 5376 2176 5450 benigni,
2209 5376 2493 5450 populum
2526 5377 2628 5434 Dei
2659 5385 3083 5454 congregantes
3113 5386 3170 5439 et
3201 5400 3316 5439 non
3348 5383 3570 5455 disper-

1912 5472 2137 5541 gentes,
2174 5483 2376 5538 pacem
2426 5466 2577 5522 inter
2608 5484 2669 5523 se
2708 5469 3012 5540 habentes,
3048 5471 3187 5544 quia
3235 5473 3375 5529 beati
3414 5473 3569 5542 paci-

1911 5546 2022 5630 ﬁci,
2060 5556 2319 5629 quoniam
2348 5557 2458 5625 lilii
2485 5557 2584 5611 Dei
2614 5558 2963 5615 vocabuntur.
2996 5561 3065 5615 Et
3104 5564 3188 5629 tu,
3222 5560 3569 5629 charissima

1912 5649 2110 5714 frater,
2146 5648 2279 5701 ante
2310 5645 2509 5700 oculos
2540 5647 2730 5702 cordis
2780 5665 3010 5719 semper
3056 5648 3264 5717 habeto
3297 5648 3564 5704 timorem

1912 5736 2014 5796 Dei
2047 5740 2103 5793 ct
2141 5749 2421 5802 amorem,
2456 5737 2512 5790 et
2562 5733 2710 5792 liber
2756 5735 3067 5792 Pastoralis
3116 5736 3268 5792 beati
3300 5735 3560 5805 Gregorii
