  <div class='ocr_page' id='page_1' title='image "/cluster/home/n/w/nwhite01/storage/ocr_20150623/136-137/uc1.31175019686917/919.png"; bbox 0 0 3912 6360; ppageno 0'>
   <div class='ocr_carea' id='block_1_1' title="bbox 375 398 493 461">
    <p class='ocr_par' dir='ltr' id='par_1_1' title="bbox 375 398 493 461">
     <span class='ocr_line' id='line_1_1' title="bbox 375 398 493 461; baseline -0.008 0"><span class='ocrx_word' id='word_1_1' title='bbox 375 398 493 461; x_wconf 73' lang='grc'>475</span> 
     </span>
    </p>
   </div>
   <div class='ocr_carea' id='block_1_2' title="bbox 1398 392 2767 459">
    <p class='ocr_par' dir='ltr' id='par_1_2' title="bbox 1398 392 2767 459">
     <span class='ocr_line' id='line_1_2' title="bbox 1398 392 2767 459; baseline -0.006 -1"><span class='ocrx_word' id='word_1_2' title='bbox 1398 396 1463 458; x_wconf 88' lang='lat' dir='ltr'>S.</span> <span class='ocrx_word' id='word_1_3' title='bbox 1511 396 1909 459; x_wconf 86' lang='lat' dir='ltr'>DUNSTANI</span> <span class='ocrx_word' id='word_1_4' title='bbox 1952 392 2318 456; x_wconf 81' lang='lat' dir='ltr'>ARCHIEP.</span> <span class='ocrx_word' id='word_1_5' title='bbox 2368 392 2767 454; x_wconf 77' lang='lat' dir='ltr'>CANTUAB.</span> 
     </span>
    </p>
   </div>
   <div class='ocr_carea' id='block_1_3' title="bbox 3681 390 3815 451">
    <p class='ocr_par' dir='ltr' id='par_1_3' title="bbox 3681 390 3815 451">
     <span class='ocr_line' id='line_1_3' title="bbox 3681 390 3815 451; baseline 0 -1"><span class='ocrx_word' id='word_1_6' title='bbox 3681 390 3815 451; x_wconf 76' lang='grc'>476</span> 
     </span>
    </p>
   </div>
   <div class='ocr_carea' id='block_1_4' title="bbox 376 523 3812 601">
    <p class='ocr_par' dir='ltr' id='par_1_4' title="bbox 376 523 3812 601">
     <span class='ocr_line' id='line_1_4' title="bbox 376 523 3812 601; baseline -0.003 -10"><span class='ocrx_word' id='word_1_7' title='bbox 376 531 565 591; x_wconf 81' lang='lat' dir='ltr'>Patris</span> <span class='ocrx_word' id='word_1_8' title='bbox 599 530 694 589; x_wconf 90' lang='lat' dir='ltr'>ubi</span> <span class='ocrx_word' id='word_1_9' title='bbox 735 528 836 588; x_wconf 90' lang='lat' dir='ltr'>Dei</span> <span class='ocrx_word' id='word_1_10' title='bbox 881 532 1171 587; x_wconf 90' lang='lat' dir='ltr'>rectorum</span> <span class='ocrx_word' id='word_1_11' title='bbox 1204 530 1718 601; x_wconf 85' lang='lat' dir='ltr'>subjectorumque</span> <span class='ocrx_word' id='word_1_12' title='bbox 1749 527 1867 584; x_wconf 91' lang='lat' dir='ltr'>vita</span> <span class='ocrx_word' id='word_1_13' title='bbox 1894 526 2026 583; x_wconf 90' lang='lat' dir='ltr'>dili-</span> <span class='ocrx_word' id='word_1_14' title='bbox 2056 527 2114 596; x_wconf 82' lang='grc' dir='ltr'><strong>Α</strong></span> <span class='ocrx_word' id='word_1_15' title='bbox 2142 530 2374 583; x_wconf 67' lang='lat' dir='ltr'>nostraa.</span> <span class='ocrx_word' id='word_1_16' title='bbox 2408 526 2478 581; x_wconf 84' lang='lat' dir='ltr'>Et</span> <span class='ocrx_word' id='word_1_17' title='bbox 2508 524 2869 597; x_wconf 82' lang='lat' dir='ltr'>superfluum</span> <span class='ocrx_word' id='word_1_18' title='bbox 2915 542 3031 582; x_wconf 90' lang='lat' dir='ltr'>non</span> <span class='ocrx_word' id='word_1_19' title='bbox 3062 523 3341 594; x_wconf 71' lang='lat' dir='ltr'>mstimes,</span> <span class='ocrx_word' id='word_1_20' title='bbox 3372 539 3478 581; x_wconf 88' lang='lat' dir='ltr'>nec</span> <span class='ocrx_word' id='word_1_21' title='bbox 3517 538 3812 597; x_wconf 88' lang='lat' dir='ltr'>arrogan-</span> 
     </span>
    </p>
   </div>
   <div class='ocr_carea' id='block_1_5' title="bbox 374 616 2030 697">
    <p class='ocr_par' dir='ltr' id='par_1_5' title="bbox 374 616 2030 697">
     <span class='ocr_line' id='line_1_5' title="bbox 374 616 2030 697; baseline -0.004 -18"><span class='ocrx_word' id='word_1_22' title='bbox 374 620 612 697; x_wconf 88' lang='lat' dir='ltr'>gentius</span> <span class='ocrx_word' id='word_1_23' title='bbox 634 620 1016 686; x_wconf 89' lang='lat' dir='ltr'>discernetur,</span> <span class='ocrx_word' id='word_1_24' title='bbox 1038 618 1253 691; x_wconf 78' lang='lat' dir='ltr'>smpius</span> <span class='ocrx_word' id='word_1_25' title='bbox 1275 622 1406 673; x_wconf 89' lang='lat' dir='ltr'>ante</span> <span class='ocrx_word' id='word_1_26' title='bbox 1429 622 1483 673; x_wconf 90' lang='lat' dir='ltr'>te</span> <span class='ocrx_word' id='word_1_27' title='bbox 1503 617 1749 689; x_wconf 89' lang='lat' dir='ltr'>legatur,</span> <span class='ocrx_word' id='word_1_28' title='bbox 1769 622 1826 673; x_wconf 91' lang='lat' dir='ltr'>et</span> <span class='ocrx_word' id='word_1_29' title='bbox 1847 616 2030 673; x_wconf 81' lang='lat' dir='ltr'>nostri</span> 
     </span>
    </p>
   </div>
   <div class='ocr_carea' id='block_1_6' title="bbox 375 706 2032 767">
    <p class='ocr_par' dir='ltr' id='par_1_6' title="bbox 375 706 2032 767">
     <span class='ocr_line' id='line_1_6' title="bbox 375 706 2032 767; baseline -0.004 0"><span class='ocrx_word' id='word_1_30' title='bbox 375 709 721 767; x_wconf 80' lang='lat' dir='ltr'>memoriam</span> <span class='ocrx_word' id='word_1_31' title='bbox 753 708 1009 764; x_wconf 87' lang='lat' dir='ltr'>nominis</span> <span class='ocrx_word' id='word_1_32' title='bbox 1039 708 1248 762; x_wconf 88' lang='lat' dir='ltr'>habeto</span> <span class='ocrx_word' id='word_1_33' title='bbox 1281 707 1337 761; x_wconf 90' lang='lat' dir='ltr'>in</span> <span class='ocrx_word' id='word_1_34' title='bbox 1364 707 1481 761; x_wconf 93' lang='lat' dir='ltr'>tuis</span> <span class='ocrx_word' id='word_1_35' title='bbox 1512 706 1729 762; x_wconf 83' lang='lat' dir='ltr'>sanctis</span> <span class='ocrx_word' id='word_1_36' title='bbox 1762 706 2032 763; x_wconf 88' lang='lat' dir='ltr'>orationi-</span> 
     </span>
    </p>
   </div>
   <div class='ocr_carea' id='block_1_7' title="bbox 374 793 2027 868">
    <p class='ocr_par' dir='ltr' id='par_1_7' title="bbox 374 793 2027 868">
     <span class='ocr_line' id='line_1_7' title="bbox 374 793 2027 868; baseline -0.003 -15"><span class='ocrx_word' id='word_1_37' title='bbox 374 797 508 866; x_wconf 87' lang='lat' dir='ltr'>bus,</span> <span class='ocrx_word' id='word_1_38' title='bbox 537 800 602 853; x_wconf 91' lang='lat' dir='ltr'>ut</span> <span class='ocrx_word' id='word_1_39' title='bbox 624 796 723 852; x_wconf 85' lang='lat' dir='ltr'>Dei</span> <span class='ocrx_word' id='word_1_40' title='bbox 746 796 1164 868; x_wconf 77' lang='lat' dir='ltr'>omnipotentis</span> <span class='ocrx_word' id='word_1_41' title='bbox 1188 793 1586 850; x_wconf 81' lang='lat' dir='ltr'>misericordia</span> <span class='ocrx_word' id='word_1_42' title='bbox 1606 813 1711 850; x_wconf 82' lang='lat' dir='ltr'>nos</span> <span class='ocrx_word' id='word_1_43' title='bbox 1734 796 2027 861; x_wconf 91' lang='lat' dir='ltr'>defendat,</span> 
     </span>
    </p>
   </div>
   <div class='ocr_carea' id='block_1_8' title="bbox 374 883 2030 959">
    <p class='ocr_par' dir='ltr' id='par_1_8' title="bbox 374 883 2030 959">
     <span class='ocr_line' id='line_1_8' title="bbox 374 883 2030 959; baseline -0.002 -17"><span class='ocrx_word' id='word_1_44' title='bbox 374 892 539 959; x_wconf 90' lang='lat' dir='ltr'>regat</span> <span class='ocrx_word' id='word_1_45' title='bbox 568 889 743 958; x_wconf 91' lang='lat' dir='ltr'>atque</span> <span class='ocrx_word' id='word_1_46' title='bbox 793 885 1101 949; x_wconf 77' lang='lat' dir='ltr'>custodiat,</span> <span class='ocrx_word' id='word_1_47' title='bbox 1138 885 1291 940; x_wconf 81' lang='lat' dir='ltr'>sicut</span> <span class='ocrx_word' id='word_1_48' title='bbox 1320 901 1419 939; x_wconf 89' lang='lat' dir='ltr'>vos</span> <span class='ocrx_word' id='word_1_49' title='bbox 1450 883 1593 939; x_wconf 84' lang='lat' dir='ltr'>Velle</span> <span class='ocrx_word' id='word_1_50' title='bbox 1641 884 1834 950; x_wconf 89' lang='lat' dir='ltr'>credo,</span> <span class='ocrx_word' id='word_1_51' title='bbox 1871 888 1935 939; x_wconf 92' lang='lat' dir='ltr'>ut</span> <span class='ocrx_word' id='word_1_52' title='bbox 1972 884 2030 938; x_wconf 89' lang='lat' dir='ltr'>in</span> 
     </span>
    </p>
   </div>
   <div class='ocr_carea' id='block_1_9' title="bbox 375 973 2029 1046">
    <p class='ocr_par' dir='ltr' id='par_1_9' title="bbox 375 973 2029 1046">
     <span class='ocr_line' id='line_1_9' title="bbox 375 973 2029 1046; baseline -0.002 -15"><span class='ocrx_word' id='word_1_53' title='bbox 375 974 682 1032; x_wconf 90' lang='lat' dir='ltr'>dilectione</span> <span class='ocrx_word' id='word_1_54' title='bbox 718 974 819 1031; x_wconf 90' lang='lat' dir='ltr'>Dei</span> <span class='ocrx_word' id='word_1_55' title='bbox 870 979 928 1030; x_wconf 92' lang='lat' dir='ltr'>et</span> <span class='ocrx_word' id='word_1_56' title='bbox 974 974 1271 1031; x_wconf 79' lang='lat' dir='ltr'>voluntate</span> <span class='ocrx_word' id='word_1_57' title='bbox 1319 990 1560 1029; x_wconf 79' lang='lat' dir='ltr'>cursum</span> <span class='ocrx_word' id='word_1_58' title='bbox 1607 990 1854 1046; x_wconf 81' lang='lat' dir='ltr'>agamus</span> <span class='ocrx_word' id='word_1_59' title='bbox 1902 973 2029 1029; x_wconf 71' lang='lat' dir='ltr'>vitae</span> 
     </span>
    </p>
   </div>
   <div class='ocr_carea' id='block_1_10' title="bbox 2140 614 3817 684">
    <p class='ocr_par' dir='ltr' id='par_1_10' title="bbox 2140 614 3817 684">
     <span class='ocr_line' id='line_1_10' title="bbox 2140 614 3817 684; baseline -0.001 -13"><span class='ocrx_word' id='word_1_60' title='bbox 2140 616 2255 684; x_wconf 66' lang='lat' dir='ltr'>tiae,</span> <span class='ocrx_word' id='word_1_61' title='bbox 2291 619 2354 671; x_wconf 89' lang='lat' dir='ltr'>ut</span> <span class='ocrx_word' id='word_1_62' title='bbox 2380 633 2481 671; x_wconf 90' lang='lat' dir='ltr'>vos</span> <span class='ocrx_word' id='word_1_63' title='bbox 2511 614 2923 682; x_wconf 86' lang='lat' dir='ltr'>admonerem;</span> <span class='ocrx_word' id='word_1_64' title='bbox 2960 615 3059 670; x_wconf 91' lang='lat' dir='ltr'>sed</span> <span class='ocrx_word' id='word_1_65' title='bbox 3095 614 3302 671; x_wconf 88' lang='lat' dir='ltr'>intimo</span> <span class='ocrx_word' id='word_1_66' title='bbox 3332 614 3639 671; x_wconf 87' lang='lat' dir='ltr'>charitatis</span> <span class='ocrx_word' id='word_1_67' title='bbox 3673 616 3817 670; x_wconf 78' lang='lat' dir='ltr'>affe-</span> 
     </span>
    </p>
   </div>
   <div class='ocr_carea' id='block_1_11' title="bbox 2140 704 3816 777">
    <p class='ocr_par' dir='ltr' id='par_1_11' title="bbox 2140 704 3816 777">
     <span class='ocr_line' id='line_1_11' title="bbox 2140 704 3816 777; baseline 0 -18"><span class='ocrx_word' id='word_1_68' title='bbox 2140 709 2235 760; x_wconf 90' lang='lat' dir='ltr'>ctu</span> <span class='ocrx_word' id='word_1_69' title='bbox 2272 704 2572 776; x_wconf 86' lang='lat' dir='ltr'>suscipite,</span> <span class='ocrx_word' id='word_1_70' title='bbox 2608 704 2747 775; x_wconf 88' lang='lat' dir='ltr'>quia</span> <span class='ocrx_word' id='word_1_71' title='bbox 2792 706 2932 760; x_wconf 88' lang='lat' dir='ltr'>urbs</span> <span class='ocrx_word' id='word_1_72' title='bbox 2985 706 3154 761; x_wconf 82' lang='lat' dir='ltr'>ﬁrma</span> <span class='ocrx_word' id='word_1_73' title='bbox 3203 707 3382 762; x_wconf 81' lang='lat' dir='ltr'>frater</span> <span class='ocrx_word' id='word_1_74' title='bbox 3427 705 3597 777; x_wconf 87' lang='lat' dir='ltr'>quia</span> <span class='ocrx_word' id='word_1_75' title='bbox 3630 706 3816 759; x_wconf 88' lang='lat' dir='ltr'>fratre</span> 
     </span>
    </p>
   </div>
   <div class='ocr_carea' id='block_1_12' title="bbox 2133 794 3816 867">
    <p class='ocr_par' dir='ltr' id='par_1_12' title="bbox 2133 794 3816 867">
     <span class='ocr_line' id='line_1_12' title="bbox 2133 794 3816 867; baseline 0 -19"><span class='ocrx_word' id='word_1_76' title='bbox 2133 795 2394 866; x_wconf 87' lang='lat' dir='ltr'>juvatur.</span> <span class='ocrx_word' id='word_1_77' title='bbox 2430 796 2510 851; x_wconf 86' lang='lat' dir='ltr'>Te</span> <span class='ocrx_word' id='word_1_78' title='bbox 2542 795 2697 850; x_wconf 86' lang='lat' dir='ltr'>Deus</span> <span class='ocrx_word' id='word_1_79' title='bbox 2735 795 3108 867; x_wconf 86' lang='lat' dir='ltr'>omnipotens</span> <span class='ocrx_word' id='word_1_80' title='bbox 3149 794 3376 852; x_wconf 88' lang='lat' dir='ltr'>salvum</span> <span class='ocrx_word' id='word_1_81' title='bbox 3409 798 3719 851; x_wconf 79' lang='lat' dir='ltr'>conservet</span> <span class='ocrx_word' id='word_1_82' title='bbox 3753 795 3816 849; x_wconf 92' lang='lat' dir='ltr'>in</span> 
     </span>
    </p>
   </div>
   <div class='ocr_carea' id='block_1_13' title="bbox 2141 900 2349 939">
    <p class='ocr_par' dir='ltr' id='par_1_13' title="bbox 2141 900 2349 939">
     <span class='ocr_line' id='line_1_13' title="bbox 2141 900 2349 939; baseline -0.01 -1"><span class='ocrx_word' id='word_1_83' title='bbox 2141 900 2349 939; x_wconf 63' lang='lat' dir='ltr'>aevum.</span> 
     </span>
    </p>
   </div>
   <div class='ocr_carea' id='block_1_14' title="bbox 1285 1330 2877 1440">
    <p class='ocr_par' dir='ltr' id='par_1_14' title="bbox 1285 1330 2877 1440">
     <span class='ocr_line' id='line_1_14' title="bbox 1285 1330 2877 1440; baseline -0.003 -1"><span class='ocrx_word' id='word_1_84' title='bbox 1285 1332 1902 1440; x_wconf 76' lang='lat' dir='ltr'>SANG&#39;I&#39;I</span> <span class='ocrx_word' id='word_1_85' title='bbox 1987 1330 2877 1436; x_wconf 74' lang='lat' dir='ltr'>DUNSTANI</span> 
     </span>
    </p>
   </div>
   <div class='ocr_carea' id='block_1_15' title="bbox 1385 1537 2767 1633">
    <p class='ocr_par' dir='ltr' id='par_1_15' title="bbox 1385 1537 2767 1633">
     <span class='ocr_line' id='line_1_15' title="bbox 1385 1537 2767 1633; baseline -0.002 -3"><span class='ocrx_word' id='word_1_86' title='bbox 1385 1539 2041 1633; x_wconf 80' lang='lat' dir='ltr'>REGULABIS</span> <span class='ocrx_word' id='word_1_87' title='bbox 2102 1537 2767 1629; x_wconf 81' lang='lat' dir='ltr'>CONCOBDIA</span> 
     </span>
    </p>
   </div>
   <div class='ocr_carea' id='block_1_16' title="bbox 1016 1675 3149 1787">
    <p class='ocr_par' dir='ltr' id='par_1_16' title="bbox 1016 1675 3149 1787">
     <span class='ocr_line' id='line_1_16' title="bbox 1016 1675 3149 1787; baseline -0.001 -8"><span class='ocrx_word' id='word_1_88' title='bbox 1016 1722 1350 1779; x_wconf 75' lang='lat' dir='ltr'>ANGLIC/E</span> <span class='ocrx_word' id='word_1_89' title='bbox 1389 1721 1731 1779; x_wconf 86' lang='lat' dir='ltr'>NATIONIS</span> <span class='ocrx_word' id='word_1_90' title='bbox 1771 1675 2283 1777; x_wconf 69' lang='lat' dir='ltr'>MONACHOBUM</span> <span class='ocrx_word' id='word_1_91' title='bbox 2324 1719 3149 1787; x_wconf 84' lang='lat' dir='ltr'>SANCTIMONIALIUMQUE</span> 
     </span>
    </p>
   </div>
   <div class='ocr_carea' id='block_1_17' title="bbox 1129 1872 3031 1948">
    <p class='ocr_par' dir='ltr' id='par_1_17' title="bbox 1129 1872 3031 1948">
     <span class='ocr_line' id='line_1_17' title="bbox 1129 1872 3031 1948; baseline -0.003 -17"><span class='ocrx_word' id='word_1_92' title='bbox 1129 1875 1317 1948; x_wconf 80' lang='lat' dir='ltr'>(Apud</span> <span class='ocrx_word' id='word_1_93' title='bbox 1352 1873 1688 1942; x_wconf 81' lang='lat' dir='ltr'>Reinerum,</span> <span class='ocrx_word' id='word_1_94' title='bbox 1723 1874 2011 1948; x_wconf 74' lang='lat' dir='ltr'>Apostolat.</span> <span class='ocrx_word' id='word_1_95' title='bbox 2045 1872 2161 1930; x_wconf 85' lang='lat' dir='ltr'>0rd.</span> <span class='ocrx_word' id='word_1_96' title='bbox 2196 1873 2254 1929; x_wconf 90' lang='lat' dir='ltr'>S.</span> <span class='ocrx_word' id='word_1_97' title='bbox 2287 1873 2485 1930; x_wconf 76' lang='lat' dir='ltr'>Bened.</span> <span class='ocrx_word' id='word_1_98' title='bbox 2520 1874 2581 1929; x_wconf 81' lang='lat' dir='ltr'>in</span> <span class='ocrx_word' id='word_1_99' title='bbox 2606 1873 2787 1944; x_wconf 82' lang='lat' dir='ltr'>Angl.,</span> <span class='ocrx_word' id='word_1_100' title='bbox 2823 1890 2880 1946; x_wconf 93' lang='lat' dir='ltr'>p.</span> <span class='ocrx_word' id='word_1_101' title='bbox 2912 1873 3031 1941; x_wconf 86' lang='lat'>77.)</span> 
     </span>
    </p>
   </div>
   <div class='ocr_carea' id='block_1_18' title="bbox 980 2126 1422 2185">
    <p class='ocr_par' dir='ltr' id='par_1_18' title="bbox 980 2126 1422 2185">
     <span class='ocr_line' id='line_1_18' title="bbox 980 2126 1422 2185; baseline -0.007 0"><span class='ocrx_word' id='word_1_102' title='bbox 980 2126 1422 2185; x_wconf 80' lang='lat' dir='ltr'>PROOEMIUM.</span> 
     </span>
    </p>
   </div>
   <div class='ocr_carea' id='block_1_19' title="bbox 444 2214 2024 2291">
    <p class='ocr_par' dir='ltr' id='par_1_19' title="bbox 444 2214 2024 2291">
     <span class='ocr_line' id='line_1_19' title="bbox 444 2214 2024 2291; baseline -0.006 -11"><span class='ocrx_word' id='word_1_103' title='bbox 444 2219 746 2280; x_wconf 86' lang='lat' dir='ltr'>Gloriosus</span> <span class='ocrx_word' id='word_1_104' title='bbox 777 2219 993 2275; x_wconf 85' lang='lat' dir='ltr'>etenim</span> <span class='ocrx_word' id='word_1_105' title='bbox 1032 2218 1242 2291; x_wconf 90' lang='lat' dir='ltr'>Edgar,</span> <span class='ocrx_word' id='word_1_106' title='bbox 1276 2215 1491 2273; x_wconf 82' lang='lat' dir='ltr'>Christi</span> <span class='ocrx_word' id='word_1_107' title='bbox 1527 2214 1852 2289; x_wconf 83' lang='lat' dir='ltr'>opitulante</span> <span class='ocrx_word' id='word_1_108' title='bbox 1894 2232 2024 2288; x_wconf 87' lang='lat' dir='ltr'>gra-</span> 
     </span>
    </p>
   </div>
   <div class='ocr_carea' id='block_1_20' title="bbox 368 2305 2024 2385">
    <p class='ocr_par' dir='ltr' id='par_1_20' title="bbox 368 2305 2024 2385">
     <span class='ocr_line' id='line_1_20' title="bbox 368 2305 2024 2385; baseline -0.006 -16"><span class='ocrx_word' id='word_1_109' title='bbox 368 2312 412 2370; x_wconf 87' lang='lat' dir='ltr'>ti</span> <span class='ocrx_word' id='word_1_110' title='bbox 420 2310 800 2385; x_wconf 86' lang='lat' dir='ltr'>a,Anglorum</span> <span class='ocrx_word' id='word_1_111' title='bbox 814 2313 1272 2379; x_wconf 53' lang='lat' dir='ltr'>ceterarumque</span> <span class='ocrx_word' id='word_1_112' title='bbox 1284 2306 1549 2379; x_wconf 88' lang='lat' dir='ltr'>gentium</span> <span class='ocrx_word' id='word_1_113' title='bbox 1565 2306 1720 2361; x_wconf 91' lang='lat' dir='ltr'>intra</span> <span class='ocrx_word' id='word_1_114' title='bbox 1732 2305 2024 2362; x_wconf 89' lang='lat' dir='ltr'>ambitum</span> 
     </span>
    </p>
   </div>
   <div class='ocr_carea' id='block_1_21' title="bbox 369 2394 2025 2469">
    <p class='ocr_par' dir='ltr' id='par_1_21' title="bbox 369 2394 2025 2469">
     <span class='ocr_line' id='line_1_21' title="bbox 369 2394 2025 2469; baseline -0.006 -10"><span class='ocrx_word' id='word_1_115' title='bbox 369 2400 682 2459; x_wconf 68' lang='lat' dir='ltr'>Britannias</span> <span class='ocrx_word' id='word_1_116' title='bbox 705 2398 909 2456; x_wconf 70' lang='lat' dir='ltr'>insulae</span> <span class='ocrx_word' id='word_1_117' title='bbox 927 2396 1265 2469; x_wconf 86' lang='lat' dir='ltr'>degentium</span> <span class='ocrx_word' id='word_1_118' title='bbox 1285 2412 1383 2451; x_wconf 80' lang='lat' dir='ltr'>rex</span> <span class='ocrx_word' id='word_1_119' title='bbox 1398 2395 1769 2468; x_wconf 88' lang='lat' dir='ltr'>egregius,ab</span> <span class='ocrx_word' id='word_1_120' title='bbox 1786 2394 2025 2450; x_wconf 88' lang='lat' dir='ltr'>ineunte</span> 
     </span>
    </p>
   </div>
   <div class='ocr_carea' id='block_1_22' title="bbox 368 2484 2022 2563">
    <p class='ocr_par' dir='ltr' id='par_1_22' title="bbox 368 2484 2022 2563">
     <span class='ocr_line' id='line_1_22' title="bbox 368 2484 2022 2563; baseline -0.006 -14"><span class='ocrx_word' id='word_1_121' title='bbox 368 2509 501 2549; x_wconf 61' lang='lat' dir='ltr'>sua}</span> <span class='ocrx_word' id='word_1_122' title='bbox 519 2490 779 2563; x_wconf 69' lang='lat' dir='ltr'>pueritiae</span> <span class='ocrx_word' id='word_1_123' title='bbox 804 2491 989 2557; x_wconf 64' lang='lat' dir='ltr'>atate,</span> <span class='ocrx_word' id='word_1_124' title='bbox 1017 2486 1171 2554; x_wconf 90' lang='lat' dir='ltr'>licet,</span> <span class='ocrx_word' id='word_1_125' title='bbox 1199 2486 1284 2541; x_wconf 89' lang='lat' dir='ltr'>uti</span> <span class='ocrx_word' id='word_1_126' title='bbox 1317 2484 1445 2557; x_wconf 91' lang='lat' dir='ltr'>ipsa</span> <span class='ocrx_word' id='word_1_127' title='bbox 1474 2484 1623 2541; x_wconf 89' lang='lat' dir='ltr'>solet</span> <span class='ocrx_word' id='word_1_128' title='bbox 1650 2490 1813 2551; x_wconf 75' lang='lat' dir='ltr'>mtas,</span> <span class='ocrx_word' id='word_1_129' title='bbox 1836 2484 2022 2541; x_wconf 90' lang='lat' dir='ltr'>diver-</span> 
     </span>
    </p>
   </div>
   <div class='ocr_carea' id='block_1_23' title="bbox 368 2573 2024 2646">
    <p class='ocr_par' dir='ltr' id='par_1_23' title="bbox 368 2573 2024 2646">
     <span class='ocr_line' id='line_1_23' title="bbox 368 2573 2024 2646; baseline -0.006 -7"><span class='ocrx_word' id='word_1_130' title='bbox 368 2582 453 2639; x_wconf 85' lang='lat' dir='ltr'>sis</span> <span class='ocrx_word' id='word_1_131' title='bbox 476 2584 739 2637; x_wconf 81' lang='lat' dir='ltr'>uteretur</span> <span class='ocrx_word' id='word_1_132' title='bbox 760 2576 1320 2642; x_wconf 89' lang='lat' dir='ltr'>moribus,attamen</span> <span class='ocrx_word' id='word_1_133' title='bbox 1344 2578 1614 2646; x_wconf 85' lang='lat' dir='ltr'>respectu</span> <span class='ocrx_word' id='word_1_134' title='bbox 1632 2573 1828 2630; x_wconf 90' lang='lat' dir='ltr'>divino</span> <span class='ocrx_word' id='word_1_135' title='bbox 1850 2576 2024 2629; x_wconf 90' lang='lat' dir='ltr'>attra-</span> 
     </span>
    </p>
   </div>
   <div class='ocr_carea' id='block_1_24' title="bbox 368 2663 2021 2738">
    <p class='ocr_par' dir='ltr' id='par_1_24' title="bbox 368 2663 2021 2738">
     <span class='ocr_line' id='line_1_24' title="bbox 368 2663 2021 2738; baseline -0.005 -11"><span class='ocrx_word' id='word_1_136' title='bbox 368 2675 520 2734; x_wconf 83' lang='lat' dir='ltr'>ctus,</span> <span class='ocrx_word' id='word_1_137' title='bbox 554 2669 764 2723; x_wconf 87' lang='lat' dir='ltr'>abbate</span> <span class='ocrx_word' id='word_1_138' title='bbox 796 2666 1051 2738; x_wconf 91' lang='lat' dir='ltr'>quodam</span> <span class='ocrx_word' id='word_1_139' title='bbox 1094 2664 1334 2719; x_wconf 87' lang='lat' dir='ltr'>assiduo</span> <span class='ocrx_word' id='word_1_140' title='bbox 1365 2666 1658 2718; x_wconf 89' lang='lat' dir='ltr'>monente.</span> <span class='ocrx_word' id='word_1_141' title='bbox 1693 2679 1759 2718; x_wconf 91' lang='lat' dir='ltr'>ac</span> <span class='ocrx_word' id='word_1_142' title='bbox 1800 2663 2021 2735; x_wconf 84' lang='lat' dir='ltr'>regiam</span> 
     </span>
    </p>
   </div>
   <div class='ocr_carea' id='block_1_25' title="bbox 366 2750 2021 2823">
    <p class='ocr_par' dir='ltr' id='par_1_25' title="bbox 366 2750 2021 2823">
     <span class='ocr_line' id='line_1_25' title="bbox 366 2750 2021 2823; baseline -0.006 -7"><span class='ocrx_word' id='word_1_143' title='bbox 366 2756 667 2815; x_wconf 70' lang='lat' dir='ltr'>catholicas</span> <span class='ocrx_word' id='word_1_144' title='bbox 710 2755 843 2811; x_wconf 84' lang='lat' dir='ltr'>ﬁdei</span> <span class='ocrx_word' id='word_1_145' title='bbox 886 2753 1041 2809; x_wconf 72' lang='lat' dir='ltr'>\iam</span> <span class='ocrx_word' id='word_1_146' title='bbox 1074 2753 1538 2820; x_wconf 88' lang='lat' dir='ltr'>demonstrante,</span> <span class='ocrx_word' id='word_1_147' title='bbox 1571 2750 1739 2823; x_wconf 74' lang='lat' dir='ltr'>czepit</span> <span class='ocrx_word' id='word_1_148' title='bbox 1775 2766 2021 2823; x_wconf 90' lang='lat' dir='ltr'>magno-</span> 
     </span>
    </p>
   </div>
   <div class='ocr_carea' id='block_1_26' title="bbox 366 2841 2023 2921">
    <p class='ocr_par' dir='ltr' id='par_1_26' title="bbox 366 2841 2023 2921">
     <span class='ocr_line' id='line_1_26' title="bbox 366 2841 2023 2921; baseline -0.004 -17"><span class='ocrx_word' id='word_1_149' title='bbox 366 2864 503 2921; x_wconf 88' lang='lat' dir='ltr'>pere</span> <span class='ocrx_word' id='word_1_150' title='bbox 540 2847 726 2903; x_wconf 91' lang='lat' dir='ltr'>Deum</span> <span class='ocrx_word' id='word_1_151' title='bbox 767 2844 996 2911; x_wconf 85' lang='lat' dir='ltr'>timere,</span> <span class='ocrx_word' id='word_1_152' title='bbox 1024 2841 1264 2915; x_wconf 82' lang='lat' dir='ltr'>diligere</span> <span class='ocrx_word' id='word_1_153' title='bbox 1304 2858 1371 2898; x_wconf 92' lang='lat' dir='ltr'>ac</span> <span class='ocrx_word' id='word_1_154' title='bbox 1409 2841 1692 2897; x_wconf 91' lang='lat' dir='ltr'>venerari.</span> <span class='ocrx_word' id='word_1_155' title='bbox 1736 2841 2023 2897; x_wconf 82' lang='lat' dir='ltr'>Radiante</span> 
     </span>
    </p>
   </div>
   <div class='ocr_carea' id='block_1_27' title="bbox 365 2927 2023 3011">
    <p class='ocr_par' dir='ltr' id='par_1_27' title="bbox 365 2927 2023 3011">
     <span class='ocr_line' id='line_1_27' title="bbox 365 2927 2023 3011; baseline -0.007 -18"><span class='ocrx_word' id='word_1_156' title='bbox 365 2935 652 3011; x_wconf 87' lang='lat' dir='ltr'>paulatim</span> <span class='ocrx_word' id='word_1_157' title='bbox 672 2934 806 2989; x_wconf 86' lang='lat' dir='ltr'>ﬁdei</span> <span class='ocrx_word' id='word_1_158' title='bbox 828 2930 1104 2998; x_wconf 89' lang='lat' dir='ltr'>scintilla,</span> <span class='ocrx_word' id='word_1_159' title='bbox 1120 2948 1194 2986; x_wconf 91' lang='lat' dir='ltr'>ne</span> <span class='ocrx_word' id='word_1_160' title='bbox 1209 2930 1523 2985; x_wconf 88' lang='lat' dir='ltr'>otiositatis</span> <span class='ocrx_word' id='word_1_161' title='bbox 1540 2933 1769 3000; x_wconf 89' lang='lat' dir='ltr'>torpore</span> <span class='ocrx_word' id='word_1_162' title='bbox 1786 2927 2023 3000; x_wconf 79' lang='lat' dir='ltr'>explosa</span> 
     </span>
    </p>
   </div>
   <div class='ocr_carea' id='block_1_28' title="bbox 366 3016 2019 3093">
    <p class='ocr_par' dir='ltr' id='par_1_28' title="bbox 366 3016 2019 3093">
     <span class='ocr_line' id='line_1_28' title="bbox 366 3016 2019 3093; baseline -0.005 -11"><span class='ocrx_word' id='word_1_163' title='bbox 366 3026 704 3088; x_wconf 86' lang='lat' dir='ltr'>dctesceret,</span> <span class='ocrx_word' id='word_1_164' title='bbox 736 3020 952 3093; x_wconf 89' lang='lat' dir='ltr'>quibus</span> <span class='ocrx_word' id='word_1_165' title='bbox 1001 3023 1339 3074; x_wconf 91' lang='lat' dir='ltr'>sanctorum</span> <span class='ocrx_word' id='word_1_166' title='bbox 1390 3034 1633 3090; x_wconf 88' lang='lat' dir='ltr'>operum</span> <span class='ocrx_word' id='word_1_167' title='bbox 1683 3016 1909 3072; x_wconf 86' lang='lat' dir='ltr'>meritis</span> <span class='ocrx_word' id='word_1_168' title='bbox 1958 3017 2019 3073; x_wconf 90' lang='lat' dir='ltr'>in</span> 
     </span>
    </p>
   </div>
   <div class='ocr_carea' id='block_1_29' title="bbox 363 3106 2020 3183">
    <p class='ocr_par' dir='ltr' id='par_1_29' title="bbox 363 3106 2020 3183">
     <span class='ocr_line' id='line_1_29' title="bbox 363 3106 2020 3183; baseline -0.007 -12"><span class='ocrx_word' id='word_1_169' title='bbox 363 3112 652 3171; x_wconf 86' lang='lat' dir='ltr'>fervidum</span> <span class='ocrx_word' id='word_1_170' title='bbox 680 3107 1052 3183; x_wconf 85' lang='lat' dir='ltr'>perfectionis</span> <span class='ocrx_word' id='word_1_171' title='bbox 1075 3108 1345 3163; x_wconf 90' lang='lat' dir='ltr'>ardorem</span> <span class='ocrx_word' id='word_1_172' title='bbox 1366 3107 1604 3162; x_wconf 89' lang='lat' dir='ltr'>accendi</span> <span class='ocrx_word' id='word_1_173' title='bbox 1631 3106 1866 3173; x_wconf 88' lang='lat' dir='ltr'>valeret,</span> <span class='ocrx_word' id='word_1_174' title='bbox 1894 3110 2020 3161; x_wconf 88' lang='lat' dir='ltr'>stu-</span> 
     </span>
    </p>
   </div>
   <div class='ocr_carea' id='block_1_30' title="bbox 364 3194 2020 3273">
    <p class='ocr_par' dir='ltr' id='par_1_30' title="bbox 364 3194 2020 3273">
     <span class='ocr_line' id='line_1_30' title="bbox 364 3194 2020 3273; baseline -0.006 -13"><span class='ocrx_word' id='word_1_175' title='bbox 364 3204 529 3260; x_wconf 87' lang='lat' dir='ltr'>diose</span> <span class='ocrx_word' id='word_1_176' title='bbox 556 3197 927 3273; x_wconf 86' lang='lat' dir='ltr'>percunctari</span> <span class='ocrx_word' id='word_1_177' title='bbox 951 3196 1234 3254; x_wconf 89' lang='lat' dir='ltr'>sollicitus</span> <span class='ocrx_word' id='word_1_178' title='bbox 1256 3194 1448 3269; x_wconf 77' lang='lat' dir='ltr'>cmpit.</span> <span class='ocrx_word' id='word_1_179' title='bbox 1473 3196 1780 3268; x_wconf 89' lang='lat' dir='ltr'>Comperto</span> <span class='ocrx_word' id='word_1_180' title='bbox 1803 3195 2020 3251; x_wconf 88' lang='lat' dir='ltr'>etenim</span> 
     </span>
    </p>
   </div>
   <div class='ocr_carea' id='block_1_31' title="bbox 363 3282 2022 3365">
    <p class='ocr_par' dir='ltr' id='par_1_31' title="bbox 363 3282 2022 3365">
     <span class='ocr_line' id='line_1_31' title="bbox 363 3282 2022 3365; baseline -0.006 -18"><span class='ocrx_word' id='word_1_181' title='bbox 363 3292 520 3365; x_wconf 91' lang='lat' dir='ltr'>quod</span> <span class='ocrx_word' id='word_1_182' title='bbox 552 3304 720 3345; x_wconf 87' lang='lat' dir='ltr'>sacra</span> <span class='ocrx_word' id='word_1_183' title='bbox 748 3284 1012 3342; x_wconf 73' lang='lat' dir='ltr'>coanobia</span> <span class='ocrx_word' id='word_1_184' title='bbox 1041 3283 1287 3340; x_wconf 88' lang='lat' dir='ltr'>diversis</span> <span class='ocrx_word' id='word_1_185' title='bbox 1308 3283 1401 3340; x_wconf 92' lang='lat' dir='ltr'>sui</span> <span class='ocrx_word' id='word_1_186' title='bbox 1432 3284 1737 3357; x_wconf 90' lang='lat' dir='ltr'>regiminis</span> <span class='ocrx_word' id='word_1_187' title='bbox 1771 3282 1914 3338; x_wconf 89' lang='lat' dir='ltr'>locis</span> <span class='ocrx_word' id='word_1_188' title='bbox 1938 3283 2022 3338; x_wconf 91' lang='lat' dir='ltr'>di-</span> 
     </span>
    </p>
   </div>
   <div class='ocr_carea' id='block_1_32' title="bbox 363 3372 2018 3450">
    <p class='ocr_par' dir='ltr' id='par_1_32' title="bbox 363 3372 2018 3450">
     <span class='ocr_line' id='line_1_32' title="bbox 363 3372 2018 3450; baseline -0.006 -13"><span class='ocrx_word' id='word_1_189' title='bbox 363 3384 542 3446; x_wconf 84' lang='lat' dir='ltr'>recta,</span> <span class='ocrx_word' id='word_1_190' title='bbox 572 3395 640 3435; x_wconf 88' lang='lat' dir='ltr'>ac</span> <span class='ocrx_word' id='word_1_191' title='bbox 688 3392 836 3450; x_wconf 86' lang='lat' dir='ltr'>pene</span> <span class='ocrx_word' id='word_1_192' title='bbox 879 3374 1112 3431; x_wconf 91' lang='lat' dir='ltr'>Domini</span> <span class='ocrx_word' id='word_1_193' title='bbox 1146 3373 1331 3428; x_wconf 85' lang='lat' dir='ltr'>nostri</span> <span class='ocrx_word' id='word_1_194' title='bbox 1361 3373 1503 3428; x_wconf 87' lang='lat' dir='ltr'>Jesu</span> <span class='ocrx_word' id='word_1_195' title='bbox 1535 3372 1751 3428; x_wconf 87' lang='lat' dir='ltr'>Christi</span> <span class='ocrx_word' id='word_1_196' title='bbox 1782 3372 2018 3428; x_wconf 90' lang='lat' dir='ltr'>servitio</span> 
     </span>
    </p>
   </div>
   <div class='ocr_carea' id='block_1_33' title="bbox 363 3461 2017 3539">
    <p class='ocr_par' dir='ltr' id='par_1_33' title="bbox 363 3461 2017 3539">
     <span class='ocr_line' id='line_1_33' title="bbox 363 3461 2017 3539; baseline -0.005 -14"><span class='ocrx_word' id='word_1_197' title='bbox 363 3468 645 3525; x_wconf 89' lang='lat' dir='ltr'>destituta</span> <span class='ocrx_word' id='word_1_198' title='bbox 673 3463 1034 3539; x_wconf 82' lang='lat' dir='ltr'>negligenter</span> <span class='ocrx_word' id='word_1_199' title='bbox 1061 3462 1446 3529; x_wconf 85' lang='lat' dir='ltr'>tabescerent,</span> <span class='ocrx_word' id='word_1_200' title='bbox 1480 3461 1711 3517; x_wconf 88' lang='lat' dir='ltr'>Domini</span> <span class='ocrx_word' id='word_1_201' title='bbox 1740 3478 2017 3533; x_wconf 90' lang='lat' dir='ltr'>compun-</span> 
     </span>
    </p>
   </div>
   <div class='ocr_carea' id='block_1_34' title="bbox 361 3550 2015 3630">
    <p class='ocr_par' dir='ltr' id='par_1_34' title="bbox 361 3550 2015 3630">
     <span class='ocr_line' id='line_1_34' title="bbox 361 3550 2015 3630; baseline -0.005 -16"><span class='ocrx_word' id='word_1_202' title='bbox 361 3560 493 3614; x_wconf 87' lang='lat' dir='ltr'>ctus</span> <span class='ocrx_word' id='word_1_203' title='bbox 522 3553 713 3630; x_wconf 90' lang='lat' dir='ltr'>gratia</span> <span class='ocrx_word' id='word_1_204' title='bbox 732 3569 866 3609; x_wconf 91' lang='lat' dir='ltr'>cum</span> <span class='ocrx_word' id='word_1_205' title='bbox 890 3568 1107 3625; x_wconf 84' lang='lat' dir='ltr'>magna</span> <span class='ocrx_word' id='word_1_206' title='bbox 1125 3550 1306 3607; x_wconf 90' lang='lat' dir='ltr'>animi</span> <span class='ocrx_word' id='word_1_207' title='bbox 1330 3550 1631 3606; x_wconf 88' lang='lat' dir='ltr'>alacritate</span> <span class='ocrx_word' id='word_1_208' title='bbox 1657 3551 2015 3617; x_wconf 89' lang='lat' dir='ltr'>festinando,</span> 
     </span>
    </p>
   </div>
   <div class='ocr_carea' id='block_1_35' title="bbox 362 3638 2021 3717">
    <p class='ocr_par' dir='ltr' id='par_1_35' title="bbox 362 3638 2021 3717">
     <span class='ocr_line' id='line_1_35' title="bbox 362 3638 2021 3717; baseline -0.004 -16"><span class='ocrx_word' id='word_1_209' title='bbox 362 3643 699 3717; x_wconf 86' lang='lat' dir='ltr'>ubicunque</span> <span class='ocrx_word' id='word_1_210' title='bbox 725 3640 987 3698; x_wconf 89' lang='lat' dir='ltr'>locorum</span> <span class='ocrx_word' id='word_1_211' title='bbox 1010 3638 1423 3696; x_wconf 83' lang='lat' dir='ltr'>decentissime</span> <span class='ocrx_word' id='word_1_212' title='bbox 1445 3639 1767 3708; x_wconf 87' lang='lat' dir='ltr'>decoravit;</span> <span class='ocrx_word' id='word_1_213' title='bbox 1793 3639 2021 3711; x_wconf 84' lang='lat' dir='ltr'>ejectis-</span> 
     </span>
    </p>
   </div>
   <div class='ocr_carea' id='block_1_36' title="bbox 361 3727 2018 3809">
    <p class='ocr_par' dir='ltr' id='par_1_36' title="bbox 361 3727 2018 3809">
     <span class='ocr_line' id='line_1_36' title="bbox 361 3727 2018 3809; baseline -0.005 -18"><span class='ocrx_word' id='word_1_214' title='bbox 361 3749 476 3809; x_wconf 90' lang='lat' dir='ltr'>que</span> <span class='ocrx_word' id='word_1_215' title='bbox 506 3730 929 3807; x_wconf 83' lang='lat' dir='ltr'>negligentiam</span> <span class='ocrx_word' id='word_1_216' title='bbox 958 3728 1306 3785; x_wconf 89' lang='lat' dir='ltr'>clericorum</span> <span class='ocrx_word' id='word_1_217' title='bbox 1339 3727 1659 3800; x_wconf 89' lang='lat' dir='ltr'>spurcitiis,</span> <span class='ocrx_word' id='word_1_218' title='bbox 1685 3747 1800 3784; x_wconf 90' lang='lat' dir='ltr'>non</span> <span class='ocrx_word' id='word_1_219' title='bbox 1825 3728 2018 3785; x_wconf 90' lang='lat' dir='ltr'>solum</span> 
     </span>
    </p>
   </div>
   <div class='ocr_carea' id='block_1_37' title="bbox 362 3818 2017 3892">
    <p class='ocr_par' dir='ltr' id='par_1_37' title="bbox 362 3818 2017 3892">
     <span class='ocr_line' id='line_1_37' title="bbox 362 3818 2017 3892; baseline -0.004 -11"><span class='ocrx_word' id='word_1_220' title='bbox 362 3823 704 3892; x_wconf 87' lang='lat' dir='ltr'>monachos,</span> <span class='ocrx_word' id='word_1_221' title='bbox 737 3836 939 3876; x_wconf 89' lang='lat' dir='ltr'>verum</span> <span class='ocrx_word' id='word_1_222' title='bbox 985 3818 1467 3876; x_wconf 80' lang='lat' dir='ltr'>sanctimoniales</span> <span class='ocrx_word' id='word_1_223' title='bbox 1512 3819 1711 3884; x_wconf 88' lang='lat' dir='ltr'>etiam,</span> <span class='ocrx_word' id='word_1_224' title='bbox 1746 3819 2017 3875; x_wconf 90' lang='lat' dir='ltr'>Patribus</span> 
     </span>
    </p>
   </div>
   <div class='ocr_carea' id='block_1_38' title="bbox 363 3907 2020 3985">
    <p class='ocr_par' dir='ltr' id='par_1_38' title="bbox 363 3907 2020 3985">
     <span class='ocr_line' id='line_1_38' title="bbox 363 3907 2020 3985; baseline -0.002 -14"><span class='ocrx_word' id='word_1_225' title='bbox 363 3913 766 3985; x_wconf 89' lang='lat' dir='ltr'>Matribusque</span> <span class='ocrx_word' id='word_1_226' title='bbox 798 3908 1132 3966; x_wconf 89' lang='lat' dir='ltr'>constitutis</span> <span class='ocrx_word' id='word_1_227' title='bbox 1163 3908 1235 3964; x_wconf 91' lang='lat' dir='ltr'>ad</span> <span class='ocrx_word' id='word_1_228' title='bbox 1276 3908 1377 3964; x_wconf 90' lang='lat' dir='ltr'>Dei</span> <span class='ocrx_word' id='word_1_229' title='bbox 1414 3907 1765 3963; x_wconf 82' lang='lat' dir='ltr'>famulatum</span> <span class='ocrx_word' id='word_1_230' title='bbox 1798 3907 2020 3979; x_wconf 89' lang='lat' dir='ltr'>ubique</span> 
     </span>
    </p>
   </div>
   <div class='ocr_carea' id='block_1_39' title="bbox 363 3988 2017 4078">
    <p class='ocr_par' dir='ltr' id='par_1_39' title="bbox 363 3988 2017 4078">
     <span class='ocr_line' id='line_1_39' title="bbox 363 3988 2017 4078; baseline -0.004 -19"><span class='ocrx_word' id='word_1_231' title='bbox 363 3988 473 4078; x_wconf 81' lang='lat' dir='ltr'>per</span> <span class='ocrx_word' id='word_1_232' title='bbox 496 4006 722 4057; x_wconf 89' lang='lat' dir='ltr'>tantam</span> <span class='ocrx_word' id='word_1_233' title='bbox 771 3999 865 4056; x_wconf 89' lang='lat' dir='ltr'>sui</span> <span class='ocrx_word' id='word_1_234' title='bbox 915 3998 1078 4073; x_wconf 87' lang='lat' dir='ltr'>regni</span> <span class='ocrx_word' id='word_1_235' title='bbox 1139 3997 1590 4070; x_wconf 88' lang='lat' dir='ltr'>amplitudinem</span> <span class='ocrx_word' id='word_1_236' title='bbox 1641 3997 2017 4053; x_wconf 87' lang='lat' dir='ltr'>devotissimo</span> 
     </span>
    </p>
   </div>
   <div class='ocr_carea' id='block_1_40' title="bbox 362 4086 2016 4161">
    <p class='ocr_par' dir='ltr' id='par_1_40' title="bbox 362 4086 2016 4161">
     <span class='ocr_line' id='line_1_40' title="bbox 362 4086 2016 4161; baseline -0.004 -13"><span class='ocrx_word' id='word_1_237' title='bbox 362 4090 690 4157; x_wconf 91' lang='lat' dir='ltr'>constituit,</span> <span class='ocrx_word' id='word_1_238' title='bbox 722 4087 1008 4161; x_wconf 88' lang='lat' dir='ltr'>bonisque</span> <span class='ocrx_word' id='word_1_239' title='bbox 1039 4088 1316 4143; x_wconf 89' lang='lat' dir='ltr'>omnibus</span> <span class='ocrx_word' id='word_1_240' title='bbox 1362 4086 1728 4159; x_wconf 90' lang='lat' dir='ltr'>locupletans</span> <span class='ocrx_word' id='word_1_241' title='bbox 1759 4086 2016 4159; x_wconf 89' lang='lat' dir='ltr'>gratula-</span> 
     </span>
    </p>
   </div>
   <div class='ocr_carea' id='block_1_41' title="bbox 363 4175 2015 4251">
    <p class='ocr_par' dir='ltr' id='par_1_41' title="bbox 363 4175 2015 4251">
     <span class='ocr_line' id='line_1_41' title="bbox 363 4175 2015 4251; baseline -0.004 -15"><span class='ocrx_word' id='word_1_242' title='bbox 363 4179 603 4237; x_wconf 89' lang='lat' dir='ltr'>bundus</span> <span class='ocrx_word' id='word_1_243' title='bbox 629 4178 856 4235; x_wconf 86' lang='lat' dir='ltr'>ditavit.</span> <span class='ocrx_word' id='word_1_244' title='bbox 882 4175 1081 4251; x_wconf 85' lang='lat' dir='ltr'>Regali</span> <span class='ocrx_word' id='word_1_245' title='bbox 1115 4176 1313 4249; x_wconf 88' lang='lat' dir='ltr'>itaque</span> <span class='ocrx_word' id='word_1_246' title='bbox 1348 4176 1587 4232; x_wconf 88' lang='lat' dir='ltr'>functus</span> <span class='ocrx_word' id='word_1_247' title='bbox 1617 4176 1808 4231; x_wconf 83' lang='lat' dir='ltr'>ofﬁcio</span> <span class='ocrx_word' id='word_1_248' title='bbox 1836 4175 2015 4232; x_wconf 83' lang='lat' dir='ltr'>veluti</span> 
     </span>
    </p>
   </div>
   <div class='ocr_carea' id='block_1_42' title="bbox 362 4264 2018 4343">
    <p class='ocr_par' dir='ltr' id='par_1_42' title="bbox 362 4264 2018 4343">
     <span class='ocr_line' id='line_1_42' title="bbox 362 4264 2018 4343; baseline -0.004 -17"><span class='ocrx_word' id='word_1_249' title='bbox 362 4274 667 4343; x_wconf 87' lang='lat' dir='ltr'>pastorum</span> <span class='ocrx_word' id='word_1_250' title='bbox 689 4270 889 4341; x_wconf 86' lang='lat' dir='ltr'>pastor</span> <span class='ocrx_word' id='word_1_251' title='bbox 908 4266 1215 4334; x_wconf 87' lang='lat' dir='ltr'>sollicitus,</span> <span class='ocrx_word' id='word_1_252' title='bbox 1241 4283 1275 4321; x_wconf 91' lang='lat' dir='ltr'>a</span> <span class='ocrx_word' id='word_1_253' title='bbox 1301 4264 1523 4320; x_wconf 87' lang='lat' dir='ltr'>rabidis</span> <span class='ocrx_word' id='word_1_254' title='bbox 1554 4265 1911 4336; x_wconf 78' lang='lat' dir='ltr'>perfidorum</span> <span class='ocrx_word' id='word_1_255' title='bbox 1935 4281 2018 4320; x_wconf 91' lang='lat' dir='ltr'>re-</span> 
     </span>
    </p>
   </div>
   <div class='ocr_carea' id='block_1_43' title="bbox 362 4353 2015 4428">
    <p class='ocr_par' dir='ltr' id='par_1_43' title="bbox 362 4353 2015 4428">
     <span class='ocr_line' id='line_1_43' title="bbox 362 4353 2015 4428; baseline -0.002 -14"><span class='ocrx_word' id='word_1_256' title='bbox 362 4359 545 4427; x_wconf 88' lang='lat' dir='ltr'>tibus,</span> <span class='ocrx_word' id='word_1_257' title='bbox 580 4358 667 4415; x_wconf 90' lang='lat' dir='ltr'>uti</span> <span class='ocrx_word' id='word_1_258' title='bbox 697 4357 999 4413; x_wconf 84' lang='lat' dir='ltr'>hiantibus</span> <span class='ocrx_word' id='word_1_259' title='bbox 1047 4355 1321 4428; x_wconf 90' lang='lat' dir='ltr'>luporum</span> <span class='ocrx_word' id='word_1_260' title='bbox 1374 4353 1645 4409; x_wconf 88' lang='lat' dir='ltr'>faucibus</span> <span class='ocrx_word' id='word_1_261' title='bbox 1678 4370 1831 4423; x_wconf 82' lang='lat' dir='ltr'>oves,</span> <span class='ocrx_word' id='word_1_262' title='bbox 1868 4371 2015 4427; x_wconf 84' lang='lat' dir='ltr'>quas</span> 
     </span>
    </p>
   </div>
   <div class='ocr_carea' id='block_1_44' title="bbox 362 4441 2014 4521">
    <p class='ocr_par' dir='ltr' id='par_1_44' title="bbox 362 4441 2014 4521">
     <span class='ocr_line' id='line_1_44' title="bbox 362 4441 2014 4521; baseline -0.004 -16"><span class='ocrx_word' id='word_1_263' title='bbox 362 4447 596 4506; x_wconf 89' lang='lat' dir='ltr'>Domini</span> <span class='ocrx_word' id='word_1_264' title='bbox 627 4446 913 4521; x_wconf 83' lang='lat' dir='ltr'>largiente</span> <span class='ocrx_word' id='word_1_265' title='bbox 942 4443 1132 4518; x_wconf 86' lang='lat' dir='ltr'>gratia</span> <span class='ocrx_word' id='word_1_266' title='bbox 1170 4443 1474 4499; x_wconf 89' lang='lat' dir='ltr'>studiosus</span> <span class='ocrx_word' id='word_1_267' title='bbox 1519 4441 1852 4516; x_wconf 90' lang='lat' dir='ltr'>collegerat,</span> <span class='ocrx_word' id='word_1_268' title='bbox 1885 4459 2014 4499; x_wconf 85' lang='lat' dir='ltr'>mu-</span> 
     </span>
    </p>
   </div>
   <div class='ocr_carea' id='block_1_45' title="bbox 364 4529 2017 4609">
    <p class='ocr_par' dir='ltr' id='par_1_45' title="bbox 364 4529 2017 4609">
     <span class='ocr_line' id='line_1_45' title="bbox 364 4529 2017 4609; baseline -0.004 -15"><span class='ocrx_word' id='word_1_269' title='bbox 364 4538 575 4594; x_wconf 88' lang='lat' dir='ltr'>niendo</span> <span class='ocrx_word' id='word_1_270' title='bbox 607 4536 842 4609; x_wconf 90' lang='lat' dir='ltr'>eripuit,</span> <span class='ocrx_word' id='word_1_271' title='bbox 866 4535 995 4607; x_wconf 91' lang='lat' dir='ltr'>conj</span> <span class='ocrx_word' id='word_1_272' title='bbox 1005 4533 1220 4607; x_wconf 90' lang='lat' dir='ltr'>ugique</span> <span class='ocrx_word' id='word_1_273' title='bbox 1242 4547 1360 4588; x_wconf 67' lang='lat' dir='ltr'>suae</span> <span class='ocrx_word' id='word_1_274' title='bbox 1380 4529 1674 4603; x_wconf 74' lang='lat' dir='ltr'>Alphridm</span> <span class='ocrx_word' id='word_1_275' title='bbox 1706 4531 2017 4588; x_wconf 87' lang='lat' dir='ltr'>sanctimo-</span> 
     </span>
    </p>
   </div>
   <div class='ocr_carea' id='block_1_46' title="bbox 365 4620 2013 4696">
    <p class='ocr_par' dir='ltr' id='par_1_46' title="bbox 365 4620 2013 4696">
     <span class='ocr_line' id='line_1_46' title="bbox 365 4620 2013 4696; baseline -0.002 -15"><span class='ocrx_word' id='word_1_276' title='bbox 365 4626 589 4683; x_wconf 91' lang='lat' dir='ltr'>nialum</span> <span class='ocrx_word' id='word_1_277' title='bbox 630 4626 930 4696; x_wconf 88' lang='lat' dir='ltr'>mandras,</span> <span class='ocrx_word' id='word_1_278' title='bbox 963 4628 1031 4679; x_wconf 91' lang='lat' dir='ltr'>ut</span> <span class='ocrx_word' id='word_1_279' title='bbox 1076 4620 1357 4693; x_wconf 87' lang='lat' dir='ltr'>impavidi</span> <span class='ocrx_word' id='word_1_280' title='bbox 1409 4636 1570 4676; x_wconf 90' lang='lat' dir='ltr'>more</span> <span class='ocrx_word' id='word_1_281' title='bbox 1619 4620 1882 4676; x_wconf 89' lang='lat' dir='ltr'>custodis</span> <span class='ocrx_word' id='word_1_282' title='bbox 1914 4623 2013 4677; x_wconf 90' lang='lat' dir='ltr'>de-</span> 
     </span>
    </p>
   </div>
   <div class='ocr_carea' id='block_1_47' title="bbox 362 4708 2014 4783">
    <p class='ocr_par' dir='ltr' id='par_1_47' title="bbox 362 4708 2014 4783">
     <span class='ocr_line' id='line_1_47' title="bbox 362 4708 2014 4783; baseline -0.004 -11"><span class='ocrx_word' id='word_1_283' title='bbox 362 4716 624 4772; x_wconf 82' lang='lat' dir='ltr'>fenderet</span> <span class='ocrx_word' id='word_1_284' title='bbox 653 4714 995 4771; x_wconf 90' lang='lat' dir='ltr'>cantissime</span> <span class='ocrx_word' id='word_1_285' title='bbox 1024 4709 1319 4783; x_wconf 65' lang='lat' dir='ltr'>prtecepit,</span> <span class='ocrx_word' id='word_1_286' title='bbox 1345 4713 1408 4764; x_wconf 85' lang='lat' dir='ltr'>nt</span> <span class='ocrx_word' id='word_1_287' title='bbox 1437 4708 1705 4765; x_wconf 87' lang='lat' dir='ltr'>videlicet</span> <span class='ocrx_word' id='word_1_288' title='bbox 1738 4727 1866 4765; x_wconf 90' lang='lat' dir='ltr'>mas</span> <span class='ocrx_word' id='word_1_289' title='bbox 1898 4727 2014 4767; x_wconf 91' lang='lat' dir='ltr'>ma-</span> 
     </span>
    </p>
   </div>
   <div class='ocr_carea' id='block_1_48' title="bbox 362 4797 2011 4871">
    <p class='ocr_par' dir='ltr' id='par_1_48' title="bbox 362 4797 2011 4871">
     <span class='ocr_line' id='line_1_48' title="bbox 362 4797 2011 4871; baseline -0.002 -11"><span class='ocrx_word' id='word_1_290' title='bbox 362 4804 527 4861; x_wconf 90' lang='lat' dir='ltr'>ribus</span> <span class='ocrx_word' id='word_1_291' title='bbox 557 4804 774 4860; x_wconf 89' lang='lat' dir='ltr'>femina</span> <span class='ocrx_word' id='word_1_292' title='bbox 813 4801 1068 4867; x_wconf 85' lang='lat' dir='ltr'>feminis,</span> <span class='ocrx_word' id='word_1_293' title='bbox 1102 4798 1227 4853; x_wconf 90' lang='lat' dir='ltr'>sine</span> <span class='ocrx_word' id='word_1_294' title='bbox 1272 4797 1393 4854; x_wconf 88' lang='lat' dir='ltr'>ullo</span> <span class='ocrx_word' id='word_1_295' title='bbox 1442 4799 1798 4871; x_wconf 90' lang='lat' dir='ltr'>suspicionis</span> <span class='ocrx_word' id='word_1_296' title='bbox 1847 4817 2011 4856; x_wconf 90' lang='lat' dir='ltr'>scru-</span> 
     </span>
    </p>
   </div>
   <div class='ocr_carea' id='block_1_49' title="bbox 361 4892 887 4966">
    <p class='ocr_par' dir='ltr' id='par_1_49' title="bbox 361 4892 887 4966">
     <span class='ocr_line' id='line_1_49' title="bbox 361 4892 887 4966; baseline -0.01 -16"><span class='ocrx_word' id='word_1_297' title='bbox 361 4893 500 4966; x_wconf 89' lang='lat' dir='ltr'>pulo</span> <span class='ocrx_word' id='word_1_298' title='bbox 531 4892 887 4949; x_wconf 88' lang='lat' dir='ltr'>subveniret.</span> 
     </span>
    </p>
   </div>
   <div class='ocr_carea' id='block_1_50' title="bbox 433 4976 2017 5056">
    <p class='ocr_par' dir='ltr' id='par_1_50' title="bbox 433 4976 2017 5056">
     <span class='ocr_line' id='line_1_50' title="bbox 433 4976 2017 5056; baseline -0.003 -18"><span class='ocrx_word' id='word_1_299' title='bbox 433 4980 707 5056; x_wconf 83' lang='lat' dir='ltr'>Regulari</span> <span class='ocrx_word' id='word_1_300' title='bbox 740 4981 937 5051; x_wconf 88' lang='lat' dir='ltr'>itaque</span> <span class='ocrx_word' id='word_1_301' title='bbox 964 4976 1150 5032; x_wconf 89' lang='lat' dir='ltr'>sancti</span> <span class='ocrx_word' id='word_1_302' title='bbox 1185 4976 1480 5032; x_wconf 89' lang='lat' dir='ltr'>Benedicti</span> <span class='ocrx_word' id='word_1_303' title='bbox 1504 4994 1710 5033; x_wconf 88' lang='lat' dir='ltr'>norma</span> <span class='ocrx_word' id='word_1_304' title='bbox 1730 4977 2017 5034; x_wconf 87' lang='lat' dir='ltr'>honestis-</span> 
     </span>
    </p>
   </div>
   <div class='ocr_carea' id='block_1_51' title="bbox 363 5066 2013 5141">
    <p class='ocr_par' dir='ltr' id='par_1_51' title="bbox 363 5066 2013 5141">
     <span class='ocr_line' id='line_1_51' title="bbox 363 5066 2013 5141; baseline -0.003 -13"><span class='ocrx_word' id='word_1_305' title='bbox 363 5073 510 5128; x_wconf 89' lang='lat' dir='ltr'>sime</span> <span class='ocrx_word' id='word_1_306' title='bbox 542 5072 837 5141; x_wconf 88' lang='lat' dir='ltr'>suscepta,</span> <span class='ocrx_word' id='word_1_307' title='bbox 873 5070 993 5122; x_wconf 87' lang='lat' dir='ltr'>tam</span> <span class='ocrx_word' id='word_1_308' title='bbox 1038 5066 1281 5122; x_wconf 86' lang='lat' dir='ltr'>abbates</span> <span class='ocrx_word' id='word_1_309' title='bbox 1313 5083 1489 5139; x_wconf 88' lang='lat' dir='ltr'>quam</span> <span class='ocrx_word' id='word_1_310' title='bbox 1538 5066 1798 5139; x_wconf 89' lang='lat' dir='ltr'>plurimi,</span> <span class='ocrx_word' id='word_1_311' title='bbox 1835 5083 2013 5139; x_wconf 90' lang='lat' dir='ltr'>quam</span> 
     </span>
    </p>
   </div>
   <div class='ocr_carea' id='block_1_52' title="bbox 362 5154 2015 5227">
    <p class='ocr_par' dir='ltr' id='par_1_52' title="bbox 362 5154 2015 5227">
     <span class='ocr_line' id='line_1_52' title="bbox 362 5154 2015 5227; baseline -0.004 -9"><span class='ocrx_word' id='word_1_312' title='bbox 362 5160 672 5218; x_wconf 68' lang='lat' dir='ltr'>abbatissae</span> <span class='ocrx_word' id='word_1_313' title='bbox 704 5173 840 5213; x_wconf 88' lang='lat' dir='ltr'>cum</span> <span class='ocrx_word' id='word_1_314' title='bbox 873 5154 984 5210; x_wconf 90' lang='lat' dir='ltr'>sibi</span> <span class='ocrx_word' id='word_1_315' title='bbox 1018 5154 1300 5227; x_wconf 86' lang='lat' dir='ltr'>subjectis</span> <span class='ocrx_word' id='word_1_316' title='bbox 1349 5156 1597 5211; x_wconf 90' lang='lat' dir='ltr'>fratrum</span> <span class='ocrx_word' id='word_1_317' title='bbox 1631 5172 2015 5227; x_wconf 88' lang='lat' dir='ltr'>sororumque</span> 
     </span>
    </p>
   </div>
   <div class='ocr_carea' id='block_1_53' title="bbox 361 5243 2013 5321">
    <p class='ocr_par' dir='ltr' id='par_1_53' title="bbox 361 5243 2013 5321">
     <span class='ocr_line' id='line_1_53' title="bbox 361 5243 2013 5321; baseline -0.002 -18"><span class='ocrx_word' id='word_1_318' title='bbox 361 5247 624 5321; x_wconf 87' lang='lat' dir='ltr'>collegiis</span> <span class='ocrx_word' id='word_1_319' title='bbox 669 5248 1007 5300; x_wconf 86' lang='lat' dir='ltr'>sanctorum</span> <span class='ocrx_word' id='word_1_320' title='bbox 1050 5246 1215 5315; x_wconf 80' lang='lat' dir='ltr'>sequi</span> <span class='ocrx_word' id='word_1_321' title='bbox 1264 5245 1511 5317; x_wconf 82' lang='lat' dir='ltr'>vestigia</span> <span class='ocrx_word' id='word_1_322' title='bbox 1562 5261 1680 5299; x_wconf 87' lang='lat' dir='ltr'>una</span> <span class='ocrx_word' id='word_1_323' title='bbox 1729 5243 1861 5311; x_wconf 82' lang='lat' dir='ltr'>fide,</span> <span class='ocrx_word' id='word_1_324' title='bbox 1898 5262 2013 5300; x_wconf 91' lang='lat' dir='ltr'>non</span> 
     </span>
    </p>
   </div>
   <div class='ocr_carea' id='block_1_54' title="bbox 359 5332 2015 5405">
    <p class='ocr_par' dir='ltr' id='par_1_54' title="bbox 359 5332 2015 5405">
     <span class='ocr_line' id='line_1_54' title="bbox 359 5332 2015 5405; baseline -0.002 -13"><span class='ocrx_word' id='word_1_325' title='bbox 359 5341 556 5392; x_wconf 88' lang='lat' dir='ltr'>tamen</span> <span class='ocrx_word' id='word_1_326' title='bbox 580 5347 696 5387; x_wconf 92' lang='lat' dir='ltr'>uno</span> <span class='ocrx_word' id='word_1_327' title='bbox 719 5332 1161 5389; x_wconf 81' lang='lat' dir='ltr'>consuetudinis</span> <span class='ocrx_word' id='word_1_328' title='bbox 1190 5352 1322 5399; x_wconf 87' lang='lat' dir='ltr'>usu,</span> <span class='ocrx_word' id='word_1_329' title='bbox 1349 5332 1612 5388; x_wconf 86' lang='lat' dir='ltr'>certatim</span> <span class='ocrx_word' id='word_1_330' title='bbox 1638 5348 1769 5385; x_wconf 90' lang='lat' dir='ltr'>cum</span> <span class='ocrx_word' id='word_1_331' title='bbox 1800 5349 2015 5405; x_wconf 87' lang='lat' dir='ltr'>magna</span> 
     </span>
    </p>
   </div>
   <div class='ocr_carea' id='block_1_55' title="bbox 361 5421 2011 5495">
    <p class='ocr_par' dir='ltr' id='par_1_55' title="bbox 361 5421 2011 5495">
     <span class='ocr_line' id='line_1_55' title="bbox 361 5421 2011 5495; baseline -0.002 -14"><span class='ocrx_word' id='word_1_332' title='bbox 361 5424 719 5481; x_wconf 87' lang='lat' dir='ltr'>studuerunt</span> <span class='ocrx_word' id='word_1_333' title='bbox 745 5421 1055 5477; x_wconf 86' lang='lat' dir='ltr'>hilaritate.</span> <span class='ocrx_word' id='word_1_334' title='bbox 1096 5422 1220 5477; x_wconf 91' lang='lat' dir='ltr'>Tali</span> <span class='ocrx_word' id='word_1_335' title='bbox 1264 5423 1444 5495; x_wconf 85' lang='lat' dir='ltr'>igitur</span> <span class='ocrx_word' id='word_1_336' title='bbox 1486 5439 1553 5475; x_wconf 89' lang='lat' dir='ltr'>ac</span> <span class='ocrx_word' id='word_1_337' title='bbox 1605 5424 1767 5474; x_wconf 88' lang='lat' dir='ltr'>tanto</span> <span class='ocrx_word' id='word_1_338' title='bbox 1818 5423 2011 5477; x_wconf 89' lang='lat' dir='ltr'>studio</span> 
     </span>
    </p>
   </div>
   <div class='ocr_carea' id='block_1_56' title="bbox 360 5511 2014 5585">
    <p class='ocr_par' dir='ltr' id='par_1_56' title="bbox 360 5511 2014 5585">
     <span class='ocr_line' id='line_1_56' title="bbox 360 5511 2014 5585; baseline -0.001 -18"><span class='ocrx_word' id='word_1_339' title='bbox 360 5511 637 5585; x_wconf 70' lang='lat' dir='ltr'>prmfatus</span> <span class='ocrx_word' id='word_1_340' title='bbox 665 5529 762 5567; x_wconf 82' lang='lat' dir='ltr'>rex</span> <span class='ocrx_word' id='word_1_341' title='bbox 793 5528 1144 5584; x_wconf 85' lang='lat' dir='ltr'>magnopere</span> <span class='ocrx_word' id='word_1_342' title='bbox 1167 5511 1508 5579; x_wconf 84' lang='lat' dir='ltr'>delectatus,</span> <span class='ocrx_word' id='word_1_343' title='bbox 1536 5525 1748 5564; x_wconf 88' lang='lat' dir='ltr'>arcana</span> <span class='ocrx_word' id='word_1_344' title='bbox 1769 5525 2014 5582; x_wconf 76' lang='lat' dir='ltr'>quaeque</span> 
     </span>
    </p>
   </div>
   <div class='ocr_carea' id='block_1_57' title="bbox 360 5595 2015 5671">
    <p class='ocr_par' dir='ltr' id='par_1_57' title="bbox 360 5595 2015 5671">
     <span class='ocr_line' id='line_1_57' title="bbox 360 5595 2015 5671; baseline -0.001 -15"><span class='ocrx_word' id='word_1_345' title='bbox 360 5597 625 5670; x_wconf 87' lang='lat' dir='ltr'>diligenti</span> <span class='ocrx_word' id='word_1_346' title='bbox 657 5615 797 5657; x_wconf 90' lang='lat' dir='ltr'>cura</span> <span class='ocrx_word' id='word_1_347' title='bbox 826 5601 1169 5657; x_wconf 86' lang='lat' dir='ltr'>examinans</span> <span class='ocrx_word' id='word_1_348' title='bbox 1201 5596 1477 5671; x_wconf 86' lang='lat' dir='ltr'>synodale</span> <span class='ocrx_word' id='word_1_349' title='bbox 1509 5595 1822 5653; x_wconf 90' lang='lat' dir='ltr'>concilium</span> <span class='ocrx_word' id='word_1_350' title='bbox 1852 5599 2015 5655; x_wconf 88' lang='lat' dir='ltr'>Win-</span> 
     </span>
    </p>
   </div>
   <div class='ocr_carea' id='block_1_58' title="bbox 362 5685 2009 5758">
    <p class='ocr_par' dir='ltr' id='par_1_58' title="bbox 362 5685 2009 5758">
     <span class='ocr_line' id='line_1_58' title="bbox 362 5685 2009 5758; baseline -0.002 -12"><span class='ocrx_word' id='word_1_351' title='bbox 362 5687 533 5746; x_wconf 73' lang='lat' dir='ltr'>tonia:</span> <span class='ocrx_word' id='word_1_352' title='bbox 567 5688 687 5745; x_wconf 86' lang='lat' dir='ltr'>ﬁeri</span> <span class='ocrx_word' id='word_1_353' title='bbox 722 5689 992 5756; x_wconf 88' lang='lat' dir='ltr'>decrevit,</span> <span class='ocrx_word' id='word_1_354' title='bbox 1026 5687 1279 5758; x_wconf 84' lang='lat' dir='ltr'>illucque</span> <span class='ocrx_word' id='word_1_355' title='bbox 1310 5685 1484 5740; x_wconf 87' lang='lat' dir='ltr'>verba</span> <span class='ocrx_word' id='word_1_356' title='bbox 1526 5685 1917 5742; x_wconf 79' lang='lat' dir='ltr'>exhortatoria</span> <span class='ocrx_word' id='word_1_357' title='bbox 1946 5706 2009 5744; x_wconf 89' lang='lat' dir='ltr'>ac</span> 
     </span>
    </p>
   </div>
   <div class='ocr_carea' id='block_1_59' title="bbox 2053 2123 3799 2198">
    <p class='ocr_par' dir='ltr' id='par_1_59' title="bbox 2053 2123 3799 2198">
     <span class='ocr_line' id='line_1_59' title="bbox 2053 2123 3799 2198; baseline 0.002 -18"><span class='ocrx_word' id='word_1_358' title='bbox 2053 2127 2102 2193; x_wconf 88' lang='lat' dir='ltr'>B</span> <span class='ocrx_word' id='word_1_359' title='bbox 2133 2124 2377 2198; x_wconf 82' lang='lat' dir='ltr'>pacifica</span> <span class='ocrx_word' id='word_1_360' title='bbox 2407 2124 2621 2198; x_wconf 87' lang='lat' dir='ltr'>pitacio</span> <span class='ocrx_word' id='word_1_361' title='bbox 2650 2123 3120 2182; x_wconf 87' lang='lat' dir='ltr'>luculentissime</span> <span class='ocrx_word' id='word_1_362' title='bbox 3151 2127 3386 2182; x_wconf 85' lang='lat' dir='ltr'>exarata</span> <span class='ocrx_word' id='word_1_363' title='bbox 3414 2123 3799 2183; x_wconf 89' lang='lat' dir='ltr'>humillimus</span> 
     </span>
    </p>
   </div>
   <div class='ocr_carea' id='block_1_60' title="bbox 2135 2212 3799 2289">
    <p class='ocr_par' dir='ltr' id='par_1_60' title="bbox 2135 2212 3799 2289">
     <span class='ocr_line' id='line_1_60' title="bbox 2135 2212 3799 2289; baseline 0.001 -20"><span class='ocrx_word' id='word_1_364' title='bbox 2135 2214 2474 2283; x_wconf 84' lang='lat' dir='ltr'>destinavit,</span> <span class='ocrx_word' id='word_1_365' title='bbox 2504 2218 2867 2286; x_wconf 88' lang='lat' dir='ltr'>cunctosque</span> <span class='ocrx_word' id='word_1_366' title='bbox 2897 2212 3111 2271; x_wconf 87' lang='lat' dir='ltr'>Christi</span> <span class='ocrx_word' id='word_1_367' title='bbox 3161 2217 3553 2286; x_wconf 89' lang='lat' dir='ltr'>compunctus</span> <span class='ocrx_word' id='word_1_368' title='bbox 3600 2216 3799 2289; x_wconf 87' lang='lat' dir='ltr'>gratia</span> 
     </span>
    </p>
   </div>
   <div class='ocr_carea' id='block_1_61' title="bbox 2136 2301 3793 2375">
    <p class='ocr_par' dir='ltr' id='par_1_61' title="bbox 2136 2301 3793 2375">
     <span class='ocr_line' id='line_1_61' title="bbox 2136 2301 3793 2375; baseline 0.001 -16"><span class='ocrx_word' id='word_1_369' title='bbox 2136 2303 2387 2373; x_wconf 91' lang='lat' dir='ltr'>monuit,</span> <span class='ocrx_word' id='word_1_370' title='bbox 2419 2306 2483 2358; x_wconf 92' lang='lat' dir='ltr'>ut</span> <span class='ocrx_word' id='word_1_371' title='bbox 2524 2303 2842 2359; x_wconf 89' lang='lat' dir='ltr'>concordes</span> <span class='ocrx_word' id='word_1_372' title='bbox 2893 2301 3102 2375; x_wconf 62' lang='lat' dir='ltr'>(squali</span> <span class='ocrx_word' id='word_1_373' title='bbox 3152 2302 3600 2359; x_wconf 86' lang='lat' dir='ltr'>consuetudinis</span> <span class='ocrx_word' id='word_1_374' title='bbox 3652 2322 3793 2372; x_wconf 87' lang='lat' dir='ltr'>usu,</span> 
     </span>
    </p>
   </div>
   <div class='ocr_carea' id='block_1_62' title="bbox 2134 2391 3797 2465">
    <p class='ocr_par' dir='ltr' id='par_1_62' title="bbox 2134 2391 3797 2465">
     <span class='ocr_line' id='line_1_62' title="bbox 2134 2391 3797 2465; baseline 0 -16"><span class='ocrx_word' id='word_1_375' title='bbox 2134 2396 2368 2449; x_wconf 91' lang='lat' dir='ltr'>sanctos</span> <span class='ocrx_word' id='word_1_376' title='bbox 2393 2391 2784 2465; x_wconf 87' lang='lat' dir='ltr'>probatosqne</span> <span class='ocrx_word' id='word_1_377' title='bbox 2806 2391 3090 2447; x_wconf 90' lang='lat' dir='ltr'>imitando</span> <span class='ocrx_word' id='word_1_378' title='bbox 3113 2392 3312 2449; x_wconf 90' lang='lat' dir='ltr'>Patres</span> <span class='ocrx_word' id='word_1_379' title='bbox 3335 2391 3629 2465; x_wconf 79' lang='lat' dir='ltr'>regularis</span> <span class='ocrx_word' id='word_1_380' title='bbox 3648 2411 3797 2465; x_wconf 75' lang='lat' dir='ltr'>prae-</span> 
     </span>
    </p>
   </div>
   <div class='ocr_carea' id='block_1_63' title="bbox 2133 2481 3793 2553">
    <p class='ocr_par' dir='ltr' id='par_1_63' title="bbox 2133 2481 3793 2553">
     <span class='ocr_line' id='line_1_63' title="bbox 2133 2481 3793 2553; baseline 0.002 -17"><span class='ocrx_word' id='word_1_381' title='bbox 2133 2486 2300 2553; x_wconf 89' lang='lat' dir='ltr'>cepta</span> <span class='ocrx_word' id='word_1_382' title='bbox 2327 2481 2515 2537; x_wconf 89' lang='lat' dir='ltr'>tenaci</span> <span class='ocrx_word' id='word_1_383' title='bbox 2549 2481 2765 2538; x_wconf 89' lang='lat' dir='ltr'>mentis</span> <span class='ocrx_word' id='word_1_384' title='bbox 2796 2481 3050 2538; x_wconf 89' lang='lat' dir='ltr'>anchora</span> <span class='ocrx_word' id='word_1_385' title='bbox 3080 2486 3399 2551; x_wconf 89' lang='lat' dir='ltr'>servantes,</span> <span class='ocrx_word' id='word_1_386' title='bbox 3424 2481 3587 2539; x_wconf 93' lang='lat' dir='ltr'>nullo</span> <span class='ocrx_word' id='word_1_387' title='bbox 3610 2484 3793 2539; x_wconf 92' lang='lat' dir='ltr'>modo</span> 
     </span>
    </p>
   </div>
   <div class='ocr_carea' id='block_1_64' title="bbox 2132 2569 3792 2643">
    <p class='ocr_par' dir='ltr' id='par_1_64' title="bbox 2132 2569 3792 2643">
     <span class='ocr_line' id='line_1_64' title="bbox 2132 2569 3792 2643; baseline 0.002 -18"><span class='ocrx_word' id='word_1_388' title='bbox 2132 2569 2534 2626; x_wconf 89' lang='lat' dir='ltr'>dissentiendo</span> <span class='ocrx_word' id='word_1_389' title='bbox 2595 2569 3027 2637; x_wconf 87' lang='lat' dir='ltr'>discordarent;</span> <span class='ocrx_word' id='word_1_390' title='bbox 3079 2586 3153 2626; x_wconf 91' lang='lat' dir='ltr'>ne</span> <span class='ocrx_word' id='word_1_391' title='bbox 3211 2570 3420 2643; x_wconf 86' lang='lat' dir='ltr'>impar,</span> <span class='ocrx_word' id='word_1_392' title='bbox 3473 2587 3539 2626; x_wconf 92' lang='lat' dir='ltr'>ac</span> <span class='ocrx_word' id='word_1_393' title='bbox 3585 2572 3792 2628; x_wconf 90' lang='lat' dir='ltr'>varius</span> 
     </span>
    </p>
   </div>
   <div class='ocr_carea' id='block_1_65' title="bbox 2133 2658 3794 2733">
    <p class='ocr_par' dir='ltr' id='par_1_65' title="bbox 2133 2658 3794 2733">
     <span class='ocr_line' id='line_1_65' title="bbox 2133 2658 3794 2733; baseline 0.001 -18"><span class='ocrx_word' id='word_1_394' title='bbox 2133 2659 2310 2716; x_wconf 89' lang='lat' dir='ltr'>unius</span> <span class='ocrx_word' id='word_1_395' title='bbox 2332 2659 2568 2733; x_wconf 72' lang='lat' dir='ltr'>regulai,</span> <span class='ocrx_word' id='word_1_396' title='bbox 2583 2675 2650 2715; x_wconf 89' lang='lat' dir='ltr'>ac</span> <span class='ocrx_word' id='word_1_397' title='bbox 2674 2659 2851 2715; x_wconf 90' lang='lat' dir='ltr'>unius</span> <span class='ocrx_word' id='word_1_398' title='bbox 2870 2658 3072 2731; x_wconf 71' lang='lat' dir='ltr'>patria:</span> <span class='ocrx_word' id='word_1_399' title='bbox 3098 2676 3244 2716; x_wconf 90' lang='lat' dir='ltr'>usus</span> <span class='ocrx_word' id='word_1_400' title='bbox 3266 2660 3545 2732; x_wconf 90' lang='lat' dir='ltr'>probrose</span> <span class='ocrx_word' id='word_1_401' title='bbox 3564 2660 3794 2733; x_wconf 87' lang='lat' dir='ltr'>vitupe-</span> 
     </span>
    </p>
   </div>
   <div class='ocr_carea' id='block_1_66' title="bbox 2133 2747 3793 2822">
    <p class='ocr_par' dir='ltr' id='par_1_66' title="bbox 2133 2747 3793 2822">
     <span class='ocr_line' id='line_1_66' title="bbox 2133 2747 3793 2822; baseline 0.002 -19"><span class='ocrx_word' id='word_1_402' title='bbox 2133 2747 2287 2803; x_wconf 90' lang='lat' dir='ltr'>rium</span> <span class='ocrx_word' id='word_1_403' title='bbox 2327 2753 2541 2805; x_wconf 63' lang='lat' dir='ltr'>sancta:</span> <span class='ocrx_word' id='word_1_404' title='bbox 2590 2748 3013 2803; x_wconf 88' lang='lat' dir='ltr'>conversationi</span> <span class='ocrx_word' id='word_1_405' title='bbox 3065 2748 3365 2822; x_wconf 90' lang='lat' dir='ltr'>irrogaret.</span> <span class='ocrx_word' id='word_1_406' title='bbox 3399 2750 3588 2822; x_wconf 83' lang='lat' dir='ltr'>Hujus</span> <span class='ocrx_word' id='word_1_407' title='bbox 3637 2766 3793 2822; x_wconf 70' lang='lat' dir='ltr'>pra:-</span> 
     </span>
    </p>
   </div>
   <div class='ocr_carea' id='block_1_67' title="bbox 2131 2836 3796 2910">
    <p class='ocr_par' dir='ltr' id='par_1_67' title="bbox 2131 2836 3796 2910">
     <span class='ocr_line' id='line_1_67' title="bbox 2131 2836 3796 2910; baseline 0.002 -18"><span class='ocrx_word' id='word_1_408' title='bbox 2131 2836 2533 2893; x_wconf 87' lang='lat' dir='ltr'>cellcntissimi</span> <span class='ocrx_word' id='word_1_409' title='bbox 2568 2837 2721 2909; x_wconf 89' lang='lat' dir='ltr'>regis</span> <span class='ocrx_word' id='word_1_410' title='bbox 2752 2836 2946 2910; x_wconf 89' lang='lat' dir='ltr'>sagaci</span> <span class='ocrx_word' id='word_1_411' title='bbox 2969 2837 3198 2893; x_wconf 92' lang='lat' dir='ltr'>monitu</span> <span class='ocrx_word' id='word_1_412' title='bbox 3229 2838 3613 2910; x_wconf 86' lang='lat' dir='ltr'>spiritualiter</span> <span class='ocrx_word' id='word_1_413' title='bbox 3633 2855 3796 2895; x_wconf 87' lang='lat' dir='ltr'>com-</span> 
     </span>
    </p>
   </div>
   <div class='ocr_carea' id='block_1_68' title="bbox 2130 2926 3793 2999">
    <p class='ocr_par' dir='ltr' id='par_1_68' title="bbox 2130 2926 3793 2999">
     <span class='ocr_line' id='line_1_68' title="bbox 2130 2926 3793 2999; baseline 0.003 -18"><span class='ocrx_word' id='word_1_414' title='bbox 2130 2927 2357 2999; x_wconf 89' lang='lat' dir='ltr'>puncti,</span> <span class='ocrx_word' id='word_1_415' title='bbox 2389 2942 2503 2981; x_wconf 90' lang='lat' dir='ltr'>non</span> <span class='ocrx_word' id='word_1_416' title='bbox 2537 2930 2769 2982; x_wconf 89' lang='lat' dir='ltr'>tantum</span> <span class='ocrx_word' id='word_1_417' title='bbox 2801 2926 3079 2999; x_wconf 91' lang='lat' dir='ltr'>episcopi,</span> <span class='ocrx_word' id='word_1_418' title='bbox 3102 2943 3303 2985; x_wconf 88' lang='lat' dir='ltr'>verum</span> <span class='ocrx_word' id='word_1_419' title='bbox 3333 2927 3508 2983; x_wconf 88' lang='lat' dir='ltr'>etiam</span> <span class='ocrx_word' id='word_1_420' title='bbox 3542 2928 3793 2986; x_wconf 82' lang='lat' dir='ltr'>abbates</span> 
     </span>
    </p>
   </div>
   <div class='ocr_carea' id='block_1_69' title="bbox 2132 3015 3795 3088">
    <p class='ocr_par' dir='ltr' id='par_1_69' title="bbox 2132 3015 3795 3088">
     <span class='ocr_line' id='line_1_69' title="bbox 2132 3015 3795 3088; baseline 0.001 -16"><span class='ocrx_word' id='word_1_421' title='bbox 2132 3033 2197 3073; x_wconf 89' lang='lat' dir='ltr'>ac</span> <span class='ocrx_word' id='word_1_422' title='bbox 2228 3015 2732 3088; x_wconf 70' lang='lat' dir='ltr'>abbatissae,quod</span> <span class='ocrx_word' id='word_1_423' title='bbox 2765 3015 2943 3072; x_wconf 90' lang='lat' dir='ltr'>talem</span> <span class='ocrx_word' id='word_1_424' title='bbox 2966 3033 3032 3072; x_wconf 86' lang='lat' dir='ltr'>ac</span> <span class='ocrx_word' id='word_1_425' title='bbox 3059 3020 3288 3072; x_wconf 89' lang='lat' dir='ltr'>tantum</span> <span class='ocrx_word' id='word_1_426' title='bbox 3319 3017 3533 3074; x_wconf 91' lang='lat' dir='ltr'>habere</span> <span class='ocrx_word' id='word_1_427' title='bbox 3564 3033 3795 3074; x_wconf 83' lang='lat' dir='ltr'>merue-</span> 
     </span>
    </p>
   </div>
   <div class='ocr_carea' id='block_1_70' title="bbox 2131 3104 3792 3178">
    <p class='ocr_par' dir='ltr' id='par_1_70' title="bbox 2131 3104 3792 3178">
     <span class='ocr_line' id='line_1_70' title="bbox 2131 3104 3792 3178; baseline 0.004 -20"><span class='ocrx_word' id='word_1_428' title='bbox 2131 3107 2270 3158; x_wconf 89' lang='lat' dir='ltr'>runt</span> <span class='ocrx_word' id='word_1_429' title='bbox 2299 3104 2618 3171; x_wconf 90' lang='lat' dir='ltr'>doctorem,</span> <span class='ocrx_word' id='word_1_430' title='bbox 2638 3104 2846 3160; x_wconf 86' lang='lat' dir='ltr'>erectis</span> <span class='ocrx_word' id='word_1_431' title='bbox 2876 3104 2948 3160; x_wconf 89' lang='lat' dir='ltr'>ad</span> <span class='ocrx_word' id='word_1_432' title='bbox 2981 3104 3197 3160; x_wconf 70' lang='lat' dir='ltr'>mthera</span> <span class='ocrx_word' id='word_1_433' title='bbox 3217 3104 3429 3178; x_wconf 89' lang='lat' dir='ltr'>palmis</span> <span class='ocrx_word' id='word_1_434' title='bbox 3462 3106 3792 3164; x_wconf 89' lang='lat' dir='ltr'>immensas</span> 
     </span>
    </p>
   </div>
   <div class='ocr_carea' id='block_1_71' title="bbox 2131 3192 3792 3268">
    <p class='ocr_par' dir='ltr' id='par_1_71' title="bbox 2131 3192 3792 3268">
     <span class='ocr_line' id='line_1_71' title="bbox 2131 3192 3792 3268; baseline 0.004 -19"><span class='ocrx_word' id='word_1_435' title='bbox 2131 3192 2497 3249; x_wconf 86' lang='lat' dir='ltr'>Celsithrono</span> <span class='ocrx_word' id='word_1_436' title='bbox 2527 3197 2743 3266; x_wconf 84' lang='lat' dir='ltr'>grates,</span> <span class='ocrx_word' id='word_1_437' title='bbox 2776 3193 2891 3251; x_wconf 87' lang='lat' dir='ltr'>voti</span> <span class='ocrx_word' id='word_1_438' title='bbox 2934 3199 3233 3268; x_wconf 90' lang='lat' dir='ltr'>compotes</span> <span class='ocrx_word' id='word_1_439' title='bbox 3274 3196 3487 3252; x_wconf 85' lang='lat' dir='ltr'>referre</span> <span class='ocrx_word' id='word_1_440' title='bbox 3517 3212 3633 3256; x_wconf 91' lang='lat' dir='ltr'>non</span> <span class='ocrx_word' id='word_1_441' title='bbox 3664 3196 3792 3256; x_wconf 87' lang='lat' dir='ltr'>dis-</span> 
     </span>
    </p>
   </div>
   <div class='ocr_carea' id='block_1_72' title="bbox 2129 3282 2413 3341">
    <p class='ocr_par' dir='ltr' id='par_1_72' title="bbox 2129 3282 2413 3341">
     <span class='ocr_line' id='line_1_72' title="bbox 2129 3282 2413 3341; baseline -0.011 0"><span class='ocrx_word' id='word_1_442' title='bbox 2129 3282 2413 3341; x_wconf 88' lang='lat' dir='ltr'>tulerunt.</span> 
     </span>
    </p>
   </div>
   <div class='ocr_carea' id='block_1_73' title="bbox 2202 3371 3796 3446">
    <p class='ocr_par' dir='ltr' id='par_1_73' title="bbox 2202 3371 3796 3446">
     <span class='ocr_line' id='line_1_73' title="bbox 2202 3371 3796 3446; baseline 0.003 -18"><span class='ocrx_word' id='word_1_443' title='bbox 2202 3373 2347 3428; x_wconf 90' lang='lat' dir='ltr'>Nam</span> <span class='ocrx_word' id='word_1_444' title='bbox 2372 3371 2527 3428; x_wconf 93' lang='lat' dir='ltr'>illico</span> <span class='ocrx_word' id='word_1_445' title='bbox 2545 3372 2675 3445; x_wconf 88' lang='lat' dir='ltr'>ejus</span> <span class='ocrx_word' id='word_1_446' title='bbox 2693 3372 2954 3446; x_wconf 89' lang='lat' dir='ltr'>imperiis</span> <span class='ocrx_word' id='word_1_447' title='bbox 2971 3377 3092 3430; x_wconf 91' lang='lat' dir='ltr'>toto</span> <span class='ocrx_word' id='word_1_448' title='bbox 3109 3374 3325 3430; x_wconf 89' lang='lat' dir='ltr'>mentis</span> <span class='ocrx_word' id='word_1_449' title='bbox 3343 3374 3650 3431; x_wconf 89' lang='lat' dir='ltr'>conamine</span> <span class='ocrx_word' id='word_1_450' title='bbox 3669 3375 3796 3433; x_wconf 87' lang='lat' dir='ltr'>ala-</span> 
     </span>
    </p>
   </div>
   <div class='ocr_carea' id='block_1_74' title="bbox 2130 3462 3795 3535">
    <p class='ocr_par' dir='ltr' id='par_1_74' title="bbox 2130 3462 3795 3535">
     <span class='ocr_line' id='line_1_74' title="bbox 2130 3462 3795 3535; baseline 0.004 -19"><span class='ocrx_word' id='word_1_451' title='bbox 2130 3462 2304 3517; x_wconf 89' lang='lat' dir='ltr'>criter</span> <span class='ocrx_word' id='word_1_452' title='bbox 2324 3462 2816 3534; x_wconf 89' lang='lat' dir='ltr'>obtemperantes,</span> <span class='ocrx_word' id='word_1_453' title='bbox 2840 3462 3144 3535; x_wconf 88' lang='lat' dir='ltr'>sanctique</span> <span class='ocrx_word' id='word_1_454' title='bbox 3176 3462 3408 3535; x_wconf 90' lang='lat' dir='ltr'>patroni</span> <span class='ocrx_word' id='word_1_455' title='bbox 3439 3463 3624 3522; x_wconf 91' lang='lat' dir='ltr'>nostri</span> <span class='ocrx_word' id='word_1_456' title='bbox 3645 3463 3795 3523; x_wconf 84' lang='lat' dir='ltr'>Gre-</span> 
     </span>
    </p>
   </div>
   <div class='ocr_carea' id='block_1_75' title="bbox 2128 3550 3791 3625">
    <p class='ocr_par' dir='ltr' id='par_1_75' title="bbox 2128 3550 3791 3625">
     <span class='ocr_line' id='line_1_75' title="bbox 2128 3550 3791 3625; baseline 0.003 -19"><span class='ocrx_word' id='word_1_457' title='bbox 2128 3550 2275 3625; x_wconf 90' lang='lat' dir='ltr'>gorii</span> <span class='ocrx_word' id='word_1_458' title='bbox 2308 3552 2681 3618; x_wconf 90' lang='lat' dir='ltr'>documenta,</span> <span class='ocrx_word' id='word_1_459' title='bbox 2707 3552 2924 3625; x_wconf 85' lang='lat' dir='ltr'>quibus</span> <span class='ocrx_word' id='word_1_460' title='bbox 2954 3552 3191 3608; x_wconf 89' lang='lat' dir='ltr'>beatum</span> <span class='ocrx_word' id='word_1_461' title='bbox 3221 3552 3620 3625; x_wconf 82' lang='lat' dir='ltr'>Augustinum</span> <span class='ocrx_word' id='word_1_462' title='bbox 3653 3571 3791 3611; x_wconf 90' lang='lat' dir='ltr'>mo-</span> 
     </span>
    </p>
   </div>
   <div class='ocr_carea' id='block_1_76' title="bbox 2129 3639 3791 3711">
    <p class='ocr_par' dir='ltr' id='par_1_76' title="bbox 2129 3639 3791 3711">
     <span class='ocr_line' id='line_1_76' title="bbox 2129 3639 3791 3711; baseline 0.004 -16"><span class='ocrx_word' id='word_1_463' title='bbox 2129 3655 2266 3696; x_wconf 89' lang='lat' dir='ltr'>nere</span> <span class='ocrx_word' id='word_1_464' title='bbox 2298 3640 2548 3707; x_wconf 90' lang='lat' dir='ltr'>studuit,</span> <span class='ocrx_word' id='word_1_465' title='bbox 2580 3642 2647 3696; x_wconf 92' lang='lat' dir='ltr'>ut</span> <span class='ocrx_word' id='word_1_466' title='bbox 2677 3658 2793 3697; x_wconf 93' lang='lat' dir='ltr'>non</span> <span class='ocrx_word' id='word_1_467' title='bbox 2826 3639 3019 3699; x_wconf 90' lang='lat' dir='ltr'>solum</span> <span class='ocrx_word' id='word_1_468' title='bbox 3052 3641 3347 3711; x_wconf 74' lang='lat' dir='ltr'>Romanae,</span> <span class='ocrx_word' id='word_1_469' title='bbox 3369 3659 3573 3699; x_wconf 89' lang='lat' dir='ltr'>verum</span> <span class='ocrx_word' id='word_1_470' title='bbox 3603 3644 3791 3701; x_wconf 90' lang='lat' dir='ltr'>etiam</span> 
     </span>
    </p>
   </div>
   <div class='ocr_carea' id='block_1_77' title="bbox 2128 3729 3793 3808">
    <p class='ocr_par' dir='ltr' id='par_1_77' title="bbox 2128 3729 3793 3808">
     <span class='ocr_line' id='line_1_77' title="bbox 2128 3729 3793 3808; baseline 0.002 -21"><span class='ocrx_word' id='word_1_471' title='bbox 2128 3729 2471 3797; x_wconf 88' lang='lat' dir='ltr'>Galliarum,</span> <span class='ocrx_word' id='word_1_472' title='bbox 2504 3730 2781 3787; x_wconf 90' lang='lat' dir='ltr'>honestos</span> <span class='ocrx_word' id='word_1_473' title='bbox 2811 3729 3204 3787; x_wconf 91' lang='lat' dir='ltr'>Ecclesiarum</span> <span class='ocrx_word' id='word_1_474' title='bbox 3234 3748 3381 3788; x_wconf 91' lang='lat' dir='ltr'>usus</span> <span class='ocrx_word' id='word_1_475' title='bbox 3414 3731 3543 3787; x_wconf 91' lang='lat' dir='ltr'>rudi</span> <span class='ocrx_word' id='word_1_476' title='bbox 3574 3732 3793 3808; x_wconf 84' lang='lat' dir='ltr'>Anglo-</span> 
     </span>
    </p>
   </div>
   <div class='ocr_carea' id='block_1_78' title="bbox 2128 3818 3785 3880">
    <p class='ocr_par' dir='ltr' id='par_1_78' title="bbox 2128 3818 3785 3880">
     <span class='ocr_line' id='line_1_78' title="bbox 2128 3818 3785 3880; baseline 0.004 -6"><span class='ocrx_word' id='word_1_477' title='bbox 2128 3836 2261 3875; x_wconf 90' lang='lat' dir='ltr'>rum</span> <span class='ocrx_word' id='word_1_478' title='bbox 2291 3818 2561 3875; x_wconf 69' lang='lat' dir='ltr'>Ecclesirs</span> <span class='ocrx_word' id='word_1_479' title='bbox 2602 3820 2930 3877; x_wconf 90' lang='lat' dir='ltr'>decorando</span> <span class='ocrx_word' id='word_1_480' title='bbox 2981 3820 3365 3878; x_wconf 88' lang='lat' dir='ltr'>constitueret</span> <span class='ocrx_word' id='word_1_481' title='bbox 3413 3821 3737 3879; x_wconf 88' lang='lat' dir='ltr'>recolentes</span> <span class='ocrx_word' id='word_1_482' title='bbox 3772 3841 3785 3880; x_wconf 92' lang='lat'><strong>:</strong></span> 
     </span>
    </p>
   </div>
   <div class='ocr_carea' id='block_1_79' title="bbox 2127 3907 3788 3986">
    <p class='ocr_par' dir='ltr' id='par_1_79' title="bbox 2127 3907 3788 3986">
     <span class='ocr_line' id='line_1_79' title="bbox 2127 3907 3788 3986; baseline 0.002 -21"><span class='ocrx_word' id='word_1_483' title='bbox 2127 3908 2331 3965; x_wconf 90' lang='lat' dir='ltr'>accitis</span> <span class='ocrx_word' id='word_1_484' title='bbox 2365 3907 2657 3964; x_wconf 86' lang='lat' dir='ltr'>Florensis</span> <span class='ocrx_word' id='word_1_485' title='bbox 2689 3909 2842 3965; x_wconf 89' lang='lat' dir='ltr'>beati</span> <span class='ocrx_word' id='word_1_486' title='bbox 2890 3908 3185 3965; x_wconf 90' lang='lat' dir='ltr'>Benedicti</span> <span class='ocrx_word' id='word_1_487' title='bbox 3235 3927 3463 3966; x_wconf 88' lang='lat' dir='ltr'>necnon</span> <span class='ocrx_word' id='word_1_488' title='bbox 3503 3912 3788 3986; x_wconf 74' lang='lat' dir='ltr'>przeeipui</span> 
     </span>
    </p>
   </div>
   <div class='ocr_carea' id='block_1_80' title="bbox 2128 3996 3788 4075">
    <p class='ocr_par' dir='ltr' id='par_1_80' title="bbox 2128 3996 3788 4075">
     <span class='ocr_line' id='line_1_80' title="bbox 2128 3996 3788 4075; baseline 0.002 -21"><span class='ocrx_word' id='word_1_489' title='bbox 2128 3996 2399 4068; x_wconf 86' lang='lat' dir='ltr'>cocnobii,</span> <span class='ocrx_word' id='word_1_490' title='bbox 2423 3998 2578 4070; x_wconf 89' lang='lat' dir='ltr'>quod</span> <span class='ocrx_word' id='word_1_491' title='bbox 2602 3998 2813 4054; x_wconf 89' lang='lat' dir='ltr'>celebri</span> <span class='ocrx_word' id='word_1_492' title='bbox 2846 3999 3037 4055; x_wconf 90' lang='lat' dir='ltr'>Ghent</span> <span class='ocrx_word' id='word_1_493' title='bbox 3058 4000 3456 4070; x_wconf 87' lang='lat' dir='ltr'>(Gandonum)</span> <span class='ocrx_word' id='word_1_494' title='bbox 3478 4019 3788 4075; x_wconf 89' lang='lat' dir='ltr'>nuncupa-</span> 
     </span>
    </p>
   </div>
   <div class='ocr_carea' id='block_1_81' title="bbox 2126 4085 3794 4161">
    <p class='ocr_par' dir='ltr' id='par_1_81' title="bbox 2126 4085 3794 4161">
     <span class='ocr_line' id='line_1_81' title="bbox 2126 4085 3794 4161; baseline 0.005 -19"><span class='ocrx_word' id='word_1_495' title='bbox 2126 4091 2224 4142; x_wconf 89' lang='lat' dir='ltr'>tur</span> <span class='ocrx_word' id='word_1_496' title='bbox 2244 4085 2525 4142; x_wconf 89' lang='lat' dir='ltr'>vocabulo</span> <span class='ocrx_word' id='word_1_497' title='bbox 2544 4086 3123 4160; x_wconf 82' lang='lat' dir='ltr'>monachis,quaeque</span> <span class='ocrx_word' id='word_1_498' title='bbox 3138 4105 3206 4144; x_wconf 77' lang='lat' dir='ltr'>ex</span> <span class='ocrx_word' id='word_1_499' title='bbox 3224 4089 3420 4161; x_wconf 86' lang='lat' dir='ltr'>dignis</span> <span class='ocrx_word' id='word_1_500' title='bbox 3439 4108 3636 4147; x_wconf 89' lang='lat' dir='ltr'>eorum</span> <span class='ocrx_word' id='word_1_501' title='bbox 3663 4108 3794 4150; x_wconf 88' lang='lat' dir='ltr'>mo-</span> 
     </span>
    </p>
   </div>
   <div class='ocr_carea' id='block_1_82' title="bbox 2127 4174 3790 4249">
    <p class='ocr_par' dir='ltr' id='par_1_82' title="bbox 2127 4174 3790 4249">
     <span class='ocr_line' id='line_1_82' title="bbox 2127 4174 3790 4249; baseline 0.004 -18"><span class='ocrx_word' id='word_1_502' title='bbox 2127 4176 2291 4232; x_wconf 90' lang='lat' dir='ltr'>ribus</span> <span class='ocrx_word' id='word_1_503' title='bbox 2322 4175 2570 4231; x_wconf 89' lang='lat' dir='ltr'>honesta</span> <span class='ocrx_word' id='word_1_504' title='bbox 2599 4174 2960 4247; x_wconf 87' lang='lat' dir='ltr'>colligentes,</span> <span class='ocrx_word' id='word_1_505' title='bbox 2988 4175 3073 4232; x_wconf 90' lang='lat' dir='ltr'>uti</span> <span class='ocrx_word' id='word_1_506' title='bbox 3119 4193 3258 4249; x_wconf 87' lang='lat' dir='ltr'>apes</span> <span class='ocrx_word' id='word_1_507' title='bbox 3298 4179 3488 4235; x_wconf 89' lang='lat' dir='ltr'>favum</span> <span class='ocrx_word' id='word_1_508' title='bbox 3521 4182 3790 4238; x_wconf 88' lang='lat' dir='ltr'>nectaris</span> 
     </span>
    </p>
   </div>
   <div class='ocr_carea' id='block_1_83' title="bbox 2124 4264 3790 4337">
    <p class='ocr_par' dir='ltr' id='par_1_83' title="bbox 2124 4264 3790 4337">
     <span class='ocr_line' id='line_1_83' title="bbox 2124 4264 3790 4337; baseline 0.004 -16"><span class='ocrx_word' id='word_1_509' title='bbox 2124 4282 2157 4321; x_wconf 89' lang='lat' dir='ltr'>e</span> <span class='ocrx_word' id='word_1_510' title='bbox 2185 4264 2431 4321; x_wconf 87' lang='lat' dir='ltr'>diversis</span> <span class='ocrx_word' id='word_1_511' title='bbox 2461 4269 2764 4336; x_wconf 90' lang='lat' dir='ltr'>pratorum</span> <span class='ocrx_word' id='word_1_512' title='bbox 2788 4265 3031 4322; x_wconf 86' lang='lat' dir='ltr'>ﬂoribus</span> <span class='ocrx_word' id='word_1_513' title='bbox 3052 4267 3111 4321; x_wconf 89' lang='lat' dir='ltr'>iu</span> <span class='ocrx_word' id='word_1_514' title='bbox 3136 4284 3252 4323; x_wconf 90' lang='lat' dir='ltr'>uno</span> <span class='ocrx_word' id='word_1_515' title='bbox 3276 4267 3543 4337; x_wconf 85' lang='lat' dir='ltr'>alvcario,</span> <span class='ocrx_word' id='word_1_516' title='bbox 3567 4268 3652 4324; x_wconf 87' lang='lat' dir='ltr'>ita</span> <span class='ocrx_word' id='word_1_517' title='bbox 3672 4269 3790 4327; x_wconf 89' lang='lat' dir='ltr'>has</span> 
     </span>
    </p>
   </div>
   <div class='ocr_carea' id='block_1_84' title="bbox 2127 4354 3790 4432">
    <p class='ocr_par' dir='ltr' id='par_1_84' title="bbox 2127 4354 3790 4432">
     <span class='ocr_line' id='line_1_84' title="bbox 2127 4354 3790 4432; baseline 0.004 -22"><span class='ocrx_word' id='word_1_518' title='bbox 2127 4371 2358 4410; x_wconf 89' lang='lat' dir='ltr'>morum</span> <span class='ocrx_word' id='word_1_519' title='bbox 2382 4354 2839 4410; x_wconf 80' lang='lat' dir='ltr'>consuetudines</span> <span class='ocrx_word' id='word_1_520' title='bbox 2861 4356 2935 4411; x_wconf 89' lang='lat' dir='ltr'>ad</span> <span class='ocrx_word' id='word_1_521' title='bbox 2956 4355 3084 4411; x_wconf 60' lang='lat' dir='ltr'>vita</span> <span class='ocrx_word' id='word_1_522' title='bbox 3108 4356 3498 4427; x_wconf 89' lang='lat' dir='ltr'>honestatem,</span> <span class='ocrx_word' id='word_1_523' title='bbox 3522 4361 3580 4414; x_wconf 88' lang='lat' dir='ltr'>et</span> <span class='ocrx_word' id='word_1_524' title='bbox 3606 4375 3790 4432; x_wconf 77' lang='lat' dir='ltr'>regu-</span> 
     </span>
    </p>
   </div>
   <div class='ocr_carea' id='block_1_85' title="bbox 2124 4442 3789 4518">
    <p class='ocr_par' dir='ltr' id='par_1_85' title="bbox 2124 4442 3789 4518">
     <span class='ocr_line' id='line_1_85' title="bbox 2124 4442 3789 4518; baseline 0.004 -19"><span class='ocrx_word' id='word_1_525' title='bbox 2124 4443 2266 4500; x_wconf 91' lang='lat' dir='ltr'>laris</span> <span class='ocrx_word' id='word_1_526' title='bbox 2298 4443 2677 4500; x_wconf 71' lang='lat' dir='ltr'>observantia:</span> <span class='ocrx_word' id='word_1_527' title='bbox 2709 4442 3099 4514; x_wconf 88' lang='lat' dir='ltr'>dulcedinem,</span> <span class='ocrx_word' id='word_1_528' title='bbox 3125 4449 3191 4501; x_wconf 89' lang='lat' dir='ltr'>ut</span> <span class='ocrx_word' id='word_1_529' title='bbox 3223 4446 3294 4502; x_wconf 86' lang='lat' dir='ltr'>ab</span> <span class='ocrx_word' id='word_1_530' title='bbox 3345 4446 3459 4512; x_wconf 89' lang='lat' dir='ltr'>his,</span> <span class='ocrx_word' id='word_1_531' title='bbox 3490 4446 3592 4518; x_wconf 88' lang='lat' dir='ltr'>qui</span> <span class='ocrx_word' id='word_1_532' title='bbox 3623 4446 3789 4505; x_wconf 87' lang='lat' dir='ltr'>viam</span> 
     </span>
    </p>
   </div>
   <div class='ocr_carea' id='block_1_86' title="bbox 2126 4532 3790 4606">
    <p class='ocr_par' dir='ltr' id='par_1_86' title="bbox 2126 4532 3790 4606">
     <span class='ocr_line' id='line_1_86' title="bbox 2126 4532 3790 4606; baseline 0.004 -17"><span class='ocrx_word' id='word_1_533' title='bbox 2126 4532 2357 4606; x_wconf 90' lang='lat' dir='ltr'>regione</span> <span class='ocrx_word' id='word_1_534' title='bbox 2380 4533 2793 4588; x_wconf 88' lang='lat' dir='ltr'>mandatorum</span> <span class='ocrx_word' id='word_1_535' title='bbox 2821 4532 3053 4588; x_wconf 91' lang='lat' dir='ltr'>Domini</span> <span class='ocrx_word' id='word_1_536' title='bbox 3075 4533 3297 4606; x_wconf 88' lang='lat' dir='ltr'>absque</span> <span class='ocrx_word' id='word_1_537' title='bbox 3319 4534 3618 4606; x_wconf 69' lang='lat' dir='ltr'>jactantize</span> <span class='ocrx_word' id='word_1_538' title='bbox 3640 4536 3790 4595; x_wconf 89' lang='lat' dir='ltr'>vitio</span> 
     </span>
    </p>
   </div>
   <div class='ocr_carea' id='block_1_87' title="bbox 2122 4621 3789 4695">
    <p class='ocr_par' dir='ltr' id='par_1_87' title="bbox 2122 4621 3789 4695">
     <span class='ocr_line' id='line_1_87' title="bbox 2122 4621 3789 4695; baseline 0.003 -17"><span class='ocrx_word' id='word_1_539' title='bbox 2122 4621 2291 4679; x_wconf 89' lang='lat' dir='ltr'>lactei</span> <span class='ocrx_word' id='word_1_540' title='bbox 2331 4621 2521 4678; x_wconf 90' lang='lat' dir='ltr'>adhuc</span> <span class='ocrx_word' id='word_1_541' title='bbox 2568 4621 2870 4677; x_wconf 91' lang='lat' dir='ltr'>humiliter</span> <span class='ocrx_word' id='word_1_542' title='bbox 2907 4622 3209 4694; x_wconf 89' lang='lat' dir='ltr'>incedunt,</span> <span class='ocrx_word' id='word_1_543' title='bbox 3251 4622 3495 4695; x_wconf 88' lang='lat' dir='ltr'>depulso</span> <span class='ocrx_word' id='word_1_544' title='bbox 3548 4641 3789 4683; x_wconf 71' lang='lat' dir='ltr'>nausea:</span> 
     </span>
    </p>
   </div>
   <div class='ocr_carea' id='block_1_88' title="bbox 2125 4709 3792 4786">
    <p class='ocr_par' dir='ltr' id='par_1_88' title="bbox 2125 4709 3792 4786">
     <span class='ocr_line' id='line_1_88' title="bbox 2125 4709 3792 4786; baseline 0.004 -19"><span class='ocrx_word' id='word_1_545' title='bbox 2125 4711 2294 4767; x_wconf 70' lang='lat' dir='ltr'>taedio</span> <span class='ocrx_word' id='word_1_546' title='bbox 2325 4711 2452 4767; x_wconf 90' lang='lat' dir='ltr'>sine</span> <span class='ocrx_word' id='word_1_547' title='bbox 2474 4709 2710 4783; x_wconf 89' lang='lat' dir='ltr'>querela</span> <span class='ocrx_word' id='word_1_548' title='bbox 2740 4709 2999 4783; x_wconf 89' lang='lat' dir='ltr'>legitime</span> <span class='ocrx_word' id='word_1_549' title='bbox 3030 4709 3245 4769; x_wconf 89' lang='lat' dir='ltr'>haustu</span> <span class='ocrx_word' id='word_1_550' title='bbox 3270 4714 3570 4786; x_wconf 90' lang='lat' dir='ltr'>degustari</span> <span class='ocrx_word' id='word_1_551' title='bbox 3601 4713 3792 4772; x_wconf 84' lang='lat' dir='ltr'>liben-</span> 
     </span>
    </p>
   </div>
   <div class='ocr_carea' id='block_1_89' title="bbox 2126 4798 3790 4874">
    <p class='ocr_par' dir='ltr' id='par_1_89' title="bbox 2126 4798 3790 4874">
     <span class='ocr_line' id='line_1_89' title="bbox 2126 4798 3790 4874; baseline 0.004 -19"><span class='ocrx_word' id='word_1_552' title='bbox 2126 4800 2380 4869; x_wconf 88' lang='lat' dir='ltr'>tissime,</span> <span class='ocrx_word' id='word_1_553' title='bbox 2402 4816 2467 4856; x_wconf 89' lang='lat' dir='ltr'>ac</span> <span class='ocrx_word' id='word_1_554' title='bbox 2489 4799 2656 4857; x_wconf 90' lang='lat' dir='ltr'>avide</span> <span class='ocrx_word' id='word_1_555' title='bbox 2675 4798 2914 4856; x_wconf 88' lang='lat' dir='ltr'>amabili</span> <span class='ocrx_word' id='word_1_556' title='bbox 2936 4805 3179 4873; x_wconf 89' lang='lat' dir='ltr'>possent</span> <span class='ocrx_word' id='word_1_557' title='bbox 3201 4802 3428 4874; x_wconf 84' lang='lat' dir='ltr'>impleri</span> <span class='ocrx_word' id='word_1_558' title='bbox 3451 4803 3790 4872; x_wconf 87' lang='lat' dir='ltr'>devotione,</span> 
     </span>
    </p>
   </div>
   <div class='ocr_carea' id='block_1_90' title="bbox 2044 4874 3791 4963">
    <p class='ocr_par' dir='ltr' id='par_1_90' title="bbox 2044 4874 3791 4963">
     <span class='ocr_line' id='line_1_90' title="bbox 2044 4874 3791 4963; baseline 0.006 -23"><span class='ocrx_word' id='word_1_559' title='bbox 2044 4874 2094 4940; x_wconf 87' lang='lat' dir='ltr'>D</span> <span class='ocrx_word' id='word_1_560' title='bbox 2125 4892 2449 4962; x_wconf 88' lang='lat' dir='ltr'>temperata</span> <span class='ocrx_word' id='word_1_561' title='bbox 2478 4904 2612 4945; x_wconf 90' lang='lat' dir='ltr'>cum</span> <span class='ocrx_word' id='word_1_562' title='bbox 2644 4905 2858 4963; x_wconf 89' lang='lat' dir='ltr'>magna</span> <span class='ocrx_word' id='word_1_563' title='bbox 2896 4895 3074 4962; x_wconf 91' lang='lat' dir='ltr'>atque</span> <span class='ocrx_word' id='word_1_564' title='bbox 3122 4890 3324 4947; x_wconf 84' lang='lat' dir='ltr'>subtili</span> <span class='ocrx_word' id='word_1_565' title='bbox 3359 4891 3605 4949; x_wconf 87' lang='lat' dir='ltr'>rationis</span> <span class='ocrx_word' id='word_1_566' title='bbox 3657 4895 3791 4951; x_wconf 60' lang='lat' dir='ltr'>dis-</span> 
     </span>
    </p>
   </div>
   <div class='ocr_carea' id='block_1_91' title="bbox 2126 4977 3791 5054">
    <p class='ocr_par' dir='ltr' id='par_1_91' title="bbox 2126 4977 3791 5054">
     <span class='ocr_line' id='line_1_91' title="bbox 2126 4977 3791 5054; baseline 0.004 -20"><span class='ocrx_word' id='word_1_567' title='bbox 2126 4977 2632 5046; x_wconf 88' lang='lat' dir='ltr'>cretione,Christi</span> <span class='ocrx_word' id='word_1_568' title='bbox 2656 4979 2862 5034; x_wconf 90' lang='lat' dir='ltr'>mundi</span> <span class='ocrx_word' id='word_1_569' title='bbox 2885 4978 3199 5035; x_wconf 82' lang='lat' dir='ltr'>Salvatoris</span> <span class='ocrx_word' id='word_1_570' title='bbox 3222 4980 3546 5052; x_wconf 86' lang='lat' dir='ltr'>opitulante</span> <span class='ocrx_word' id='word_1_571' title='bbox 3568 4984 3791 5054; x_wconf 86' lang='lat' dir='ltr'>gratia,</span> 
     </span>
    </p>
   </div>
   <div class='ocr_carea' id='block_1_92' title="bbox 2124 5066 3612 5143">
    <p class='ocr_par' dir='ltr' id='par_1_92' title="bbox 2124 5066 3612 5143">
     <span class='ocr_line' id='line_1_92' title="bbox 2124 5066 3612 5143; baseline 0.002 -21"><span class='ocrx_word' id='word_1_572' title='bbox 2124 5068 2234 5123; x_wconf 91' lang='lat' dir='ltr'>hoc</span> <span class='ocrx_word' id='word_1_573' title='bbox 2265 5066 2472 5139; x_wconf 75' lang='lat' dir='ltr'>exiguo</span> <span class='ocrx_word' id='word_1_574' title='bbox 2505 5070 2906 5139; x_wconf 89' lang='lat' dir='ltr'>apposuerunt</span> <span class='ocrx_word' id='word_1_575' title='bbox 2934 5068 3230 5125; x_wconf 85' lang='lat' dir='ltr'>earticello</span> <span class='ocrx_word' id='word_1_576' title='bbox 3263 5068 3612 5143; x_wconf 86' lang='lat' dir='ltr'>[codicello].</span> 
     </span>
    </p>
   </div>
   <div class='ocr_carea' id='block_1_93' title="bbox 2196 5154 3790 5231">
    <p class='ocr_par' dir='ltr' id='par_1_93' title="bbox 2196 5154 3790 5231">
     <span class='ocr_line' id='line_1_93' title="bbox 2196 5154 3790 5231; baseline 0.004 -20"><span class='ocrx_word' id='word_1_577' title='bbox 2196 5156 2276 5211; x_wconf 89' lang='lat' dir='ltr'>Nc</span> <span class='ocrx_word' id='word_1_578' title='bbox 2309 5156 2489 5228; x_wconf 89' lang='lat' dir='ltr'>igitur</span> <span class='ocrx_word' id='word_1_579' title='bbox 2518 5154 2733 5229; x_wconf 88' lang='lat' dir='ltr'>singuli</span> <span class='ocrx_word' id='word_1_580' title='bbox 2766 5156 2815 5210; x_wconf 88' lang='lat' dir='ltr'>si</span> <span class='ocrx_word' id='word_1_581' title='bbox 2865 5173 3057 5229; x_wconf 88' lang='lat' dir='ltr'>suam,</span> <span class='ocrx_word' id='word_1_582' title='bbox 3080 5158 3236 5231; x_wconf 92' lang='lat' dir='ltr'>quod</span> <span class='ocrx_word' id='word_1_583' title='bbox 3287 5157 3461 5224; x_wconf 91' lang='lat' dir='ltr'>absit,</span> <span class='ocrx_word' id='word_1_584' title='bbox 3494 5158 3790 5218; x_wconf 82' lang='lat' dir='ltr'>adiuven-</span> 
     </span>
    </p>
   </div>
   <div class='ocr_carea' id='block_1_94' title="bbox 2124 5245 3794 5319">
    <p class='ocr_par' dir='ltr' id='par_1_94' title="bbox 2124 5245 3794 5319">
     <span class='ocr_line' id='line_1_94' title="bbox 2124 5245 3794 5319; baseline 0.005 -19"><span class='ocrx_word' id='word_1_585' title='bbox 2124 5246 2341 5300; x_wconf 88' lang='lat' dir='ltr'>tionem</span> <span class='ocrx_word' id='word_1_586' title='bbox 2367 5248 2573 5314; x_wconf 87' lang='lat' dir='ltr'>suapte</span> <span class='ocrx_word' id='word_1_587' title='bbox 2595 5246 3047 5316; x_wconf 61' lang='lat' dir='ltr'>pra‘sumptuosi</span> <span class='ocrx_word' id='word_1_588' title='bbox 3076 5245 3355 5319; x_wconf 89' lang='lat' dir='ltr'>eligerent</span> <span class='ocrx_word' id='word_1_589' title='bbox 3371 5246 3794 5307; x_wconf 81' lang='lat' dir='ltr'>excellentissi-</span> 
     </span>
    </p>
   </div>
   <div class='ocr_carea' id='block_1_95' title="bbox 2126 5334 3790 5412">
    <p class='ocr_par' dir='ltr' id='par_1_95' title="bbox 2126 5334 3790 5412">
     <span class='ocr_line' id='line_1_95' title="bbox 2126 5334 3790 5412; baseline 0.003 -22"><span class='ocrx_word' id='word_1_590' title='bbox 2126 5352 2290 5390; x_wconf 88' lang='lat' dir='ltr'>mum</span> <span class='ocrx_word' id='word_1_591' title='bbox 2324 5337 2536 5389; x_wconf 68' lang='lat' dir='ltr'>sanctm</span> <span class='ocrx_word' id='word_1_592' title='bbox 2563 5334 2903 5389; x_wconf 67' lang='lat' dir='ltr'>obedxcntize</span> <span class='ocrx_word' id='word_1_593' title='bbox 2926 5335 3181 5391; x_wconf 88' lang='lat' dir='ltr'>fructum</span> <span class='ocrx_word' id='word_1_594' title='bbox 3217 5335 3469 5409; x_wconf 86' lang='lat' dir='ltr'>alicujus</span> <span class='ocrx_word' id='word_1_595' title='bbox 3500 5353 3790 5412; x_wconf 87' lang='lat' dir='ltr'>arrogan-</span> 
     </span>
    </p>
   </div>
   <div class='ocr_carea' id='block_1_96' title="bbox 2125 5422 3787 5497">
    <p class='ocr_par' dir='ltr' id='par_1_96' title="bbox 2125 5422 3787 5497">
     <span class='ocr_line' id='line_1_96' title="bbox 2125 5422 3787 5497; baseline 0.004 -19"><span class='ocrx_word' id='word_1_596' title='bbox 2125 5424 2214 5479; x_wconf 64' lang='lat' dir='ltr'>tiae</span> <span class='ocrx_word' id='word_1_597' title='bbox 2239 5424 2391 5478; x_wconf 85' lang='lat' dir='ltr'>fastu</span> <span class='ocrx_word' id='word_1_598' title='bbox 2414 5422 2711 5493; x_wconf 88' lang='lat' dir='ltr'>inopinate</span> <span class='ocrx_word' id='word_1_599' title='bbox 2734 5423 2956 5477; x_wconf 87' lang='lat' dir='ltr'>seducti</span> <span class='ocrx_word' id='word_1_600' title='bbox 2982 5423 3396 5480; x_wconf 88' lang='lat' dir='ltr'>miserabiliter</span> <span class='ocrx_word' id='word_1_601' title='bbox 3417 5425 3787 5497; x_wconf 86' lang='lat' dir='ltr'>amitterent,</span> 
     </span>
    </p>
   </div>
   <div class='ocr_carea' id='block_1_97' title="bbox 2124 5510 3789 5585">
    <p class='ocr_par' dir='ltr' id='par_1_97' title="bbox 2124 5510 3789 5585">
     <span class='ocr_line' id='line_1_97' title="bbox 2124 5510 3789 5585; baseline 0.004 -15"><span class='ocrx_word' id='word_1_602' title='bbox 2124 5531 2189 5570; x_wconf 92' lang='lat' dir='ltr'>ac</span> <span class='ocrx_word' id='word_1_603' title='bbox 2222 5510 2533 5569; x_wconf 66' lang='lat' dir='ltr'>Sarabaitre</span> <span class='ocrx_word' id='word_1_604' title='bbox 2556 5510 2642 5566; x_wconf 88' lang='lat' dir='ltr'>vel</span> <span class='ocrx_word' id='word_1_605' title='bbox 2678 5512 2807 5567; x_wconf 74' lang='lat' dir='ltr'>fera:</span> <span class='ocrx_word' id='word_1_606' title='bbox 2840 5513 3039 5585; x_wconf 88' lang='lat' dir='ltr'>potius</span> <span class='ocrx_word' id='word_1_607' title='bbox 3058 5531 3234 5585; x_wconf 87' lang='lat' dir='ltr'>quam</span> <span class='ocrx_word' id='word_1_608' title='bbox 3258 5513 3530 5571; x_wconf 87' lang='lat' dir='ltr'>monachi</span> <span class='ocrx_word' id='word_1_609' title='bbox 3554 5521 3661 5574; x_wconf 90' lang='lat' dir='ltr'>aut</span> <span class='ocrx_word' id='word_1_610' title='bbox 3682 5517 3789 5575; x_wconf 82' lang='lat' dir='ltr'>ho-</span> 
     </span>
    </p>
   </div>
   <div class='ocr_carea' id='block_1_98' title="bbox 2124 5600 3788 5674">
    <p class='ocr_par' dir='ltr' id='par_1_98' title="bbox 2124 5600 3788 5674">
     <span class='ocr_line' id='line_1_98' title="bbox 2124 5600 3788 5674; baseline 0.005 -16"><span class='ocrx_word' id='word_1_611' title='bbox 2124 5603 2313 5658; x_wconf 89' lang='lat' dir='ltr'>mines</span> <span class='ocrx_word' id='word_1_612' title='bbox 2332 5600 2701 5658; x_wconf 88' lang='lat' dir='ltr'>viderentur:</span> <span class='ocrx_word' id='word_1_613' title='bbox 2731 5600 3059 5674; x_wconf 89' lang='lat' dir='ltr'>legitimum</span> <span class='ocrx_word' id='word_1_614' title='bbox 3082 5608 3280 5660; x_wconf 88' lang='lat' dir='ltr'>votum</span> <span class='ocrx_word' id='word_1_615' title='bbox 3305 5604 3554 5661; x_wconf 90' lang='lat' dir='ltr'>Domino</span> <span class='ocrx_word' id='word_1_616' title='bbox 3580 5612 3788 5666; x_wconf 87' lang='lat' dir='ltr'>nostro</span> 
     </span>
    </p>
   </div>
   <div class='ocr_carea' id='block_1_99' title="bbox 2121 5689 3787 5767">
    <p class='ocr_par' dir='ltr' id='par_1_99' title="bbox 2121 5689 3787 5767">
     <span class='ocr_line' id='line_1_99' title="bbox 2121 5689 3787 5767; baseline 0.003 -19"><span class='ocrx_word' id='word_1_617' title='bbox 2121 5691 2153 5748; x_wconf 86' lang='lat' dir='ltr'><strong>J</strong></span> <span class='ocrx_word' id='word_1_618' title='bbox 2159 5710 2261 5748; x_wconf 85' lang='lat' dir='ltr'>esu</span> <span class='ocrx_word' id='word_1_619' title='bbox 2284 5689 2513 5746; x_wconf 89' lang='lat' dir='ltr'>Christo</span> <span class='ocrx_word' id='word_1_620' title='bbox 2537 5690 2844 5746; x_wconf 89' lang='lat' dir='ltr'>unanimes</span> <span class='ocrx_word' id='word_1_621' title='bbox 2860 5697 3162 5759; x_wconf 89' lang='lat' dir='ltr'>voverunt,</span> <span class='ocrx_word' id='word_1_622' title='bbox 3177 5697 3460 5767; x_wconf 86' lang='lat' dir='ltr'>pactoque</span> <span class='ocrx_word' id='word_1_623' title='bbox 3482 5694 3787 5766; x_wconf 83' lang='lat' dir='ltr'>spirituali</span> 
     </span>
    </p>
   </div>
  </div>
