3912 6372
93 432 191 495 477

1172 422 1275 484 DE
1321 421 1569 484 REGIM
1576 422 1650 483 ΙΝ
1658 420 1706 482 E
1750 420 2333 487 MONACHORUM.

3336 425 3456 490 478

96 561 547 629 confirmaverunt,
570 575 634 615 se
656 555 775 616 vita
795 554 1005 615 comite
1028 558 1173 631 jugo
1201 556 1415 631 regula:
1438 557 1685 614 deditos.
1717 556 1776 624 Α
1807 573 1971 629 cura,
1994 561 2050 613 et
2072 575 2421 632 magnopere
2444 556 2744 615 excellenti
2757 557 2983 633 jugiter
3002 556 3127 617 sine
3158 559 3457 618 intermis-

96 658 180 712 has
207 655 484 710 adnotatas
514 666 754 705 merum
783 649 1239 705 consuetudines
1270 647 1566 703 communi
1602 665 1696 719 pa-

97 746 189 801 lam
211 742 474 798 custodire
496 740 959 795 conversatione.
981 739 1264 792 Cmterum
1289 739 1696 808 unusquisque

97 833 293 891 secretis
319 830 561 886 Oratorii
597 828 764 893 locis,
798 829 854 895 in
901 832 1186 899 quantum
1221 828 1408 882 sancti
1444 826 1696 897 Spiritus

98 922 247 995 gratia
270 920 575 975 clementer
597 917 961 989 instigaverit
985 916 1382 987 peculiaribus
1412 920 1559 971 teste
1580 915 1695 969 Deo

96 1029 203 1066 cum
240 1011 508 1065 honorum
556 1022 800 1079 operum
832 1005 1136 1076 vigilantia
1182 1006 1447 1060 consulte
1496 1010 1698 1059 utatur

98 1098 422 1155 orationibus.
456 1096 577 1151 Hoc
619 1094 777 1150 enim
826 1095 1167 1149 Dunstanus
1215 1094 1486 1165 egregius
1520 1093 1698 1164 hujus

96 1187 257 1260 patriai
285 1184 758 1257 archiepiscopus
809 1200 1067 1255 praesago
1100 1183 1313 1238 affatus
1364 1182 1574 1254 spiritu
1625 1184 1696 1237 ad

98 1275 542 1331 corroborandum
579 1272 804 1344 przefati
827 1272 1125 1345 synodalis
1155 1277 1473 1327 conventus
1505 1272 1696 1327 conci-

94 1364 333 1420 liabulum
363 1363 601 1436 provide
633 1379 700 1418 ac
732 1363 1024 1433 sapienter
1053 1362 1314 1417 addidit:
1339 1364 1405 1416 ut
1435 1361 1699 1417 videlicet

96 1452 257 1508 nullus
275 1450 804 1519 monachorum,vel
825 1450 1077 1522 alicujus
1100 1450 1326 1505 altioris
1351 1451 1571 1523 gradus
1590 1450 1694 1517 vir,

92 1540 163 1596 vel
181 1541 440 1597 inferioris
457 1545 691 1595 secreta
707 1538 1244 1596 sanctimonialium
1263 1540 1453 1594 audax
1474 1538 1699 1610 ingredi

92 1628 350 1684 lustrando
380 1632 765 1701 presumeret
798 1646 810 1683 :
844 1631 901 1684 et
929 1628 1010 1695 hi,
1036 1628 1135 1699 qui
1169 1626 1493 1699 spiritualis
1524 1628 1703 1698 impe-

92 1716 149 1772 rii
174 1718 493 1789 prioratum,
523 1717 597 1773 ad
629 1716 953 1789 disciplinae
1001 1717 1312 1773 utilitatem
1344 1735 1459 1773 non
1492 1717 1564 1773 ad
1596 1734 1699 1771 sae-

93 1806 270 1863 cularis
295 1807 665 1879 tyrannidem
698 1810 1054 1878 potentatus,
1078 1823 1256 1878 super
1284 1824 1382 1862 cas
1412 1808 1701 1872 exercent,

92 1894 157 1950 ita
182 1911 356 1964 suum,
387 1900 452 1952 ut
483 1896 698 1951 beatus
747 1894 1013 1951 hortatur
1042 1896 1301 1952 Isidorus
1343 1900 1700 1952 secretorum

93 1986 365 2056 temperate
392 1983 757 2057 praevideant
803 2000 1128 2053 accessum,
1166 1990 1232 2041 ut
1277 2001 1480 2041 earum
1535 2001 1703 2057 regu-

92 2068 177 2126 lari
205 2072 570 2128 observantiaa
604 2072 850 2128 minime
880 2074 1302 2130 contradicunt.

149 2160 202 2215 Id
244 2160 610 2218 solummodo
661 2161 966 2217 catholicis
999 2163 1252 2236 regulari
1296 2165 1443 2236 jugo
1493 2164 1706 2221 deditis

94 2250 465 2307 attendendum
484 2250 853 2321 censuimus,
870 2268 941 2307 ne
963 2268 1031 2307 ea
1046 2269 1174 2325 quin
1192 2270 1299 2309 usu
1328 2254 1587 2319 Patrum,
1602 2270 1705 2325 pro

96 2353 218 2410 rege,
248 2356 308 2394 ac
334 2340 833 2407 benefactoribus,
861 2357 1114 2413 quorum
1146 2342 1447 2398 beneficiis
1477 2342 1706 2399 Christo

94 2424 331 2499 largiente
352 2428 678 2501 paseimur,
694 2429 1130 2486 intercessionis
1147 2432 1413 2486 oramina
1432 2435 1709 2487 consuete

95 2516 338 2584 canimus,
371 2517 565 2574 nimia
590 2516 894 2574 velocitate
940 2519 1265 2591 psallendo,
1296 2520 1481 2577 Deum
1514 2521 1709 2593 potius

94 2602 148 2656 ad
167 2603 511 2662 iracundiam
536 2605 990 2675 inconsiderate,
1007 2609 1161 2679 quod
1182 2610 1355 2674 absit,
1376 2614 1706 2681 provocent,

95 2708 237 2762 quam
262 2696 495 2767 provide
520 2696 595 2752 ad
628 2697 1037 2767 peccaminum
1066 2698 1297 2753 veniam
1330 2698 1593 2754 invitent.
1627 2698 1712 2754 Ita

97 2778 246 2851 igitur
290 2782 563 2840 hortante
623 2784 790 2842 Patre
840 2790 1041 2842 nostro
1086 2786 1481 2854 Benedictino,
1514 2787 1713 2843 omnia

98 2866 327 2927 distincte
357 2873 669 2945 psallendo
716 2874 1148 2943 modiﬁcentur,
1182 2881 1249 2931 ut
1294 2893 1463 2933 mens
1512 2882 1713 2934 nostra

100 2960 365 3017 concordet
391 2962 518 3019 voci
553 2967 771 3018 nostra:
810 2968 870 3019 et
910 2962 1226 3036 impleatur
1255 2966 1400 3022 illud
1432 2967 1712 3039 apostoli-

98 3060 203 3102 cum
231 3064 245 3103 :
277 3050 521 3107 Psallam
560 3053 784 3123 spiritu,
812 3053 1052 3124 psallam
1097 3063 1148 3109 rt
1192 3063 1387 3111 mente.
1423 3056 1482 3111 Si
1514 3062 1711 3112 autem

99 3148 177 3202 pro
217 3138 468 3209 qualibet
514 3140 894 3209 necessitate,
938 3142 1080 3214 quid
1128 3147 1290 3198 extra
1339 3161 1711 3201 communem

96 3224 337 3295 regularis
374 3229 832 3287 consuetudinis
879 3248 1055 3288 usum
1104 3232 1440 3289 addendum
1490 3233 1711 3289 fuerit:

96 3312 267 3370 tandiu
321 3323 558 3390 agatur,
596 3320 789 3390 quoad
838 3337 1027 3392 usque
1074 3321 1398 3394 negotium,
1444 3340 1547 3395 pro
1598 3341 1714 3396 quo
1746 3304 1789 3371 (ἶ

98 3400 272 3473 agitur,
304 3404 525 3464 Christi
562 3406 889 3479 opitulante
936 3408 1128 3482 gratia
1172 3411 1531 3480 melioretur,
1565 3417 1622 3468 et
1650 3415 1717 3467 ut

97 3495 383 3567 contempto
405 3496 763 3569 arrogantiae
793 3497 949 3553 fastu
977 3499 1354 3570 gratissimus
1375 3502 1714 3558 obedientim

94 3579 387 3650 acquiratur
415 3585 673 3654 fructus,
705 3590 762 3641 et
792 3588 1011 3660 gradus
1043 3588 1139 3644 ille
1171 3589 1475 3663 regularis,
1509 3591 1568 3646 in
1599 3609 1715 3664 quo

94 3670 403 3743 praecipitur,
429 3680 498 3730 ut
530 3675 685 3730 nihil
714 3680 849 3748 agat
879 3678 1224 3744 monachus,
1248 3679 1362 3734 nisi
1386 3682 1539 3752 quod
1562 3697 1718 3737 com-

94 3757 253 3816 munis
280 3763 632 3820 monasterii
664 3764 885 3837 regula,
900 3765 990 3821 vel
1012 3767 1305 3838 majorum
1336 3768 1717 3825 cohortantur

93 3849 334 3931 exempla,
378 3852 842 3926 diligentissime
891 3855 1259 3912 custodiatur
1294 3873 1306 3912 :
1343 3874 1715 3931 nequaquam

95 3930 297 3995 ulterius
325 3945 805 4014 praesumptuose
827 3961 938 4000 usu
959 3948 1228 4000 teneatur
1245 3930 1574 4015 temerario,
1602 3947 1716 4004 nisi

92 4026 294 4083 concilio
323 4030 598 4103 synodali
622 4030 1323 4106 electum,_traditumque
1346 4052 1481 4092 cum
1504 4036 1716 4093 discre-

95 4110 216 4170 tione
240 4118 527 4177 virtutum
560 4120 832 4177 omnium
865 4126 1050 4179 matre
1099 4122 1173 4179 ab
1225 4124 1512 4182 universis
1542 4125 1719 4182 fuerit

93 4201 374 4264 catholicis.

146 4289 365 4353 Praefato
395 4299 678 4372 equidem
701 4299 965 4372 synodali
988 4299 1377 4357 conciliabulo
1400 4301 1507 4358 hoc
1538 4306 1717 4359 atten-

93 4376 309 4439 dendum
328 4403 694 4461 magnoPere
711 4389 907 4444 cuncti
925 4389 1397 4459 decreverunt,ut
1413 4391 1713 4460 abbatum,

93 4465 490 4532 abbatissarum
512 4477 723 4534 electio
740 4494 877 4534 cum
898 4479 1051 4551 regis
1068 4495 1381 4546 consensu,
1395 4484 1453 4537 et
1472 4481 1716 4539 consilio

91 4564 271 4617 Sancta:
299 4565 521 4637 regulae
572 4570 847 4638 ageretur
895 4567 1267 4637 documento,
1307 4569 1716 4642 episcoporum

1805 647 1969 701 sione
2000 649 2310 715 custodiat,
2346 665 2450 703 nec
2495 649 2867 721 episcopatus
2911 649 3215 706 occasione
3247 651 3457 723 regulae

1807 740 2092 807 praecepta
2107 737 2485 801 tumidus,vel
2504 737 2824 794 obliviosus
2848 743 3063 794 temere
3085 740 3456 807 intermittat,

1806 827 1907 881 sed
1932 831 2217 897 quantum
2240 827 2467 882 excellit
2500 828 2736 896 honore,
2758 833 2991 885 tantum
3014 834 3071 883 et
3092 846 3262 900 opere
3283 847 3460 885 Siccu-

1804 912 2018 967 larium
2049 930 2182 967 vero
2216 914 2561 984 prioratum,
2586 931 2658 970 ne
2688 917 2758 970 ad
2796 917 2989 988 magni
3024 916 3255 973 ruinam
3288 919 3462 994 detri-_

1807 1001 2008 1069 menti,
2044 1002 2125 1056 uti
2159 1002 2297 1057 olim
2348 1003 2661 1070 acciderat,
2697 1004 3113 1060 miserabiliter
3143 1007 3455 1075 deveniret,

1809 1090 2578 1168 magnaanimadversione,
2612 1096 2787 1163 atque
2835 1093 3208 1149 anathemate
3239 1094 3460 1167 suscipi

1809 1179 2089 1234 emnobiis
2138 1179 2320 1233 sacris
2369 1180 2664 1250 sapienter
2694 1181 3087 1253 prohibentes,
3122 1184 3276 1255 regis
3322 1187 3460 1239 tan-

1807 1268 2133 1334 tummodo,
2160 1271 2214 1322 et
2246 1268 2456 1339 regina:
2488 1268 2817 1325 dominium
2847 1270 2919 1325 ad
2950 1272 3101 1327 sacri
3130 1271 3241 1327 loci
3274 1273 3463 1328 muni-

1809 1373 1969 1424 men,
2001 1361 2058 1411 et
2096 1358 2168 1412 ad
2199 1356 2607 1413 ecclesiasticae
2639 1358 3029 1430 possessionis
3078 1366 3462 1433 augmentum

1807 1450 1938 1501 voto
1960 1464 2191 1518 semper
2214 1448 2573 1520 efflagitante
2597 1448 2837 1522 optabili
2860 1448 3320 1522 prudentissime
3342 1451 3467 1521 jus-

1811 1539 2033 1591 serunt.

1880 1625 1964 1679 Ad
1998 1625 2151 1697 regis
2181 1642 2315 1681 vero
2347 1626 2722 1699 obsequium,
2757 1630 2814 1683 et
2847 1628 3084 1701 regium,
3118 1628 3317 1686 Patres
3347 1646 3467 1686 mo-

1810 1715 2201 1770 nasteriorum
2235 1715 2588 1787 Matresque,
2611 1717 2840 1789 quoties
2868 1718 3187 1789 expedierit
3216 1718 3289 1774 ad
3314 1718 3466 1775 sacri

1812 1804 2081 1872 cmnobii,
2107 1804 2198 1860 cui
2223 1810 2501 1876 praesunt,
2522 1805 2837 1861 utilitatem
2860 1822 2994 1862 cum
3027 1805 3131 1863 Dei
3163 1807 3396 1875 timore,
3409 1810 3469 1864 et

1812 1892 2025 1966 regula:
2048 1893 2419 1951 observantia
2448 1894 2751 1951 humiliter
2780 1894 3096 1951 accedant:
3124 1895 3467 1952 Potentibus

1812 1999 1945 2038 vero
1978 1999 2091 2038 non
2123 2000 2301 2039 causa
2326 1983 2693 2050 convivendi,
2717 1984 2819 2040 sed
2849 2001 2953 2057 pro
2986 1984 3327 2042 monasterii
3358 1985 3467 2042 uti-

1814 2070 1981 2144 litatp
2012 2077 2187 2145 atque
2217 2073 2395 2128 etiam
2417 2072 2753 2129 defensione
2779 2072 3007 2146 quoties
3029 2073 3351 2146 expedierit
3370 2074 3472 2131 ob-

1813 2159 2031 2231 viandi,
2066 2161 2220 2219 intra
2270 2162 2489 2218 infrave
2539 2161 2965 2220 monasterium
3012 2161 3311 2219 licentiam
3357 2161 3471 2223 ha-

1817 2249 2013 2306 beant.

1889 2339 2215 2411 Equitando
2260 2346 2479 2411 autem,
2511 2341 2599 2398 vel
2644 2342 2868 2415 pedites
2918 2341 3030 2399 iter
3076 2341 3303 2415 agendo
3353 2358 3470 2398 non

1818 2428 2021 2484 otiosis
2045 2430 2259 2485 fabulis
2279 2436 2506 2498 vacent,
2521 2432 2621 2488 sed
2643 2432 2730 2487 vel
2762 2431 3108 2504 psalmodiis
3130 2432 3471 2507 inserviant,

1815 2518 1905 2572 vel
1927 2519 1998 2573 de
2028 2537 2089 2575 re
2120 2520 2450 2577 necessaria
2479 2525 2807 2593 opportuno
2839 2526 3102 2594 tempore
3130 2508 3471 2594 loquantur.

1820 2607 1938 2663 Hoc
1956 2609 2392 2665 considerantes
2413 2617 2476 2665 ut
2495 2611 2669 2666 horas
2687 2610 2985 2683 regulares
2998 2628 3113 2666 non
3131 2608 3470 2681 equitando,

1821 2697 1921 2749 sed
1948 2697 2018 2752 de
2049 2697 2216 2770 equis
2239 2698 2560 2754 dosiliendo
2594 2701 3070 2772 genuﬂectentes,
3095 2697 3212 2754 nisi
3233 2697 3357 2754 dies
3384 2696 3473 2753 fe-

1821 2785 1968 2841 stiva
2000 2785 2192 2855 fuerit,
2228 2788 2634 2844 convenienter
2673 2793 2740 2843 ut
2781 2786 3080 2859 potuerint
3108 2803 3244 2842 cum
3276 2786 3475 2841 divina

1822 2876 2269 2947 compunctione
2302 2876 2649 2948 compleant.
2685 2876 3031 2932 Itinerantes
3061 2890 3197 2931 vero
3228 2890 3343 2931 non
3366 2875 3474 2946 ju-

1820 2964 2118 3031 venculos,
2155 2965 2255 3021 sed
2288 2964 2539 3033 adultos,
2566 2982 2815 3038 quorum
2848 2963 3247 3021 admonitione
3278 2962 3476 3020 melio-

1823 3059 2045 3123 rentur,
2079 3072 2278 3111 secum
2312 3055 2369 3109 in
2401 3055 2679 3112 comitatu
2724 3056 2972 3123 ducant;
3016 3054 3175 3110 domi
3204 3069 3336 3110 vero
3369 3053 3476 3110 de-

1823 3147 2046 3217 gentes,
2081 3160 2196 3199 non
2227 3144 2419 3200 solum
2452 3145 2679 3213 fratres,
2713 3144 2815 3199 sed
2848 3145 3026 3200 etiam
3057 3143 3318 3211 abbates,
3345 3142 3480 3198 ado-

1822 3233 2127 3302 lescentes,
2159 3233 2247 3289 vel
2289 3233 2565 3307 puerulos
2612 3251 2730 3290 non
2780 3233 3037 3290 brachiis
3067 3231 3480 3305 amplexando,

1826 3322 1914 3378 vel
1939 3322 2118 3378 labris
2141 3322 2349 3380 leniter
2369 3322 2781 3393 deosculando,
2803 3322 2905 3379 sed
2928 3321 3275 3379 charitativo
3297 3318 3480 3377 animi

1824 3412 2033 3469 affectu
2065 3412 2190 3468 sine
2219 3412 2411 3468 verbis
2442 3412 2788 3468 adulatoriis
2821 3416 3149 3468 reverenter
3178 3427 3315 3467 cum
3347 3426 3478 3466 ma-

1824 3518 1940 3575 gna
1957 3502 2182 3559 cautela
2200 3501 2589 3574 diligant.Nec
2606 3500 2957 3572 obsequium
2973 3499 3261 3572 privatum
3278 3514 3479 3572 quem-

1825 3591 1982 3663 piam
2005 3590 2260 3658 illorum,
2275 3607 2380 3645 nec
2403 3588 2632 3657 saltem,
2655 3590 2765 3645 sub
2788 3587 3111 3661 spiritualis
3133 3587 3213 3643 rei
3234 3587 3477 3642 obtentu

1826 3680 2018 3735 solum
2050 3680 2333 3734 deducere
2364 3681 2753 3750 praisumant;
2790 3678 2891 3732 sed
2925 3677 3008 3732 uti
3040 3674 3243 3748 regula
3270 3674 3477 3748 praeci-

1826 3770 1934 3841 pit,
1957 3769 2068 3825 sub
2100 3768 2190 3824 sui
2223 3766 2483 3823 custodis
2507 3766 2813 3839 vigilantia
2836 3766 3060 3839 jugiter
3087 3768 3345 3833 maneat,
3370 3780 3478 3820 nec

1825 3858 1951 3930 ipse
1982 3862 2185 3914 cuatos
2207 3874 2341 3912 cum
2366 3856 2599 3930 singulo
2630 3856 2828 3929 aliquo
2850 3854 3095 3928 puerulo
3123 3853 3250 3910 sine
3280 3852 3473 3922 tertio,

1827 3947 1927 4021 qui
1958 3946 2123 4002 testis
2155 3946 2411 4011 assistat,
2445 3944 2737 4019 migrandi
2779 3944 3075 4001 licentiam
3106 3944 3341 4011 habeat,
3373 3939 3477 3997 sed

1827 4054 1931 4109 pro
1962 4052 2123 4092 more
2155 4035 2325 4092 solito
2347 4052 2481 4091 cum
2514 4038 2638 4090 tota
2666 4034 2889 4106 schola,
2914 4034 2962 4091 si
2987 4050 3080 4092 res
3113 4030 3480 4090 rationabilis

1825 4125 1910 4182 ita
1939 4126 2211 4198 exegerit,
2235 4141 2351 4196 quo
2374 4141 2612 4181 necesse
2643 4128 2752 4192 est,
2779 4124 2889 4180 sub
2920 4122 3174 4191 silentio,
3198 4120 3285 4179 vel
3317 4119 3479 4194 psal-

1828 4215 2042 4271 modiis
2072 4214 2438 4269 inserviendo
2469 4230 2603 4268 cum
2637 4212 3038 4270 benedictione
3067 4215 3179 4268 eat.

1897 4304 2185 4360 Villarum
2216 4308 2412 4359 autem
2443 4302 2743 4371 circuitus,
2767 4302 2883 4358 nisi
2915 4300 3279 4358 necessitatis
3302 4315 3481 4356 causa

1829 4410 2045 4466 magna
2075 4391 2442 4465 compulerit,
2471 4397 2529 4446 et
2558 4390 2899 4447 necessariae
2932 4388 3174 4446 rationis
3204 4385 3478 4443 discretio

1826 4482 1938 4538 hoc
1987 4481 2310 4547 dictaverit,
2350 4480 2617 4551 vagando
2665 4494 3037 4551 nequaquam
3086 4477 3475 4548 frequentant.

1829 4570 2209 4627 Saecularium
2231 4585 2363 4624 vero
2385 4566 2649 4624 convivia
2674 4566 2787 4622 nisi
2827 4567 2973 4622 forte
3013 4563 3237 4621 itineris
3270 4563 3477 4635 hospi-

92 4655 289 4736 qu_0que
333 4651 571 4721 electio,
606 4654 693 4710 uti
743 4655 1047 4724 abbatum,
1085 4656 1420 4728 ubicunque
1470 4658 1530 4713 in
1581 4660 1718 4715 sede
1750 4670 1800 4736 Ῑ)
1829 4660 2026 4717 talitas
2046 4658 2343 4730 inopinate
2375 4655 2793 4728 supervenerit,
2819 4654 2979 4711 nullo
3015 4655 3189 4711 modo
3210 4670 3360 4710 ausu
3389 4656 3477 4708 te-

89 4732 366 4810 el’iscopali
400 4743 684 4799 monachi
718 4744 1017 4817 regulares
1048 4750 1487 4815 conversantur,
1522 4748 1571 4804 si
1603 4748 1718 4804 Do-

91 4819 207 4875 mini
226 4823 507 4902 largiente
528 4833 883 4905 gratiatanti
908 4834 1205 4906 profectus
1227 4834 1374 4891 inibi
1394 4837 1720 4894 monachus

91 4913 291 5002 reperiri
317 4921 588 4989 potuerit
606 4923 813 4979 eodem
843 4924 1017 4980 modo
1050 4928 1279 4996 agatur,
1304 4940 1409 4981 nec
1433 4925 1546 4982 alio
1568 4944 1720 4999 quo-

90 4991 205 5054 libet
220 5006 387 5064 modo
410 5009 564 5065 dum
586 5012 853 5083 ejusdem
876 5015 1015 5069 sunt
1038 4991 1561 5083 conversationis,a
1582 4991 1721 5087 quo-

90 5098 236 5175 quam
266 5102 687 5165 praesumatur.
721 5100 781 5156 Si
822 5104 1021 5157 autem
1063 5100 1358 5172 imperitia
1387 5101 1718 5175 impedien-

91 5172 151 5266 te,
171 5179 247 5233 vel
278 5187 543 5252 peccatis
575 5190 1067 5260 promerentibus,
1090 5189 1247 5258 talis,
1268 5190 1367 5263 qui
1399 5172 1547 5247 tanti
1580 5211 1717 5266 gra-

91 5258 179 5318 dus
204 5266 412 5330 honore
444 5277 670 5349 dignus
700 5281 796 5347 sit,
832 5279 891 5333 in
924 5280 1128 5335 eadem
1160 5281 1606 5352 congregatione
1638 5302 1720 5339 re-

94 5354 233 5416 Periri
262 5377 373 5418 non
405 5366 691 5436 potuerit,
728 5386 796 5424 ex
826 5367 940 5424 alio
971 5371 1107 5423 noto
1130 5368 1555 5426 monachorum
1589 5389 1716 5428 mo-

93 5445 308 5530 IthSterio
339 5455 627 5509 concordi
650 5457 825 5530 regis,
847 5461 903 5512 et
927 5458 1195 5526 fratrum,
1219 5457 1435 5528 quibus
1460 5460 1717 5516 dedicari

95 5523 246 5601 debet,
259 5542 509 5598 consilio
534 5523 938 5617 eligatur.-Qui
966 5523 1273 5601 ordinatus
1304 5545 1573 5603 videlicet
1602 5550 1718 5621 epi-

94 5628 269 5690 scopas
296 5626 356 5683 in
376 5631 666 5689 omnibus
686 5635 962 5691 eumdem
984 5650 1207 5690 morem
1232 5634 1558 5707 regularem
1581 5655 1716 5695 cum

92 5714 358 5774 monachis
377 5720 718 5793 suis,qucm
742 5723 923 5782 abbas
944 5727 1101 5781 tenet
1124 5723 1427 5795 regularis,
1449 5725 1715 5799 diligenti

1830 4748 2080 4805 merario
2103 4763 2207 4802 nec
2229 4745 2471 4818 praelati,
2495 4762 2601 4801 nec
2637 4745 2885 4816 subjecti
2919 4744 3078 4799 adire
3099 4746 3480 4815 prmsumant.

1833 4838 2085 4893 Licitum
2119 4852 2253 4892 cum
2284 4835 2558 4908 pondere,
2594 4850 2874 4890 mensura
2910 4837 2969 4889 et
3005 4848 3272 4902 numero,
3301 4831 3487 4888 vesti-

1828 4931 1977 4993 tum,
2002 4925 2321 4998 jejunium,
2346 4922 2788 4992 abstinentiam,
2812 4922 3076 4996 vigiliam
3114 4921 3483 4978 taciturnita-

1829 5021 1968 5085 tem,
1999 5014 2341 5071 obedientiaa
2362 5012 2605 5077 bonum,
2632 5016 2690 5067 et
2710 5016 2919 5069 caetera
2942 5027 3189 5085 quisque
3218 5028 3347 5083 quae
3378 5026 3488 5083 pa-

1828 5106 1981 5162 troni
2005 5102 2191 5160 nostri
2212 5100 2507 5158 Benedicti
2526 5100 2841 5157 traditione
2862 5100 3207 5157 voluntariae
3230 5099 3487 5172 suscepi-

1830 5213 1964 5251 mus
2002 5191 2235 5249 Domini
2279 5189 2462 5246 nostri
2502 5190 2643 5245 Jesu
2680 5190 2896 5248 Christi
2939 5194 3254 5257 annuente,
3296 5187 3491 5258 gratia

1828 5286 1971 5341 totis
2027 5282 2253 5337 viribus
2311 5280 2745 5350 custodientes,
2794 5281 2866 5336 de
2924 5278 3219 5335 consuetis
3267 5279 3485 5333 sancta:

1830 5372 2042 5446 regula:
2093 5371 2357 5427 moribus
2405 5373 2526 5424 tam
2558 5386 2592 5424 a
2620 5369 2897 5441 prredicto
2939 5370 3105 5423 Patre
3150 5365 3481 5433 Benedicto,

1829 5481 2008 5537 quam
2041 5480 2075 5516 a
2105 5460 2326 5516 sanctis
2375 5458 2750 5530 sequacibus,
2784 5463 2843 5515 ct
2886 5456 3283 5513 imitatoribus
3331 5453 3482 5520 suis,

1829 5553 2025 5626 palam
2049 5566 2183 5606 eum
2214 5564 2428 5619 magna
2451 5548 2739 5603 examinis
2760 5546 3126 5604 discussione
3139 5541 3271 5616 jugi
3293 5544 3484 5597 custo-

1829 5643 1968 5699 ditis
1999 5658 2133 5708 usu,
2165 5636 2424 5710 praedicti
2476 5636 2628 5707 regis
2669 5636 2897 5692 monitu
2943 5632 3093 5699 freti,
3130 5647 3197 5687 ac
3241 5630 3480 5685 Patrum

1826 5730 2092 5805 imperiis
2144 5725 2373 5795 conlisi,
2420 5722 2686 5793 sollicite,
2722 5725 2806 5780 uti
2858 5719 3102 5796 polliciti
3150 5732 3379 5785 sumus,
3414 5717 3474 5771 in
