3912 6376
434 408 555 478 4⁸⁸19

1471 407 1536 468 S.
1583 407 1986 473 DUNSTANI
2030 405 2411 472 ARCHIEP.‘
2445 413 2842 477 CANTUAR.

3738 421 3846 482 480

404 542 721 616 quantum
751 535 905 597 vires
935 542 1269 614 suppetent,
1304 546 1361 597 ct
1392 540 1651 614 Spiritus
1683 543 1869 597 sancti
1900 542 2089 615 gratia
2112 543 2172 613 Ἀ
2201 544 2292 617 gis
2324 546 2496 601 corde
2526 564 2705 619 quam
2737 564 2855 617 ore,
2892 550 2973 605 ita
3017 556 3081 607 ut
3122 549 3282 609 illius
3311 556 3419 610 vox
3449 570 3552 627 per
3580 569 3845 629 magnam

431 629 779 688 instruxerit
805 629 878 684 ad
911 628 1257 685 charitatem
1307 631 1575 686 fraternae
1608 630 1853 688 unitatis
1899 637 2094 688 custo-

428 720 590 777 diam
614 718 923 774 scribendo
944 717 1355 787 dilucidemus,
1373 723 1438 774 ut
1458 721 1532 775 ab
1563 720 1690 793 ipso
1716 721 2093 776 aiternaa‘vitzn

430 805 987 874 remunerationem,
1026 811 1239 863 cuncta
1287 808 1675 879 concorditer,
1726 814 1783 864 et
1829 809 2094 883 gratula-

422 897 628 955 ‘bunde
673 900 1105 963 conservantes,
1142 896 1518 970 recipiamus,
1555 898 1657 969 qui
1701 899 1841 953 facit
1885 900 2095 955 unani-

425 1000 575 1054 mes,
606 984 805 1052 idest,
838 985 1016 1041 unius
1046 987 1227 1042 moris
1266 985 1534 1041 habitare
1568 986 1625 1040 in
1659 987 1855 1053 domo,
1883 986 1983 1042 ubi
2004 996 2096 1048 est

426 1090 529 1132 rex
549 1073 819 1130 Christus
841 1074 1128 1131 Dominus
1148 1074 1394 1147 virginis
1418 1073 1596 1141 illius,
1613 1075 1713 1146 qui
1740 1091 1877 1130 cum
1900 1075 2091 1142 Patre,

398 1169 483 1222 ..οι
511 1163 737 1237 Spiritu
785 1167 988 1219 sancto
1017 1163 1177 1231 vivit,
1211 1168 1271 1219 et
1320 1168 1525 1235 regnat
1556 1163 1713 1219 Deus
1767 1162 1825 1218 in
1878 1164 2091 1220 smcula

392 1253 797 1313 -sisculorum.
826 1253 1032 1309 Amen.

862 1341 1231 1397 INGIPIUNT
1272 1340 1649 1397 CAPITULA.

453 1425 514 1480 ς1.
548 1420 807 1491 Qualiter
839 1421 1099 1493 diurnis,
1120 1420 1240 1477 sive
1271 1421 1576 1493 nocturnis
1608 1422 1770 1477 horis
1802 1421 2087 1493 regularis

603 1510 732 1549 mos
766 1510 799 1548 a
831 1490 1140 1566 monachis
1171 1510 1275 1566 per
1306 1492 1445 1548 anni
1479 1492 1766 1549 circulum
1790 1490 2085 1549 observari

603 1563 929 1621 conveniat.

458 1642 513 1695 2.
548 1635 809 1705 Qualiter
835 1637 977 1691 ordo
1009 1636 1363 1708 hymnorum
1405 1638 1665 1708 tempore
1707 1635 1945 1708 hiemali
1982 1654 2081 1691 cu-

602 1708 1003 1781 stodiatur,g_et
1034 1711 1242 1763 caetera
1286 1724 1414 1779 quin
1465 1707 1811 1780 regulariter
1858 1710 2083 1781 agenda

603 1783 765 1853 sunt,
799 1779 1050 1853 qualiter
1080 1783 1345 1853 agentur.

457 1852 512 1910 3.
546 1842 1041 1925 Qualitérivigilia
1092 1842 1317 1925 nvatalis
1359 1842 1704 1925 Domini,_et
1753 1852 1824 1907 ab
1874 1851 2077 1925 eadem

600 1914 972 1997 solemnitate
1003 1938 1191 1997 usque
1214 1922 1273 1978 in
1297 1914 1807 1996 Septuagesimum
1829 1922 1922 1995 agi
1946 1939 2077 1979 con-
2102 1914 2153 1987 Β

595 1994 809 2051 veniat.

436 2070 509 2125 ’4.
542 2067 652 2134 Qui
684 2064 972 2138 regularis
1003 2064 1227 2138 ordoda
1271 2064 1736 2138 Septuagesima,
1771 2069 1895 2122 tota
1923 2067 2074 2133 Qua-

599 2135 933 2220 dragesima
962 2135 1347 2220 custodiatur.

454 2208 510 2267 5.
552 2206 812 2280 Qualiter
857 2207 1088 2275 diurna,
1130 2206 1250 2265 sive
1298 2211 1586 2265 nocturna
1631 2206 1762 2265 laus
1809 2207 2071 2280 paschali

597 2279 907 2337 festivitate
939 2284 1169 2337 agatur.

446 2354 508 2408 6.
543 2351 804 2425 Qualiter
850 2350 1105 2408 Sabbato
1154 2354 1488 2407 octavarum
1540 2350 1796 2419 Paschae,
1830 2354 2069 2425 totoque

594 2424 817 2496 metatis
845 2428 1107 2496 tempore
1123 2427 1363 2496 agatur.

594 2438 817 2480 testans
845 2438 1107 2496 tempore
1136 2438 1363 2551 agatur.

451 2497 510 2554 7.
540 2495 1015 2622 Qurullggztfrater
1035 2493 1136 2569 qui
1211 2496 1328 2552 iraa
1346 2496 1586 2551 vocatur
1612 2510 1789 2552 suum
1809 2493 2071 2553 ofﬁcium

593 2583 855 2624 lleeat.

448 2640 502 2696 8.
536 2584 809 2709 03313::
812 2584 1112 2713 tdiurnale,
1139 2637 1258 2694 sive
1280 2636 1621 2695 nocturnale
1642 2637 2065 2713 officiumzheb-

598 2712 853 2793 domada
883 2711 1250 2793 Pentecostes
1282 2714 1508 2793 agatur.

444 2783 502 2865 ρ.
533 2782 795 2865 Qualiter
822 2787 1076 2865 quatuor
1104 2782 1471 2865 temporibus
1502 2785 1730 2865 agatur.

385 2855 499 2913 ΑΟ.
531 2855 794 2924 Qualiter
838 2853 1184 2912 mandatum
1230 2853 1594 2926 quotidianis
1642 2854 1850 2911 diebus
1882 2873 1915 2910 a
1948 2855 2061 2911 fra-

589 2927 781 2984 tribus
809 2926 1153 2983 exhibeatur
1183 2924 1577 2999 pauperibus,
1608 2931 1666 2982 et
1713 2942 1829 2997 quo
1859 2926 2062 2984 ordine

589 2999 772 3057 abbas
801 3013 939 3070 erga
968 2997 1307 3070 peregrinos
1322 2997 1487 3070 agat.

384 3068 497 3127 "il.
528 3072 655 3138 Quo
709 3067 911 3125 ordine
960 3067 1214 3126 Sabbato
1264 3067 1473 3124 fratres
1524 3067 1847 3125 munditias
1898 3087 2058 3125 excr-

585 3145 757 3214 ceant
785 3157 1034 3214 quaque
1062 3139 1256 3197 cilicia
1283 3140 1358 3197 ob
1399 3139 1611 3197 anima
1644 3140 1894 3197 salutem
1928 3158 2058 3214 per-

586 3212 836 3269 solvant.

408 3284 497 3342 12.
529 3281 1017 3367 Quomodo_ci_rca
1037 3287 1321 3367 aegrotum
1353 3281 1593 3338 fratrem
1623 3282 2057 3367 agatur,_quali-
2086 3290 2131 3359 ρ

582 3360 788 3428 terque
817 3354 1161 3412 defunctum
1193 3354 1374 3411 humo
1405 3354 1711 3411 conveniat
1740 3354 1925 3411 reddi.

403 3444 605 3518 Incipit
632 3442 792 3512 Ordo,
816 3444 1052 3518 qualiter
1079 3442 1319 3518 diurnis,
1348 3444 1465 3499 sive
1500 3445 1748 3518 nocturis
1796 3444 1947 3518 horis
1978 3461 2059 3502 re-

472 3516 688 3589 gularis
712 3516 851 3580 mos“,
875 3532 909 3571 a
947 3516 1228 3572 monachis
1262 3531 1363 3588 per
1400 3517 1540 3571 anni
1575 3516 1846 3572 circulum
1884 3517 2060 3574 obser-

474 3590 599 3644 vari
628 3589 929 3646 conveniat.

470 3670 517 3725 A
550 3667 826 3725 Kalendis
865 3667 1023 3725 enim
1054 3666 1342 3735 Octobris,
1378 3664 1789 3741 religiosorum
1823 3685 2055 3726 morum

401 3756 634 3816 Domini
656 3755 982 3831 opitulante
1012 3756 1220 3829 gratia,
1241 3755 1546 3812 exordium
1576 3759 1895 3827 sumendo;
1929 3774 2055 3814 om-

401 3848 501 3904 nia
529 3863 656 3919 quze
687 3854 800 3903 usu
831 3845 1188 3919 regulari,et
1217 3848 1556 3901 sanctorum
1591 3846 1830 3903 Patrum
1859 3846 2053 3904 imita~

392 3934 576 4007 tione,
598 3933 929 4008 spiritualia
949 3934 1068 3990 sive
1090 3934 1433 4005 corporalia,
1458 3934 1669 3992 humili
1692 3951 1759 3993 ac
1791 3952 2055 3994 necessa-

398 4024 484 4081 r’io
496 4025 722 4096 agenda
732 4027 874 4081 sunt
884 4023 1239 4092 ofﬁcio,cum
1258 4024 1662 4081 benedictione
1681 4026 2049 4083 inchoantur.

424 4166 431 4169 Α
468 4114 573 4169 Hic
589 4112 769 4186 igitur
782 4112 1023 4169 maximi
1043 4111 1392 4169 muniminis
1409 4130 1538 4170 mos
1556 4116 2048 4186 pernecessarius,

392 4206 519 4259 tam
567 4201 628 4258 in
680 4201 927 4261 modicis
979 4203 1175 4270 rebus,
1208 4216 1387 4274 quam
1437 4204 1691 4277 magnis,
1728 4204 1987 4278 legitime
2018 4224 2053 4263 a

394 4291 645 4362 cunctis,
661 4292 808 4366 jugo
833 4291 1046 4365 regula}
1067 4291 1301 4359 deditis,
1318 4291 1448 4364 jugi
1472 4296 1740 4350 teneatur
1760 4295 2047 4362 custodia,

388 4379 629 4439 etiamsi
647 4380 1182 4455 singuliquip‘piam
1201 4380 1860 4440 inchoaverintminime
1876 4385 2052 4441 inter-

390 4470 698 4529 mittatur:
725 4471 872 4528 nihil
893 4470 1096 4544 procul
1119 4470 1296 4527 dubio
1318 4470 1557 4527 ﬁrmum
1577 4472 1907 4530 validumve
1928 4491 2050 4545 per-

390 4559 659 4619 manebit
678 4560 834 4632 quod
859 4559 1057 4616 cuncti
1082 4558 1356 4627 creantis,
1380 4559 1626 4631 acjusto
1648 4563 2051 4620 moderamine

2206 634 2387 690 animi
2420 639 2957 710 compunctionem,
2979 644 3037 695 et
3056 643 3463 713 peccaminum
3495 661 3735 701 suorum
3766 663 3846 702 re-

2206 724 2605 781 cordationem
2639 745 2810 784 aures
2841 730 3238 786 misericordis
3272 732 3522 802 Domini,
3547 736 3849 791 efﬁcaciter

2206 819 2493 883 penetret,
2541 833 2606 870 ac
2658 817 2946 873 scelerum
2992 819 3280 887 omnium,
3303 822 3515 878 Christi
3563 828 3849 880 annuente

2205 903 2414 974 gratia,
2435 904 2664 960 veniam
2699 907 2978 963 obtineat.

2280 992 2342 1047 In
2373 993 2564 1063 prima
2594 995 2793 1067 itaque
2833 999 3119 1066 oratione,
3150 999 3423 1057 decantet
3468 1008 3587 1060 tres
3635 1005 3849 1077 primos

2204 1081 2559 1151 pmnitcntize
2592 1084 2874 1155 psalmos,
2901 1103 3034 1142 cum
3054 1090 3315 1144 oratione
3338 1091 3660 1159 Dominica,
3687 1095 3770 1148 uti
3798 1096 3847 1149 in

2203 1171 2610 1239 sequentibus,
2636 1189 2738 1244 pro
2762 1174 2952 1246 scipso
2974 1177 3232 1247 primum
3260 1179 3702 1250 intercedendo;
3722 1190 3851 1256 post

2200 1259 2308 1314 hos
2338 1259 2659 1316 orationem
2692 1262 2865 1318 istam
2893 1281 2943 1317 :«
2965 1265 3194 1322 Gratias
3225 1267 3331 1323 tibi
3355 1286 3462 1341 ago
3485 1270 3850 1343 omnipotens

2201 1347 2387 1415 Pater,
2414 1349 2514 1421 qui
2547 1367 2639 1406 me
2671 1352 2950 1424 dignatus
2982 1370 3043 1409 es
3076 1355 3136 1411 in
3167 1356 3277 1413 bac
3309 1364 3475 1416 nocte
3518 1361 3848 1420 custodire:

2198 1437 2475 1509 deprecor
2505 1438 2875 1496 clementiam
2906 1446 3093 1511 tuam,
3129 1444 3465 1503 misericors
3496 1449 3766 1519 Domine,
3790 1458 3850 1508 ut

2196 1528 2477 1583 concedat
2526 1528 2670 1584 mihi
2720 1530 2877 1585 diem
2905 1535 3237 1603 venturam,
3272 1535 3357 1591 sic
3403 1536 3461 1591 in
3495 1542 3597 1592 tuo
3647 1545 3849 1595 sancto

2195 1616 2431 1673 servitio
2454 1634 2749 1691 peragere,
2767 1635 2902 1675 cum
2923 1620 3278 1692 humilitate,
3295 1629 3353 1679 et
3373 1624 3728 1683 discretione
3746 1629 3847 1685 tibi

2191 1705 2552 1776 complaceat
2580 1707 2829 1762 servitus
2863 1714 3087 1764 nostra.
3122 1710 3228 1765 Per
3258 1709 3599 1781 Dominum,
3623 1735 3652 1766 ››
3687 1720 3802 1772 etc.

2260 1793 2401 1850 Inde
2424 1794 2623 1851 veniat
2651 1797 2723 1851 ad
2749 1798 3070 1853 secundam
3099 1798 3446 1868 orationem,
3472 1803 3573 1861 ubi
3605 1819 3851 1877 sequen-

2187 1884 2275 1937 tes
2296 1882 2444 1939 duos
2465 1883 2622 1940 dicat
2651 1885 2912 1957 psalmos
2943 1902 3047 1958 pro
3080 1902 3212 1960 rege
3234 1893 3291 1943 et
3321 1890 3547 1961 regina,
3562 1896 3744 1964 atque
3765 1894 3846 1950 fa-

2184 1970 2682 2040 miliaribus,cum
2702 1974 2964 2031 oratione
2990 1991 3042 2030 ;‹‹
3060 1976 3214 2032 Deus
3236 1978 3336 2049 qui
3360 1978 3667 2035 charitatis
3690 1982 3847 2039 dona

2182 2077 2286 2132 per
2305 2061 2555 2133 gratiam
2579 2062 2766 2118 sancti
2810 2062 3087 2134 Spiritus,
3113 2066 3352 2122 tuorum
3395 2068 3672 2125 cordibus
3695 2068 3843 2127 ﬁde-

2180 2148 2349 2219 lium,
2380 2149 2679 2218 infudisti;
2714 2151 2789 2207 da
2821 2152 3060 2208 famulis
3092 2154 3233 2222 tuis,
3257 2157 3316 2211 et
3338 2155 3677 2215 famulabus
3698 2162 3842 2228 tuis,

2181 2254 2285 2310 pro
2307 2238 2525 2311 quibus
2556 2244 2721 2296 tuam
2750 2241 3136 2313 deprecamur
3165 2242 3561 2319 clementiam,
3586 2246 3843 2305 salutem

2180 2328 2417 2396 mentis,
2431 2332 2488 2385 et
2510 2329 2788 2401 corporis,
2803 2335 2870 2386 ut
2888 2335 2946 2387 te
2967 2332 3092 2388 tota
3109 2331 3324 2389 virtute
3345 2334 3613 2410 diligant,
3630 2343 3689 2394 et
3712 2356 3842 2412 qua:

2180 2417 2284 2472 tibi
2318 2416 2534 2496 placita
2563 2423 2722 2487 sunt,
2748 2422 2873 2475 tota
2903 2419 3214 2478 dilectione
3245 2423 3571 2496 perficiant.
3598 2427 3707 2483 Per
3736 2428 3844 2485 Do-

2178 2491 2411 2563 minuin
2442 2510 2737 2575 nostrum,
2760 2530 2788 2559 »
2822 2512 2935 2565 etc.

2250 2594 2390 2652 Inde
2420 2596 2492 2652 ad
2524 2597 2757 2654 tertiam
2807 2598 3131 2655 orationem
3161 2601 3426 2670 veniens,
3456 2603 3603 2660 duos
3633 2609 3841 2676 poste-

2177 2684 2360 2741 riores
2382 2684 2641 2758 psalmos
2662 2703 2766 2759 pro
2788 2686 3063 2745 fidelibus
3082 2689 3378 2748 defunctis
3400 2694 3839 2763 decantet,cum

2174 2774 2435 2832 oratione
2468 2791 2481 2830 :
2511 2797 2539 2826 κ
2570 2775 2898 2849 Inveniant,
2930 2794 3292 2850 quasumus,
3327 2781 3593 2849 Domine,
3617 2784 3834 2841 animrc

2172 2863 2530 2921 famulorum
2544 2865 3017 2939 famularumque
3029 2873 3267 2925 tuarum
3292 2870 3441 2927 lucis
3458 2875 3684 2927 aeternae
3700 2890 3842 2929 con-

2171 2954 2442 3020 sortium,
2469 2954 2570 3025 qui
2602 2953 2662 3009 in
2685 2954 2796 3010 hac
2827 2954 2958 3012 luce
2978 2956 3153 3029 positi
3176 2961 3347 3015 tuum
3367 2961 3668 3019 conSecuti
3689 2968 3839 3018 sunt

2169 3046 2630 3100 sacramentum.
2662 3042 2771 3099 Per
2809 3043 3146 3114 Dominum,
3170 3067 3200 3097 γι
3234 3052 3343 3103 etc.
3377 3048 3446 3103 Et
3476 3050 3659 3105 donec
3690 3052 3835 3123 qui-

2169 3131 2302 3187 dem
2335 3130 2501 3202 pueri
2530 3131 2828 3188 introeant
2856 3133 3186 3205 ecclesiam,
3216 3152 3402 3193 unum
3432 3139 3835 3196 continuatim

2167 3218 2436 3291 pulsetur
2455 3219 2947 3292 tintinnabulum,
2966 3222 3079 3294 ipsi
3104 3239 3337 3296 quoque
3357 3225 3522 3296 pueri
3549 3225 3833 3300 ingressi,

2169 3313 2234 3364 ut
2263 3308 2572 3365 Trinitatis
2600 3311 2923 3367 reverentia
2942 3312 3015 3367 ab
3037 3312 3317 3371 omnibus
3342 3313 3606 3387 legitime
3636 3320 3838 3375 tenea-

2167 3402 2284 3467 tur,
2318 3397 2476 3454 trina
2502 3403 2750 3455 utantur
2778 3399 3062 3457 oratione.

2240 3486 2449 3544 Finitis
2471 3502 2604 3544 vero
2645 3474 3222 3548 trinis-orationibus
3263 3508 3296 3548 a
3336 3492 3556 3566 pueris,
3583 3501 3838 3552 sonetur

2166 3578 2495 3636 secundum
2515 3570 3179 3650 signum,residentibus
3192 3582 3426 3639 cunctis
3442 3582 3683 3640 sedibus
3702 3587 3838 3643 suis

2150 3663 2688 3748 -ordinatim,atqug
2701 3668 3050 3726 canentibus
3063 3670 3400 3743 quindecim
3419 3671 3679 3744 psalmos
3700 3691 3841 3748 ετα-

2165 3755 2374 3820 duum,
2399 3737 2770 3826 singillatim,
2802 3756 2960 3812 trina
2998 3737 3333 3830 partitione,
3372 3737 3458 3816 uti
3492 3737 3837 3834 superiores

2164 3847 2389 3915 septem
2411 3843 2711 3900 flectentes
2734 3860 2925 3917 genua
2946 3850 3081 3920 post
3104 3847 3364 3921 quinque
3387 3849 3647 3922 psalmos
3668 3852 3835 3910 facta

2162 3933 2333 4005 signo
2352 3950 2386 3988 a
2402 3932 2840 4004 priore.1tcrum
2859 3940 3055 3992 autem
3080 3937 3332 4009 pulsatis
3356 3939 3594 4011 reliquis
3611 3939 3833 4013 signis,

2162 4027 2340 4094 atque
2372 4020 2555 4078 ﬁnitis
2586 4023 2811 4079 eisdem
2844 4025 3094 4098 psalmis
3124 4025 3411 4100 incipiant
3440 4028 3832 4087 Nocturnum.

2163 4110 2420 4168 Peractis
2445 4112 2978 4181 nocturnis,dicant
3001 4116 3149 4171 duos
3170 4117 3458 4189 psalmos:
3479 4119 3739 4185 Domine,
3764 4139 3838 4177 ne

2161 4202 2222 4255 in
2250 4201 2439 4271 furore
2470 4208 2592 4267 tuo;
2614 4203 2671 4257 et
2704 4218 2717 4257 :
2753 4203 3028 4259 Exaudiat
3063 4213 3132 4271 te,
3160 4212 3514 4273 Deus,unnm
3549 4206 3839 4266 videlicet

2148 4305 2264 4362 .pro
2287 4305 2419 4361 rege
2443 4290 2794 4361 specialiter,
2810 4291 3060 4348 alterum
3077 4310 3211 4350 vero
3239 4313 3342 4367 pro
3366 4313 3498 4369 rege
3515 4300 3571 4352 et
3592 4297 3831 4370 regina,

2161 4395 2227 4434 ac
2251 4377 2643 4435 familiaribus
2666 4395 2800 4434 cum
2823 4379 2917 4436 his
2946 4381 3207 4440 collectis
3233 4403 3245 4440 :
3274 4407 3302 4434 ιι
3325 4388 3673 4451 Quaesumus
3694 4404 3835 4444 om-

2161 4468 2432 4539 nipotens
2453 4468 2629 4535 Deus,
2652 4473 2718 4523 ut
2744 4468 3004 4526 famulus
3042 4474 3184 4528 tuus
3227 4489 3326 4529 rex
3359 4478 3574 4542 noster,
3600 4473 3698 4543 N.,
3726 4477 3834 4549 qui

2157 4560 2262 4613 tua
2290 4555 2666 4612 miseratione
2697 4559 2964 4632 suscepit
2992 4561 3154 4634 regni
3184 4562 3606 4635 gubernacula,
3633 4566 3833 4624 virtu-

392 4649 800 4724 gubernantis,
831 4648 1045 4706 Christi
1086 4647 1493 4705 benedictione
1524 4649 1765 4718 carebit,
1801 4651 2047 4724 ideoque
2078 4666 2127 4733 Β
2156 4650 2284 4702 tum
2315 4643 2493 4701 etiam
2540 4645 2806 4702 omnium
2858 4649 3142 4721 percipiat
3189 4651 3576 4717 incrementa,
3602 4655 3832 4724 quibus

387 4737 830 4810 omnitempore
854 4737 1157 4793 nocturnis
1178 4736 1502 4806 horis,cum
1523 4738 1596 4794 ad
1615 4754 1762 4810 opus
1781 4739 2044 4797 divinum
2155 4735 2430 4791 decenter
2455 4737 2724 4805 ornatus,
2740 4738 2798 4791 et
2837 4735 3115 4793 vitiorum
3162 4745 3428 4795 monstra
3475 4742 3745 4801 devitarc
3772 4750 3834 4801 et

384 4828 466 4884 de
497 4826 710 4883 lectulo
759 4826 1076 4883 surrexerit
1107 4826 1302 4893 frater,
1337 4825 1594 4897 primum
1646 4826 1757 4883 sibi
1807 4829 2046 4902 signum

384 4917 583 4974 crucis
602 4916 905 4988 imprimat
920 4932 1024 4987 per
1036 4919 1255 4971 sanctae
1275 4914 1578 4972 Trinitatis
1594 4916 2043 4975 invocationem.

384 5005 614 5063 Deinde
638 5005 799 5062 dicat
826 5022 1061 5062 versum
1093 5022 1107 5060 :
1140 5005 1389 5070 Domine,
1421 5005 1569 5062 labia
1609 5024 1732 5064 mea
1769 5011 2046 5081 aperices:

382 5093 603 5151 dehinc
653 5092 949 5167 paululum
983 5112 997 5152 ε
1031 5096 1190 5151 Deus.
1241 5097 1302 5150 in
1348 5094 1689 5168 adjutorium
1732 5113 1916 5153 meum
1958 5100 2046 5155 in-

388 5183 598 5252 tranda,
630 5188 821 5240 totum
853 5203 987 5241 cum
1018 5185 1216 5256 gloria.
1251 5185 1415 5240 Tunc
1447 5185 1749 5256 provideat
1777 5187 1888 5242 sibi
1921 5205 2045 5243 cor-

386 5286 631 5346 peream
649 5279 870 5329 nat-arce
890 5274 1318 5337 necessitatem,
1334 5272 1382 5328 si
1404 5273 1531 5345 ipsa
1546 5273 1687 5329 hora
1704 5274 2043 5347 indiguerit,

392 5364 451 5418 et
470 5360 555 5417 sic
578 5363 649 5417 ad
673 5362 992 5419 oratorium
1017 5362 1349 5419 festinando
1372 5360 1585 5434 psallat
1612 5363 1907 5435 psalmum
1932 5383 1944 5421 :
1969 5368 2048 5423 Ad

390 5458 462 5515 te.
484 5452 730 5519 Domine,
756 5453 932 5509 levavi
955 5454 1201 5510 animam
1230 5467 1429 5516 meam,
1452 5468 1588 5507 cum
1618 5470 1853 5510 summa
1885 5472 2048 5512 reve-

392 5541 602 5610 rentia,
627 5545 685 5597 et
714 5542 944 5598 cautela
971 5541 1220 5610 intrans,
1249 5544 1313 5595 ut
1345 5539 1491 5595 alios
1523 5544 1756 5597 orantes
1787 5561 1901 5599 non
1937 5545 2046 5601 im-

387 5629 611 5703 pediat,
634 5647 701 5686 ac
732 5635 895 5699 tunc,
929 5632 1090 5688 ﬂexis
1123 5631 1371 5704 genibus
1419 5628 1479 5684 in
1522 5631 1646 5686 loco
1679 5649 1956 5704 congruo,
1991 5640 2047 5692 et

395 5724 696 5793 consueto,
720 5721 777 5778 in
803 5721 1035 5785 Domini
1057 5724 1373 5797 conspectu
1396 5719 1657 5777 effundat
1681 5738 1901 5794 preces,
1927 5743 2046 5784 ma-

2160 4824 2390 4881 hostom
2422 4839 2721 4895 superare,
2745 4824 2885 4895 quia
2902 4826 3018 4894 via,
3037 4826 3252 4884 veritas
3273 4832 3329 4885 et
3349 4827 3467 4883 vita
3488 4845 3570 4899 es,
3597 4834 3829 4903 gratio-

2157 4930 2261 4969 sus
2292 4911 2483 4968 valeat
2512 4912 2833 4984 pervenire,
2858 4930 2960 4985 pcr
2988 4914 3304 4972 Dominum
3337 4922 3628 4991 nostrum,
3658 4944 3681 4972 ι
3710 4928 3829 4994 etc,

2232 5023 2261 5054 ‹‹
2284 5003 2439 5074 Rege
2462 5017 2826 5073 quesumus,
2848 5004 3116 5072 Domine,
3140 5006 3426 5063 famulam
3457 5012 3647 5078 tuam,
3671 5010 3746 5066 N.
3773 5018 3833 5068 et

2156 5092 2356 5165 gratiae
2392 5095 2503 5145 tute
2534 5089 2594 5145 in
2627 5108 2695 5147 ca
2727 5092 2880 5148 dona
2925 5094 3274 5168 multiplica,
3305 5100 3371 5152 ut
3417 5097 3491 5153 ab
3537 5101 3829 5158 omnibus

2155 5182 2340 5237 libera
2393 5180 2653 5247 olfcnsis,
2700 5187 2758 5237 et
2808 5184 3229 5255 temporalibus
3287 5202 3404 5242 non
3458 5188 3831 5245 destituatur

2157 5268 2410 5335 auxiliis,
2434 5274 2492 5325 et
2528 5272 2905 5342 sempiternis
2933 5275 3187 5346 gaudeat
3234 5268 3541 5339 institutis,
3577 5292 3685 5347 per
3717 5280 3830 5335 Do-

2158 5361 2389 5416 minum
2420 5362 2711 5429 nostrum,
2737 5382 2764 5410 ››
2800 5364 2909 5416 etc.

2228 5450 2336 5505 Pro
2369 5464 2501 5519 rege
2532 5452 2590 5504 et
2634 5449 2856 5521 regina,
2888 5467 2954 5505 ac
3001 5451 3476 5508 benefactoribus
3526 5456 3672 5509 Deus
3724 5460 3827 5529 qui

2156 5540 2464 5609 charitalis,
2495 5540 2629 5606 etc.,
2664 5544 2731 5593 ut
2757 5545 2957 5607 antea;
2994 5544 3051 5596 ct
3080 5540 3184 5608 sic,
3212 5541 3395 5598 linitis
3425 5544 3708 5600 omnibus
3740 5565 3827 5602 re-

2157 5628 2463 5704 gularibus
2496 5626 2677 5696 horis,
2703 5646 2936 5702 semper
2965 5635 3194 5703 agatur.
3226 5632 3360 5687 Post
3390 5631 3496 5687 hos
3527 5632 3822 5703 psalmos,

2156 5717 2595 5794 parvissimum,
2638 5718 2725 5774 uti
2775 5718 2977 5790 regula
3023 5720 3307 5793 praecipit,
3340 5724 3397 5777 et
3440 5724 3564 5779 tota
3613 5728 3823 5786 testate
