3912 6362
70 407 165 478 481

1170 410 1270 471 DE
1316 411 1697 474 llEGlMlNE
1739 413 2320 481 MONACHORUM.

3327 437 3446 498 482

72 539 324 605 convenit,
354 539 453 594 flat
480 536 1135 613 intervallum.Egressa
1165 544 1365 598 schola
1394 561 1526 598 cum
1563 563 1683 600 ma-
1715 550 1770 614 Α
1802 549 2012 619 nalem,
2047 552 2247 607 dexter
2275 554 2344 608 ad
2378 556 2786 630 principalem,
2818 559 3019 633 sicque
3060 563 3353 635 alternati,
3387 569 3447 625 in

73 630 228 698 gistro
256 628 324 683 ad
363 628 820 685 necessitudinis
853 647 1047 697 usum,
1082 633 1294 701 cmteri,
1320 633 1429 688 nisi
1466 637 1562 706 qni
1598 636 1684 691 in-

73 717 264 789 digerit,
291 716 346 772 in
377 717 643 787 ecclesia,
677 719 1044 775 orationibus
1075 721 1254 777 dediti
1289 722 1601 780 resideant.

132 806 398 875 Posthac,
437 813 768 880 sequantur
813 808 925 864 diei
977 808 1202 866 laudes.
1255 812 1390 868 Post
1438 814 1686 870 Miserere

74 898 178 960 mei,
206 896 353 962 Deus,
383 897 755 963 etc.,addant
783 897 931 953 duos
963 899 1222 972 psalmos
1253 919 1357 974 pro
1390 919 1521 976 rego
1543 905 1684 976 regi-

72 1000 234 1058 naque
255 988 311 1041 et
338 985 752 1054 familiaribus,
782 989 935 1045 Beati
964 1005 1218 1061 quorum,
1268 997 1404 1058 etc.,
1449 994 1683 1058 Inclina,

73 1076 283 1139 Domine,
311 1081 418 1130 etc.
454 1075 681 1142 Quibus
713 1077 1168 1142 ﬁnitis,cantent
1199 1081 1579 1153 antiphonam
1611 1085 1682 1138 de

73 1163 362 1234 cruce,inde
390 1165 778 1238 antiphonam
809 1168 880 1223 de
911 1175 1115 1224 sancta
1147 1170 1330 1226 Maria
1359 1175 1415 1227 et
1443 1173 1515 1227 de
1548 1191 1685 1228 san-

73 1257 148 1308 cto
174 1253 326 1326 cujus
352 1254 650 1311 veneratio
681 1255 741 1312 in
773 1259 1044 1330 praesenti
1078 1258 1290 1314 colitur
1318 1261 1581 1320 ecclesia.
1609 1263 1680 1317 ad

72 1344 110 1398 si
139 1343 312 1399 minus
345 1343 542 1411 fuerit,
578 1345 650 1401 de
700 1345 889 1417 ipsius
923 1347 1027 1402 loci
1061 1349 1514 1406 consecratione.
1548 1352 1684 1408 Post

72 1435 472 1503 quos,eumdem
484 1439 574 1490 est
590 1435 664 1490 ad
684 1435 1062 1492 matutinales
1085 1437 1286 1494 laudes
1318 1441 1388 1494 de
1406 1442 1681 1496 omnibus

70 1523 282 1590 sanctis;
315 1524 681 1580 decantando
713 1525 1119 1598 antipbonmn,
1145 1529 1213 1582 ad
1247 1531 1680 1586 venerationem

69 1611 243 1678 sancti,
273 1613 366 1684 qui
396 1614 662 1685 porticus
693 1615 764 1668 ad
798 1632 974 1686 quam
1009 1617 1146 1685 itur,
1179 1617 1444 1674 dedicata
1473 1625 1580 1674 est.

123 1701 240 1757 Post
264 1719 406 1774 quos
437 1701 644 1758 laudes
678 1721 781 1776 pro
811 1705 1292 1772 del'unctis.Quod
1318 1709 1364 1762 si
1393 1709 1517 1763 luce
1541 1710 1676 1777 diei,

68 1795 122 1843 ut
141 1796 362 1863 Oportet,
391 1790 633 1849 ﬁnitum
681 1791 855 1849 fuerit
901 1795 1184 1864 ofﬁcium,
1221 1797 1505 1869 incipiant
1553 1800 1678 1854 Pri-

67 1896 203 1948 mam,
231 1880 442 1954 absque
468 1881 854 1939 tintinnabuli
886 1882 1084 1956 signo;
1119 1885 1210 1940 sin
1252 1891 1677 1960 autem,exspe—
1710 1925 1760 1994 Β

69 1973 193 1994 ,.,,.
221 1968 395 1994 ι,,,-..
464 1975 518 1994 ,ι
549 1971 781 1994 ___._-._
818 1973 979 1994 ,εφη
1022 1980 1429 1994 ---ψμμηικη
1520 1976 1534 1994 .
1569 1978 1602 1994 η
1651 1979 1660 1988 -

67 1973 200 2025 cleat
220 1968 422 2040 lucem,
459 1975 522 2027 et
549 1971 785 2044 pulsato
816 1973 984 2045 signo
1017 1980 1447 2047 congregantur
1467 1976 1536 2032 ad
1561 1978 1681 2034 Pri-

69 2075 202 2114 mam.
222 2059 428 2117 Deinde
447 2061 622 2118 finita
638 2061 1007 2129 Prima,duos
1030 2063 1310 2135 psalmos,
1335 2065 1584 2135 Domine,
1612 2082 1682 2123 ne

69 2152 114 2204 in
135 2151 300 2220 furore
315 2158 422 2218 me,
445 2155 588 2219 etc.,
611 2155 670 2206 et
686 2150 938 2208 Miserere
957 2154 1085 2217 mei,
1118 2153 1418 2221 Deus,etc.,
1445 2161 1676 2225 canant,
1729 2167 1732 2174 '

69 2237 281 2310 primum
307 2257 408 2313 pro
442 2240 646 2298 carnis
675 2241 1161 2310 tentatione,cum
1194 2243 1680 2315 precibus,Proba

69 2329 386 2396 nosﬂomine.
413 2337 472 2386 et
500 2346 612 2387 non
643 2331 887 2386 inveniat
913 2347 1010 2386 nos
1037 2348 1130 2404 pes
1160 2333 1591 2405 superbianctc.,
1625 2341 1682 2392 et

71 2415 265 2475 collecta
298 2421 399 2477 Ure
422 2422 574 2491 igne.
622 2420 976 2492 Sequentem
1015 2437 1170 2488 vero,
1223 2439 1326 2495 pro
1384 2421 1678 2480 defunctis

74 2505 326 2579 fratribus,
375 2526 518 2566 cum
567 2509 829 2567 collecta.
871 2510 1175 2578 Invenient,
1207 2527 1541 2584 quaesumus,
1574 2515 1678 2571 Do-

73 2597 202 2664 mine,
229 2603 354 2668 ete.;
389 2605 447 2655 et
487 2615 657 2671 prece
690 2601 907 2658 Anime
935 2603 1176 2672 fratrum
1204 2609 1534 2670 nostrorum,
1564 2607 1673 2660 etc.

69 2684 119 2738 Et
145 2687 215 2742 sic
241 2705 393 2745 more
421 2688 623 2758 solito,
657 2690 1010 2761 paenitentia:
1043 2689 1304 2763 psalmos
1335 2699 1678 2765 percurrent

69 2774 228 2832 devote
253 2777 595 2852 interposito
625 2777 874 2851 psalmo,
906 2779 1122 2836 Inclina
1155 2781 1401 2847 Domine,
1430 2788 1541 2839 etc.
1576 2782 1675 2839 His

67 2880 170 2920 vero
189 2867 356 2925 {initis
375 2867 785 2941 subsequatur
801 2867 1210 2942 litania,quam
1237 2871 1491 2927 universi
1517 2887 1676 2930 more

73 2952 495 3029 solito,prostrati
527 2955 857 3025 humiliter,
872 2955 1034 3015 nullo
1064 2963 1320 3031 excepto,
1354 2960 1523 3033 signo
1543 2959 1674 3034 pul-

75 3049 170 3098 sato
195 3047 534 3120 compleant.
567 3048 694 3112 Qua
723 3046 1109 3120 expleta,post
1137 3048 1460 3105 orationem
1483 3050 1676 3106 Domi-

76 3133 225 3191 nicam
267 3137 655 3193 intercanitur
699 3135 986 3209 psalmus,
1033 3139 1097 3194 In
1144 3145 1212 3207 te,
1261 3139 1509 3206 Domine,
1548 3155 1673 3212 spe-

74 3227 178 3290 rari,
206 3226 842 3299 etc.Consequentibus
890 3227 1162 3299 precibus
1209 3231 1267 3283 et
1309 3229 1673 3286 orationibus

75 3313 249 3375 Quibus
276 3316 452 3373 ﬁnitis
480 3320 694 3372 vocent
724 3315 934 3371 fratres
963 3315 1216 3386 lectioni,
1244 3335 1430 3390 usque
1460 3320 1531 3375 ad
1566 3319 1667 3376 ho-
1699 3303 1744 3370 (ἶ

76 3416 165 3456 ram
191 3406 852 3473 secundam,secundum
884 3405 1098 3478 regulis
1129 3410 1674 3479 praeceptumTune

73 3488 186 3546 iacto
209 3495 387 3566 signo,
417 3498 577 3562 eant,
610 3498 668 3549 et
696 3512 758 3550 se
789 3495 1162 3551 diurnalibus
1191 3495 1439 3552 induant
1459 3497 1675 3554 calcea-

75 3583 457 3649 mentis,nullus
474 3584 638 3641 enim
657 3583 765 3640 hoc
783 3583 956 3640 debet
977 3591 1670 3660 praesumere,anthuam

73 3666 179 3726 illud
201 3673 462 3730 audiatur
515 3673 775 3745 signum,
826 3673 1082 3745 exceptis
1131 3675 1440 3748 ministris,
1484 3694 1672 3750 neque

73 3761 192 3828 tunc,
207 3762 272 3818 ab
301 3762 500 3836 aliquo
533 3762 964 3820 intermittatur
991 3763 1118 3819 sine
1149 3763 1404 3834 licentia,
1430 3783 1502 3822 no
1532 3784 1672 3838 prai-

71 3852 348 3923 sumptione
362 3851 682 3910 temeraria
693 3852 1035 3909 obedientiaz
1049 3853 1326 3910 meritum
1345 3853 1672 3928 lugubriter

71 3936 387 4012 obnubilant;
421 3941 637 4000 dehinc
667 3940 1014 4015 psalmodiis
1041 3943 1248 4012 dediti,
1281 3945 1458 4002 facies
1504 3963 1664 4016 suas,

72 4027 129 4082 uti
152 4045 263 4088 mos
288 4037 392 4102 est,
424 4032 581 4089 lavet
629 4030 830 4088 schola
878 4032 1149 4089 universa
1195 4049 1332 4090 cum
1385 4034 1666 4108 magistro

69 4122 109 4168 et
150 4118 353 4179 abbate.
384 4123 660 4180 Seniores
711 4137 867 4192 vero,
917 4127 1094 4195 prout
1141 4121 1305 4180 Deus
1351 4125 1667 4198 unicuique

70 4203 110 4258 in
127 4209 278 4267 corda
301 4227 504 4270 eorum
535 4210 734 4268 divino
773 4209 1085 4268 immiserit
1127 4211 1433 4281 instinctu,
1484 4213 1668 4272 silen-

70 4295 375 4364 tcr,actota
397 4301 620 4360 mentis
649 4301 993 4369 intentione,
1047 4318 1195 4374 opus
1245 4319 1419 4360 suum
1472 4304 1532 4360 in
1573 4303 1667 4363 his

69 4382 330 4462 obsequiis,
365 4392 521 4449 sicut
549 4391 612 4447 in
642 4390 918 4448 omnibus
961 4392 1231 4450 convenit
1277 4393 1664 4464 orationibus,

67 4471 336 4538 deserendo
365 4481 682 4550 celebrent,
732 4479 909 4538 horas
955 4479 1290 4550 canonicos,
1312 4478 1407 4539 vel
1439 4487 1662 4556 septem

66 4565 676 4643 penitentiopsalmos,
707 4567 796 4626 vel
827 4567 988 4626 aliud
1024 4569 1330 4642 quidpiam
1377 4571 1660 4644 spiritale,

65 4650 120 4746 ad
142 4659 497 4716 tentationem
513 4658 868 4717 diabolicam
883 4657 1302 4716 devincendam
1324 4661 1626 4732 psallendo
1647 4679 1660 4719 :
1692 4678 1742 4746 Ι)

62 4739 219 4814 sicque
242 4750 340 4805 toti
369 4750 610 4808 veniant
637 4748 712 4805 ad
740 4748 1067 4806 ecclesiam.
1105 4749 1436 4807 lnfantibus
1463 4758 1660 4810 autem

65 4829 116 4882 ad
140 4834 416 4896 ecclesiam
456 4839 836 4905 intrantibus,
887 4838 1138 4895 aedituus
1186 4839 1443 4910 primum
1494 4848 1662 4899 sonet

63 4918 251 4990 Signum
297 4944 311 4982 :
364 4927 617 5000 peractis
666 4927 856 4984 tribus
915 4945 949 4984 a
1015 4927 1214 5000 pueris
1275 4930 1660 5000 orationibus,

66 5008 124 5060 uti
172 5015 320 5083 prius
361 5035 404 5082 ,a
458 5017 793 5074 senioribus
851 5021 1086 5090 gestum
1140 5019 1335 5074 fuerat
1389 5019 1658 5091 dispositi

63 5095 235 5182 Singuli
274 5104 330 5160 in
378 5107 523 5163 locis
575 5107 720 5175 suis,
772 5123 1061 5180 campana
1089 5106 1344 5179 pulsata,
1377 5107 1664 5182 incipiant

65 5181 224 5246 horam
257 5195 500 5265 Tertiam,
544 5200 678 5268 post
728 5198 902 5270 cujus
949 5197 1272 5252 terminum
1321 5181 1518 5254 dicant
1555 5217 1659 5272 pro

65 5287 164 5346 rego
189 5287 344 5356 atque
373 5286 578 5358 regina
602 5290 659 5343 et
680 5285 1153 5344 benefactoribus
1176 5286 1300 5342 suis
1321 5288 1616 5360 psalmum
1641 5307 1654 5345 :

63 5376 306 5442 “queque,
333 5375 582 5442 Domine,
631 5380 690 5432 et
743 5375 998 5433 Miserere
1041 5377 1171 5441 mei,
1221 5378 1480 5435 miserere
1524 5381 1655 5447 mei,

65 5453 504 5532 subsequentibus
521 5463 862 5538 prescriptis
877 5463 1135 5524 collectis
1151 5481 1164 5522 :
1179 5465 1390 5523 deinde
1411 5468 1656 5526 missam

65 5547 414 5627 matutinalom
443 5552 758 5625 celebrent,
820 5555 893 5610 ad
948 5570 1129 5627 quam
1189 5556 1447 5614 secunda
1491 5559 1682 5627 feria,-

65 5626 218 5691 dcxter
240 5641 434 5700 offerat
464 5643 714 5711 chorus;
744 5626 986 5700 sinister
1004 5645 1078 5700 ad
1109 5643 1496 5718 principalem
1521 5626 1655 5712 mis-

62 5726 358 5792 semifertia
379 5745 620 5793 rursom
649 5733 1060 5807 feria,sinister
1089 5733 1294 5801 oﬂ‘crat
1321 5735 1394 5794 ad
1423 5739 1659 5799 matuti-

1794 653 1861 691 eo
1890 637 2318 698 hebdomadam
2339 651 2702 715 percurrent;
2719 647 2921 705 eadem
2933 666 3067 707 vero
3081 654 3448 715 matutinalis

1795 728 2108 802 missa,pro
2139 731 2382 803 rege,vel
2415 749 2786 808 quacumque
2817 739 3162 798 imminente
3193 745 3446 802 necessi-

1793 821 1911 873 tate
1942 818 2282 888 celebretur.
2317 822 2434 877 Hoc
2466 823 2712 896 expleto,
2750 826 2899 882 facto
2931 829 3099 903 signo
3147 849 3182 888 a
3227 833 3441 906 priore,

1793 906 2200 962 convenientes
2233 909 2304 963 ad
2339 910 2664 982 capitulum
2716 911 2842 986 ipso
2892 919 3249 987 praecedente
3278 939 3444 979 versa

1793 994 1939 1049 facie
1997 997 2069 1051 ad
2127 997 2409 1054 orientem
2476 1000 2732 1057 salutent
2791 1019 3044 1072 crucem,
3108 1014 3167 1064 et
3221 1013 3446 1070 casteria

1793 1084 2054 1156 undique
2115 1088 2393 1143 fratribus
2450 1106 2511 1145 se
2567 1090 2734 1146 vultu
2781 1091 3063 1152 inclinato
3096 1097 3442 1172 humilient;

1793 1172 1964 1242 cujus
1996 1172 2421 1230 humiliationis
2479 1177 2647 1243 ratio,
2706 1184 2763 1234 et
2821 1181 2878 1237 in
2939 1185 3098 1240 omni
3151 1194 3438 1246 conventu

1793 1261 2178 1318 custodienda
2207 1268 2498 1320 est:Tunc
2529 1267 2926 1327 residentibus
2953 1275 3446 1350 cunctis,legatur
3495 1349 3504 1357 .

1793 1349 2296 1423 Martyrologium.
2331 1356 2453 1421 Quo
2485 1357 2640 1412 dicto
2671 1367 2977 1430 surgentes
3007 1379 3212 1421 omnes
3243 1349 3445 1424 dicant

1789 1455 2044 1506 versum,
2106 1443 2348 1498 Pretiosa
2409 1447 2468 1498 in
2523 1455 2804 1516 emzspeetu
2856 1449 3095 1519 Domini,
3144 1458 3277 1521 ete.,
3310 1473 3447 1512 cum

1791 1531 2050 1584 oratione
2082 1548 2146 1585 ac
2178 1548 2345 1586 versu
2383 1549 2394 1587 :
2428 1536 2569 1589 Deus
2603 1539 2661 1590 in
2692 1537 3027 1608 adjutorium
3054 1558 3237 1599 meum
3267 1547 3446 1602 inten-

1789 1617 1885 1683 de;
1916 1619 2014 1690 qni
2047 1636 2251 1674 versus
2285 1622 2452 1676 tertio
2484 1629 2784 1696 repetatur
2811 1627 2884 1681 ab
2914 1630 3212 1702 omnibus,
3253 1635 3448 1704 priore

1791 1707 2124 1778 incipiente,
2149 1709 2804 1780 subjungentes,(.‘loria,
2819 1720 2875 1769 et
2898 1717 3194 1775 ﬂectentes
3223 1739 3439 1796 genua,

1789 1797 1838 1853 si
1869 1801 2100 1869 tempus
2133 1798 2213 1853 ita
2242 1799 2547 1856 dictaverit
2578 1817 2591 1855 :
2625 1802 2854 1860 dicente
2885 1822 3017 1862 vero
3051 1807 3272 1880 priore;
3303 1819 3449 1871 etne

1789 1901 1888 1941 nos
1917 1885 2418 1960 induats,surgant
2447 1905 2652 1947 omnes
2692 1897 3004 1968 erectoque
3027 1895 3192 1954 vultu
3213 1899 3436 1971 dicant,

1790 1973 2009 2047 Respice
2037 1977 2095 2030 in
2118 1993 2318 2046 servos,
2359 1978 2808 2053 subjungentes,
2863 1982 3069 2054 Gloria,
3129 1985 3443 2048 humiliato

1789 2064 1998 2136 capite.
2034 2066 2311 2138 Sequitur
2339 2067 2546 2124 oratio.
2577 2069 2827 2142 Dirigere
2868 2081 2922 2128 et
2956 2077 3300 2148 sanetiﬁeare
3334 2097 3356 2134 :
3383 2082 3445 2137 et

1788 2153 2133 2226 Adjntorium
2188 2164 2436 2212 nostrum
2479 2159 2540 2212 in
2595 2161 2819 2217 nomine
2863 2161 3104 2232 Domini,
3165 2168 3262 2239 qui
3313 2169 3447 2240 fecit

1789 2243 1978 2298 arium
2008 2251 2060 2299 et
2085 2252 2306 2300 terram.
2324 2245 2538 2302 Iterum
2559 2253 2756 2304 autem
2791 2249 3184 2310 residentibus
3213 2253 3446 2328 legatur

1789 2331 2010 2404 regula,
2037 2332 2123 2388 vel
2157 2333 2204 2389 si
2237 2333 2362 2389 dies
2395 2337 2577 2391 festus
2626 2337 2800 2394 fuerit
2845 2341 3214 2413 evangelium
3254 2344 3444 2417 ipsius

1788 2421 2002 2490 diei,de
2027 2439 2143 2495 qua
2160 2421 2407 2481 lectione
2424 2443 2458 2481 a
2475 2427 2667 2498 priore
2689 2433 2864 2500 prout
2884 2430 3170 2489 Dominus
3189 2434 3437 2504 dederit,

1787 2511 2180 2569 dicatur.Post
2202 2513 2310 2570 hoc
2331 2515 2689 2589 quicumque
2711 2533 2772 2574 se
2791 2535 2955 2574 reum
2982 2519 3233 2594 alicujus
3252 2523 3439 2597 culpa

1787 2601 2074 2673 agnoscit,
2108 2601 2336 2658 veniam
2369 2603 2672 2661 humiliter
2700 2606 3029 2680 postulans,
3062 2615 3221 2682 petat
3251 2611 3441 2672 indul-

1783 2689 2279 2762 gentiam.0mnis
2303 2697 2498 2748 autem
2529 2694 2836 2768 frater,pro
2867 2712 3237 2770 quacumque
3255 2717 3438 2758 causa

1785 2779 2121 2850 increpatus
2151 2778 2224 2835 ab
2256 2779 2486 2849 abbate,
2506 2782 2593 2838 vel
2625 2800 2660 2840 a
2687 2782 2950 2855 quolibet
2968 2789 3026 2842 et
3053 2787 3434 2858 priore,ante—

1784 2883 1961 2940 quam
1975 2867 2214 2924 verbum
2239 2867 2472 2942 aliquod
2496 2871 3004 2942 proferat,veniam
3018 2877 3274 2946 petat.Et
3289 2878 3432 2934 dum

1784 2974 1818 3014 a
1847 2957 2039 3030 priore
2067 2957 2457 3032 interrogatus
2489 2958 2684 3028 fuerit,
2716 2977 2843 3033 quia
2873 2961 2952 3018 sit
2979 2978 3160 3022 causa
3188 2981 3292 3038 pro
3309 2983 3436 3041 qua

1781 3046 2012 3102 veniam
2060 3045 2268 3119 poscit,
2316 3048 2668 3121 respondeat
2722 3055 2896 3124 atque
2954 3069 3126 3110 suam
3177 3055 3434 3115 fateatur

1781 3134 2014 3208 culpam
2047 3137 2247 3193 dicens
2281 3152 2295 3191 :
2327 3153 2448 3194 mea
2474 3139 2656 3212 culpa,
2687 3139 2945 3211 Domine,-
2993 3143 3204 3201 dehinc
3225 3146 3436 3218 jussus

1781 3225 1966 3297 erigat
1987 3243 2048 3281 se
2075 3241 2089 3280 :
2112 3243 2252 3282 nam
2271 3227 2318 3282 si
2337 3225 2509 3284 aliter
2524 3231 2707 3301 egerit
2726 3229 3038 3304 culpabilis
3054 3233 3434 3294 indicabitur.

1781 3315 2146 3389 Quicumque
2165 3315 2322 3372 enim
2347 3317 2744 3390 increpatus,a
2759 3320 3023 3392 quolibet
3048 3323 3237 3395 priore
3258 3325 3438 3384 fuerit

1782 3421 1886 3477 pro
1917 3405 2114 3478 aliquo
2146 3410 2329 3472 reatu,
2361 3405 2447 3461 vel
2480 3407 2530 3462 si
2562 3409 2864 3480 quippiam
2897 3411 2955 3465 in
2983 3412 3193 3469 officiis
3234 3431 3434 3472 exces-

1782 3495 1944 3564 serit,
1975 3501 2175 3552 etnon
2224 3495 2427 3551 statim
2479 3499 2709 3553 veniam
2761 3499 2846 3553 uti
2895 3499 3099 3572 regula
3145 3503 3431 3574 praecipit,

1781 3583 2178 3656 postulaverit,
2240 3585 2448 3656 majori
2507 3587 2807 3658 subjaceat
2864 3587 3152 3644 vindicta}.
3205 3592 3432 3655 Quanto

1779 3675 1937 3730 enim
2002 3673 2138 3746 quis
2194 3690 2256 3729 se
2321 3671 2671 3742 humiliavit,
2740 3691 2985 3748 seseque
3076 3678 3431 3752 culpabilem

1780 3761 2120 3830 reddiderit,
2150 3767 2313 3818 tanto
2345 3762 2806 3831 misericordias,
2841 3780 2910 3820 ac
2937 3764 3128 3822 levius
3157 3783 3193 3824 a
3238 3769 3432 3840 priore

1777 3853 1952 3909 debet
1973 3851 2257 3926 judicari;
2291 3867 2529 3908 necesse
2550 3857 2641 3910 est
2669 3853 2922 3922 enim,ut
2949 3855 3009 3912 in
3039 3857 3319 3915 omnibus
3335 3873 3434 3916 nc-

1776 3941 2074 4014 gligentiis
2104 3941 2342 4011 nostris,
2376 3942 2432 3997 id
2454 3946 2562 4011 est,
2598 3943 3042 4016 cogitationum,
3073 3943 3310 4021 linguai,
3338 3947 3438 4006 vel.

1777 4048 2041 4106 operum,
2089 4031 2149 4088 in
2196 4031 2467 4104 presenti
2513 4030 2654 4102 vita,
2709 4047 2814 4106 per
2857 4051 3054 4092 veram
3105 4037 3429 4095 confessio-

1777 4139 1932 4191 nem,
1989 4126 2048 4178 et
2111 4119 2398 4178 humilem
2457 4121 2882 4194 pcenitudinem
2931 4125 3293 4197 judicemur,
3357 4143 3432 4186 ne

1776 4216 1909 4286 post
1939 4211 2114 4267 istius
2143 4210 2271 4267 vitae
2321 4211 2659 4280 decursum,
2723 4229 2852 4269 reos
2899 4230 3008 4271 nos
3055 4217 3190 4272 ante
3233 4215 3428 4272 tribu-

1776 4301 1871 4358 nal
1945 4301 2159 4358 Cbristi
2233 4305 2518 4358 statuant.
2590 4300 2780 4358 Finito
2883 4301 2994 4360 hoc
3102 4302 3427 4376 spiritualis

1776 4391 2146 4467 purgaminis
2192 4390 2446 4462 negotio,
2497 4389 2758 4462 quinque
2813 4389 3076 4464 psalmos
3130 4391 3231 4464 qui
3291 4397 3426 4464 post

1775 4485 2056 4540 notantur
2155 4495 2258 4554 pro
2359 4477 2650 4536 defunctis
2715 4479 3018 4548 fratribus,
3085 4479 3420 4548 decentem,

1773 4573 1887 4630 ista
1957 4588 2092 4630 vero
2165 4570 2364 4627 omnia
2435 4585 2563 4640 quze
2639 4567 2896 4626 diximus
2977 4573 3110 4642 post
3188 4570 3425 4627 Tertiam

1772 4663 1864 4721 his
1881 4661 2246 4734 temporibus
2269 4659 2514 4731 agenda;
2529 4657 2853 4714 Dominicis
2871 4658 3080 4716 diebus
3097 4659 3258 4717 omni
3278 4663 3425 4716 tem-

1772 4769 1910 4827 pore
1939 4757 2074 4808 ante
2108 4751 2341 4806 Tertiam
2371 4752 2642 4820 agantur,
2686 4748 2767 4804 ita
2814 4752 3034 4820 tamen,
3065 4753 3131 4806 ut
3173 4748 3422 4806 fratrum

1772 4841 2178 4914 unusquisque
2191 4855 2308 4894 suae
2322 4835 2690 4893 conscientiae
2709 4841 2936 4894 reatum
2951 4837 3104 4895 Patri
3125 4836 3423 4910 spirituali

1771 4931 1858 4988 vel
1881 4932 2031 5004 ejus,
2065 4930 2114 4985 si
2141 4929 2354 4984 absens
2386 4927 2582 4995 fuerit,
2613 4915 2846 4995 vicario,
2881 4943 2983 4998 per
3011 4926 3296 4983 humilem
3328 4944 3424 4984 re—

1769 5020 1920 5078 velet
1950 5015 2462 5075 confessionem.Si
2477 5020 2672 5071 autem
2691 5019 2854 5072 tanta
2871 5015 3048 5072 fuerit
3076 5015 3420 5086 multitudo,

1771 5114 1835 5168 ut
1863 5127 1932 5167 ea
1955 5111 2048 5166 die
2079 5124 2282 5164 omnes
2313 5107 2385 5162 ad
2417 5105 2843 5163 confessionem
2874 5107 3070 5162 venire
3103 5111 3418 5178 nequeant,

1770 5199 2033 5272 sequenti
2066 5199 2179 5267 die,
2213 5195 2472 5254 secunda
2497 5195 2764 5252 videlicet
2788 5195 2950 5266 feria,
2970 5195 3079 5252 hoc
3111 5195 3268 5252 idem
3300 5195 3422 5252 im-

1768 5286 2204 5363 pleanLSchola
2229 5303 2363 5343 vero
2393 5285 2557 5342 nullo
2587 5284 2760 5344 modo
2791 5283 2901 5342 hoc
2920 5302 3256 5358 quanquam
3279 5301 3422 5358 pue-

1767 5379 1894 5436 rilis
1923 5377 2296 5444 intermittat,
2331 5376 2431 5433 sed
2464 5379 2530 5432 ut
2557 5391 2748 5446 senes,
2781 5373 2917 5432 licet
2943 5375 3207 5433 nondum
3227 5377 3420 5433 tenta-

1768 5469 2029 5527 tionibus
2056 5467 2426 5540 impugnata,
2459 5469 2734 5522 consuete
2766 5468 3028 5539 peragat.
3061 5463 3170 5534 Qui
3219 5467 3418 5521 autem

1767 5558 1898 5616 aliis
1929 5555 2249 5630 indiguerit
2279 5556 2511 5626 diebus,
2541 5555 2866 5614 tentatione
2897 5554 3093 5628 aliqua
3123 5552 3305 5610 animi
3326 5551 3416 5609 vel

1766 5649 2025 5722 corporis
2057 5645 2420 5715 stimulatus,
2454 5647 2527 5702 ad
2557 5644 2944 5703 confessionis
2973 5643 3206 5701 salubre
3229 5655 3414 5700 reme-

1767 5741 1954 5812 dium,
1973 5739 2238 5808 devotus,
2263 5751 2380 5796 non
2403 5733 2670 5797 cominus
2689 5734 2884 5799 venire
2903 5732 3154 5794 diﬂ'erat.
