3912 6384
111 414 227 478 485

1246 415 1348 474 ne
1395 401 1780 475 amoenus
1821 412 2398 477 MONACIIonrM.

3405 425 3522 485 486

116 549 722 615 cantanto,addantur
743 548 860 604 duo
886 546 1122 622 psalmi,
1147 549 1284 603 Deus
1317 551 1372 603 in
1402 549 1758 620 (liijlltlll'ilun,
1789 548 1840 613 Λ
1876 549 2286 603 festixitatihus
2319 550 2913 618 sanctorum,feriales
2928 567 3085 608 more
3102 553 3274 609 solito
3292 558 3524 611 tenean-

115 645 168 696 et
197 641 432 706 levavi;
461 655 567 711 pro
608 654 742 711 rege
793 654 860 694 ac
910 637 1109 710 regina
1156 644 1214 693 et
1263 638 1758 694 benefactoribus.

118 727 301 784 Finito
344 727 751 800 eompletorio,
793 731 858 782 ut
906 727 964 782 in
1018 725 1228 782 ultima
1273 727 1415 783 hora
1456 728 1758 795 canonica,

118 817 196 873 uti
225 817 287 874 in
320 817 557 873 exordio
589 821 808 872 sanctae
840 815 1145 872 Trinitatis
1177 833 1243 872 ac
1285 817 1598 871 individua:
1633 817 1763 870 uni-

116 906 252 963 tatis
282 906 608 963 reverentia
636 905 898 978 legitime
929 922 963 962 a
992 905 1237 962 servulis
1285 905 1630 960 exbibeatur
1667 923 1762 960 ca-

115 995 366 1063 tholicis,
401 999 579 1068 agant
617 995 877 1068 primum
907 996 1072 1069 pueri
1123 1000 1242 1052 tres
1289 995 1600 1065 orationes,
1633 1001 1765 1068 post

117 1102 344 1157 pueros,
379 1088 556 1158 agant
586 1084 816 1140 fratres.

184 1175 246 1230 In
278 1174 472 1248 prima
500 1173 782 1239 oratione,
814 1178 1028 1230 canant
1058 1173 1337 1246 psalmos,
1356 1177 1634 1248 Usquequo
1657 1177 1764 1231 Do-

113 1267 280 1333 mine,
311 1269 455 1332 etc.,
485 1261 679 1320 Judica
707 1279 796 1319 me
822 1265 1004 1331 Deus,-
1032 1265 1201 1337 Kyrie
1227 1266 1448 1335 eleison,
1470 1267 1634 1320 Pater
1659 1282 1766 1321 no-

115 1363 242 1420 ster,
276 1357 334 1409 et
365 1369 588 1427 preces,
620 1353 809 1409 Averte
848 1355 1047 1425 faciem
1090 1362 1280 1423 tuam,-
1313 1355 1416 1410 Cor
1459 1356 1763 1423 annulum;

117 1445 191 1501 Ne
231 1445 533 1517 proﬁcias;
583 1441 758 1498 Redde
802 1443 945 1498 mihi
985 1444 1269 1512 (mitium;
1306 1469 1331 1493 ‹‹
1383 1445 1612 1500 Gratias
1661 1446 1762 1499 tibi

118 1551 222 1606 ago
253 1532 500 1588 Domine
531 1538 730 1587 sancte
753 1533 919 1587 Pater
947 1533 1318 1604 omnipotens
1351 1541 1564 1588 a'terne
1591 1535 1767 1603 Deus,

117 1624 214 1696 qui
248 1638 344 1676 me
375 1622 652 1694 dignatus
681 1638 746 1676 es
777 1621 835 1676 in
867 1621 972 1676 hac
1004 1623 1099 1677 die
1129 1622 1422 1677 custodire
1473 1641 1574 1694 per
1603 1629 1764 1677 tuam

116 1717 382 1769 sanctam
415 1710 812 1780 clementiam,
845 1713 1094 1766 concede
1137 1711 1302 1778 mihi,
1334 1712 1484 1768 hanc
1538 1719 1767 1768 noctem

118 1803 341 1860 mundo
373 1801 565 1870 corde,
598 1804 657 1856 et
686 1805 846 1856 casto
877 1817 1136 1874 corpore,
1172 1802 1256 1858 sic
1288 1819 1562 1874 peragere
1581 1801 1766 1875 quali-

117 1899 204 1949 ter
229 1907 405 1948 mane
435 1906 686 1964 surgens
717 1894 950 1963 gratum
980 1890 1086 1946 tibi
1119 1891 1423 1947 servitium
1442 1891 1767 1963 persolvere

119 1980 362 2055 possim.
396 1979 503 2036 Per
531 1979 847 2036 Dominum
872 1984 1158 2047 nostrum,
1195 2003 1222 2031 ››
1259 1985 1368 2037 etc.

187 2071 249 2130 In
283 2069 546 2126 secunda
575 2067 838 2126 oratione
870 2084 883 2124 :
917 2069 1057 2125 Deus
1105 2073 1435 2126 misereatur
1471 2073 1678 2139 nostri;
1711 2075 1768 2127 et

117 2162 236 2219 Nisi
279 2161 568 2227 Dominus,
615 2159 782 2232 Kyrie
827 2159 1050 2228 eleison,
1084 2160 1245 2216 Pater
1286 2167 1485 2228 noster,
1529 2161 1765 2216 easdem

119 2267 314 2324 preces
345 2266 496 2324 quas
527 2264 730 2322 supra,
751 2246 1083 2305 collectam:
1109 2271 1136 2299 ι(
1169 2249 1322 2305 Deus
1353 2250 1446 2305 cui
1479 2266 1651 2306 omne
1669 2267 1770 2307 cor

121 2344 293 2414 patet,
327 2343 387 2397 et
417 2337 614 2395 omnis
641 2335 914 2394 voluntas
942 2337 1223 2411 loquitur,
1245 2343 1300 2395 et
1329 2357 1504 2412 quem
1538 2339 1767 2395 nullum

122 2431 256 2488 latet
285 2433 582 2485 secretum
614 2427 859 2500 puriﬁca
887 2444 990 2500 per
1019 2427 1374 2484 infusionem
1416 2428 1605 2484 sancti
1637 2428 1766 2500 Spi-

124 2520 317 2586 ritum,
369 2517 754 2591 cogitationes
803 2517 997 2572 cordis
1046 2517 1252 2586 nostri,
1307 2522 1369 2572 ut
1414 2519 1662 2590 perfecte
1713 2522 1768 2574 te

122 2609 454 2682 dtiigere,et
479 2606 657 2679 digne
688 2603 914 2662 laudari
946 2621 1299 2662 mereamur.
1317 2606 1422 2662 Per
1453 2606 1767 2661 Dominum

121 2703 409 2766 nostrum,
443 2718 472 2749 »
507 2703 620 2752 etc.

184 2787 247 2847 In
299 2786 477 2843 tertia
523 2786 804 2854 oratione,
854 2786 929 2841 De
970 2785 1284 2858 profundis,
1330 2787 1497 2859 Kyrie
1543 2785 1769 2855 eleison,

115 2879 275 2934 Pater
301 2883 508 2944 noster,
541 2875 780 2932 easdem
819 2892 1018 2948 preces
1063 2873 1287 2932 collect.
1325 2897 1353 2925 ‹‹
1385 2875 1768 2948 Omnipotens

115 2966 435 3022 mitissime
464 2964 620 3020 Deus
642 2964 744 3037 qui
777 2963 998 3021 sitienti
1028 2963 1266 3037 populo,
1282 2964 1499 3020 fontem
1521 2965 1769 3021 viventis

113 3074 274 3129 aqua:
323 3055 401 3110 de
447 3059 613 3127 petra
660 3053 1007 3127 produxisti,
1053 3054 1201 3111 educ
1251 3054 1322 3110 de
1351 3055 1545 3110 cordis
1585 3055 1768 3110 nostri

112 3146 352 3213 duritia,
389 3144 864 3216 compunctionis
896 3143 1203 3218 lacrymas,
1223 3148 1289 3200 ut
1320 3149 1557 3218 peccata
1572 3149 1774 3201 nostra

112 3234 395 3308 plangam
423 3232 748 3302 valeamus,
787 3233 1335 3306 remissionemquc,
1366 3239 1422 3289 te
1452 3235 1770 3290 miserante

1868 637 2296 693 tur.Pr:relaris
2319 656 2450 693 vero
2482 644 2538 695 et
2573 640 2791 694 festivis
2815 639 3522 717 solemnitatibus,hymni

1872 731 2286 798 competentes,
2319 745 2430 783 usu
2474 727 2843 784 celebrentur
2888 736 3187 786 consueto.
3221 733 3522 791 Adventus

1871 821 2065 870 autem
2099 816 2923 888 Domini,Quadragesima},ac
2941 820 3237 875 Passionis
3261 825 3522 895 tempore

1873 903 2076 975 hymni
2107 906 2371 976 ejusdem
2403 907 2597 962 cultus
2629 906 2886 978 legitime
2917 909 3411 978 decantentur,ita
3441 914 3525 966 ta-

1874 1011 2004 1048 men
2041 998 2104 1048 ut
2136 1013 2248 1048 non
2280 995 2481 1069 hymni
2518 997 2587 1050 de
2610 994 2966 1065 jejunio,sed
2995 995 3053 1051 bi
3083 997 3182 1069 qui
3212 1016 3314 1072 per
3333 1003 3521 1055 totum

1873 1100 2092 1155 annum
2141 1090 2404 1149 currunt,
2443 1085 2758 1140 Dominicis
2807 1085 3015 1142 diebus
3074 1086 3194 1142 sive
3252 1088 3524 1145 noctibus

1873 1176 2134 1243 tempore
2164 1172 2656 1243 quadragesima“
2690 1173 3075 1230 celebrentur.

1944 1261 2029 1314 Ab
2048 1261 2266 1315 eisdem
2302 1261 2575 1315 Kalendis
2589 1262 2940 1317 concedatur
2957 1264 3234 1321 fratribus
3250 1283 3524 1322 accessus

1875 1349 2197 1421 ignis,dum
2225 1349 2541 1405 necessitas
2555 1349 2871 1421 eompuleri
2884 1355 2985 1416 t,et
3009 1351 3239 1424 frigoris
3254 1354 3526 1412 nimietas

1879 1439 2400 1503 inculmerit.Quod
2435 1445 2628 1493 tamen
2662 1440 2771 1494 sub
2804 1440 3036 1494 silentio
3071 1442 3255 1508 liat,in
3290 1445 3527 1499 refecto-

1876 1527 1961 1580 rio
1992 1544 2125 1579 vero
2149 1526 2253 1581 huc
2275 1527 2517 1582 minime
2534 1528 2830 1597 agaturJn
2861 1528 3041 1600 hujus
3063 1546 3293 1602 quoque
3316 1531 3528 1588 hiemis

1876 1620 2401 1687 tempore,propter
2435 1617 2680 1670 nimiam
2715 1617 2994 1672 imbrium
3027 1619 3528 1690 asperitatem,lo-

1877 1721 1981 1758 cus
2013 1709 2183 1776 aptus
2218 1705 2496 1759 fratribus
2528 1705 2888 1777 designetur,
2920 1707 3113 1776 cujus.
3149 1748 3162 1761 .
3201 1751 3213 1762 .
3250 1709 3525 1781 .refugio,

1880 1792 2199 1849 hibernalis
2234 1794 2544 1866 argoris,et
2575 1794 2939 1866 intemperiei
2971 1796 3530 1872 adversitas.levige-

1875 1885 2002 1950 tur;
2027 1883 2075 1937 si
2109 1888 2302 1938 autem
2337 1882 2647 1956 temperies
2681 1883 3000 1956 tranquilla
3039 1885 3236 1955 fuerit,
3269 1885 3526 1943 claustro

1877 1973 1960 2028 uti
1993 1971 2228 2027 libuerit
2259 1989 2392 2028 cum
2424 1971 2638 2028 Christi
2664 1972 3066 2030 benedictione
3098 1976 3524 2050 utantur,quod

1876 2062 1924 2118 si
1960 2078 2062 2134 pro
2095 2060 2736 2128 necessitate,claustro
2767 2061 3137 2134 egredientes
3166 2063 3407 2120 domum
3440 2063 3528 2122 uti

1876 2152 2134 2208 diximus
2164 2151 2532 2224 designatam
2565 2150 2817 2224 ingressi
2850 2151 3086 2220 fuerint,
3107 2151 3263 2210 idem
3291 2152 3371 2209 ibi
3399 2169 3530 2212 mos

1876 2241 1936 2297 in
1964 2240 2238 2297 omnibus
2263 2239 2660 2312 teneatur,qui
2681 2239 2740 2295 in
2764 2239 3018 2296 claustro
3049 2240 3220 2297 solito
3249 2245 3480 2299 tenetur
3510 2257 3526 2300 :

1879 2347 1984 2385 nec
2013 2329 2307 2402 quispiam
2327 2328 2447 2384 ullo
2463 2346 2723 2401 unquam
2737 2333 2999 2401 tempore
3025 2329 3350 2387 claustrum
3373 2331 3532 2388 desc-

1878 2436 2010 2476 rens
2044 2420 2284 2474 domum
2304 2418 2642 2490 przedictam
2667 2417 2738 2473 ad
2757 2419 3240 2476 commorandum
3255 2437 3532 2493 praesum-

1878 2514 2125 2581 ptuosus
2155 2508 2344 2573 adeat,
2363 2506 2449 2562 vel
2483 2507 2725 2563 domum
2759 2506 3175 2580 derelinquens
3205 2507 3530 2568 claustrum

1878 2598 2004 2652 sine
2019 2598 2231 2669 prioris
2247 2597 2508 2666 licentia;
2531 2596 2856 2654 secundum
2870 2614 3003 2654 vero
3017 2597 3229 2670 regulo:
3246 2599 3527 2672 edictum,

1877 2686 2200 2758 temperius
2217 2685 2286 2740 ad
2301 2684 2561 2758 vigiliam
2578 2689 2855 2757 surgatur
2865 2691 2930 2740 ut
2947 2686 3273 2742 nocturnali
3295 2693 3529 2760 peracto

1878 2760 2091 2842 officio,
2123 2777 2180 2830 et
2210 2771 2456 2846 psalmis
2483 2773 2858 2846 supradictis,
2883 2790 2949 2830 ac
2979 2773 3179 2847 vigilia
3198 2791 3302 2848 pro
3324 2775 3531 2833 defun-

1878 2863 1990 2919 ctis
2017 2879 2152 2918 cum
2169 2861 2444 2918 laudibus
2462 2862 2606 2930 suis,
2623 2865 2796 2934 atque
2822 2861 3130 2919 matutinis
3153 2863 3224 2918 de
3249 2864 3528 2920 omnibus

1879 2951 2098 3009 sanctis
2128 2950 2390 3024 expletis,
2426 2950 2709 3006 fratribus
2741 2949 3080 3022 psalmodiis
3112 2951 3531 3022 deditis,velle-

1877 3039 2056 3096 ctioni
2087 3041 2412 3096 secundum
2435 3038 2648 3112 regulae
2675 3041 3116 3112 prazceptum,si
3145 3041 3243 3114 qui
3266 3041 3530 3116 indigue-

1879 3129 1996 3184 rint
2022 3129 2496 3198 inscrvientibus,
2516 3128 2888 3185 intervallum
2912 3147 3221 3204 usquequo
3250 3130 3529 3205 lucescat,

1879 3234 2015 3274 cum
2033 3236 2248 3292 magna
2259 3218 2563 3292 vigilantia
2575 3218 3145 3277 custodiaturalucis
3161 3221 3528 3294 crepusculo,

113 3298 456 3380 inercvamur
485 3298 768 3396 accipere.
803 3322 910 3378 Per
939 3298 1255 3380 Dominum
1289 3298 1622 3393 nostrum,»
1655 3328 1765 3380 etc,
1797 3298 1843 3367 C
1882 3310 2024 3366 dum
2056 3308 2307 3364 aedituus
2339 3309 2577 3381 signum
2611 3307 2928 3380 pulsaverit
2955 3309 3028 3364 ad
3059 3309 3367 3366 ecclesiam
3399 3315 3530 3367 uni-

185 3435 214 3463 α
245 3413 640 3486 Omnipotens
671 3409 986 3467 mitissimo
1017 3413 1432 3485 Deus,respice
1459 3413 1771 3486 propitius,

116 3504 186 3560 ad
215 3519 426 3576 preces
457 3506 712 3569 nostras,
745 3504 802 3556 et
829 3500 1015 3557 libera
1043 3518 1144 3556 cor
1172 3507 1461 3571 nostrum,
1494 3504 1565 3558 de
1599 3502 1774 3560 mala-

115 3611 248 3650 rum
297 3590 627 3648 tentationc
670 3589 1112 3662 cogitationum,
1163 3595 1230 3647 ut
1277 3591 1532 3664 Spiritus
1582 3595 1770 3650 sancti

107 3683 364 3757 dignum
394 3679 522 3736 ﬂeri
547 3677 955 3736 habitaculum
1001 3697 1335 3738 mereamur
1365 3681 1631 3753 inveniri,
1667 3683 1772 3740 Per

108 3769 433 3829 Dominum
465 3771 758 3838 nostrum,
791 3788 820 3819 »
851 3772 960 3825 etc.

174 3851 410 3929 Quibus
439 3856 718 3932 peractis,
747 3859 1275 3933 consperganturja
1305 3862 1604 3918 sacerdote
1635 3863 1772 3920 heb-

109 3949 483 4017 domadario,
512 3944 821 4004 benedicta
849 3963 1022 4020 aqua,
1053 3953 1112 4004 et
1142 3948 1225 4006 sic
1264 3955 1511 4024 pergant
1559 3953 1631 4010 ad
1687 3970 1770 4010 re-

106 4038 309 4112 quiem
361 4053 556 4106 suam,
589 4051 728 4094 cum
769 4052 1014 4094 summae
1044 4038 1494 4112 tranquillitatis
1522 4058 1679 4112 voce,
1711 4047 1769 4100 et

106 4127 476 4197 reverentia;
508 4125 560 4182 si
592 4125 726 4199 quis
755 4142 910 4198 vero,
944 4119 1079 4200 post
1118 4126 1260 4197 haec,
1295 4128 1617 4188 devotionis
1649 4150 1767 4189 suae

107 4217 252 4275 forte
281 4217 531 4286 fervore,
565 4214 663 4272 bis
691 4215 916 4272 diutius
944 4214 1286 4274 incumbere
1330 4217 1599 4291 voluerit,
1633 4227 1770 4295 agat

106 4307 351 4380 quidem
381 4305 528 4374 haec,
563 4305 666 4362 sed
699 4305 901 4362 audito
931 4305 1101 4378 signo
1147 4306 1365 4376 mditui,
1399 4324 1514 4381 quo
1546 4311 1766 4368 resides

105 4397 171 4454 ad
205 4395 642 4472 egrediendum
688 4399 881 4464 vocat,
912 4394 994 4450 nil
1048 4398 1330 4453 moretur.
1362 4397 1534 4454 Omni
1586 4401 1766 4457 etiam

103 4491 291 4554 nocte,
346 4490 483 4558 post
529 4483 1002 4558 completorium,
1031 4490 1381 4559 aspergatur
1425 4487 1637 4546 domus
1686 4508 1768 4546 re-

101 4574 428 4648 quietionis
459 4589 665 4631 eorum
713 4573 1192 4632 recumbentibus
1232 4574 1336 4644 eis,
1372 4583 1610 4650 propter
1638 4578 1768 4636 illu-

99 4666 302 4722 siones
333 4661 684 4721 diabolicae.

98 4773 365 4843 Qualiter
391 4769 524 4828 ordo
555 4770 895 4844 hymnorum,
911 4777 1148 4844 tempore
1175 4771 1408 4844 hiemali
1435 4775 1770 4832 custodiatur

161 4853 219 4901 et
275 4851 514 4971 εἴρων-θα
569 4843 695 4916 qua:
745 4843 1074 4915 regulariter
1116 4843 1326 4915 agenda
1373 4854 1504 4901 sunt
1530 4849 1769 4919 qualiter

161 4933 318 4971 anan
418 4955 434 4968 .
1676 4925 1698 4946 ο

160 4925 434 4988 agantur.
1676 4925 1698 4946 θ

161 5017 210 5070 Α
240 5011 535 5070 Kalendis
560 5012 928 5080 Novembris,
951 5030 1139 5084 usque
1160 5013 1218 5068 in
1237 5019 1414 5087 caput
1437 5017 1765 5091 Quadrage-

94 5105 456 5174 sima,unus
486 5105 760 5157 teneatur
787 5101 928 5157 ordo
958 5101 1682 5174 hymnorum,scilicet,uti
1704 5108 1765 5164 in

93 5192 312 5250 diebus
343 5191 716 5249 brevioribus
743 5190 1040 5248 breviores
1071 5191 1344 5248 dicantur
1372 5193 1674 5267 bymni,et
1705 5197 1766 5252 in

91 5280 472 5356 longioribus
501 5279 908 5354 productiores
941 5281 1120 5337 etiam
1151 5281 1352 5355 hymni
1386 5283 1718 5355 psallantur
1749 5304 1762 5342 :

95 5369 152 5426 id
181 5376 279 5430 est
309 5376 396 5442 ut,
432 5368 748 5428 Dominica
773 5368 1050 5443 Vespera,
1085 5369 1126 5427 0
1156 5370 1258 5426 lux
1287 5371 1475 5442 beata,-
1495 5374 1568 5428 ad
1601 5374 1766 5432 Com-

97 5458 440 5532 pletorium,
475 5458 694 5516 Christe
739 5459 837 5532 qui
883 5459 986 5516 lux
1029 5475 1124 5528 es;
1155 5459 1226 5516 ad
1260 5464 1580 5520 nocturnas
1607 5481 1764 5534 vero,

95 5549 288 5608 Primo
329 5547 600 5614 dierum,-
645 5551 704 5602 et
751 5547 826 5603 ad
869 5549 1194 5604 matutinas
1243 5548 1517 5606 dicatur:
1551 5553 1770 5612 Eteme

95 5654 285 5696 rerum
307 5639 589 5697 conditor.
625 5636 800 5692 Omni
828 5653 964 5693 vero
997 5641 1258 5711 tempore
1289 5639 1362 5696 ad
1391 5646 1766 5715 nocturnam,

99 5727 168 5786 ad
199 5727 594 5797 matutinum,
626 5725 701 5784 ad
730 5741 1055 5803 vesperam,
1082 5728 1337 5806 exceptis
1371 5728 1692 5791 Dominicis
1712 5736 1770 5794 et

1879 3398 2030 3456 versi
2061 3397 2430 3464 conveniant,
2463 3397 2733 3469 factaque.
2762 3399 3022 3454 oratione
3050 3399 3261 3455 Laudes
3277 3399 3533 3472 psallunt

1881 3487 2512 3553 matutinales.Quibus
2529 3485 2731 3554 finitis,
2747 3486 2946 3542 dicant
2961 3486 3315 3559 antipbonas
3331 3505 3532 3560 supra-

1880 3577 2068 3633 dictas
2096 3593 2282 3649 usquc
2313 3576 2384 3632 ad
2415 3576 2727 3632 adventum
2761 3575 3015 3644 Domini,
3049 3593 3196 3648 quas
3243 3582 3528 3650 sequatur

1878 3666 2090 3734 Prima,
2141 3670 2198 3721 et
2249 3663 2532 3737 speciales
2577 3663 2811 3736 psalmi,
2861 3668 2920 3720 et
2964 3663 3190 3733 litania,
3225 3670 3356 3738 post
3402 3665 3523 3724 hmo

1877 3755 2256 3829 egrediantur
2294 3752 2620 3822 ecclesiam,
2655 3757 2829 3826 atque
2874 3753 2933 3810 in
2981 3751 3312 3825 lectionem,
3345 3771 3524 3812 sacra

1879 3844 2087 3901 animae
2135 3844 2462 3918 profectum
2517 3841 2894 3916 meditcntur,
2935 3859 3122 3917 usque
3171 3845 3243 3901 ad
3289 3848 3524 3919 tempus

1878 3934 2304 4008 supradictum.

1947 4027 1995 4080 A
2041 4023 2353 4080 festivitate
2403 4021 2590 4080 sancti
2640 4021 2898 4093 Martini,
2940 4023 3172 4081 refectis
3220 4024 3523 4096 fratribus,

1877 4111 2186 4170 ecclesiam
2215 4111 2596 4180 intrantibus,
2631 4116 2840 4186 agatur
2867 4112 3106 4186 signum
3143 4114 3338 4186 Nonae,
3370 4115 3526 4190 quod

1877 4207 2160 4276 sequatur
2187 4202 2316 4276 ipsa
2345 4201 2681 4275 laus,quam
2703 4203 2914 4261 Nonum
2935 4219 3051 4260 non
3069 4203 3336 4276 sequitur
3351 4209 3526 4278 potus

1876 4309 2065 4366 usque
2097 4293 2168 4348 ad
2202 4291 2672 4348 Puriilcationem
2705 4297 2919 4349 sanctis
2952 4292 3168 4359 Mariae,
3200 4292 3285 4349 sic
3332 4293 3526 4366 agitur

1875 4381 2152 4438 omnibus
2169 4379 2532 4438 solemnibus
2563 4379 2948 4437 diebus.Aliis
2975 4397 3108 4436 vero
3136 4381 3525 4453 diebusjuxta

1874 4469 2278 4542 supradictum
2298 4470 2564 4527 ordinem
2583 4469 2893 4542 faciant,ut
2906 4467 3172 4526 videlicet
3189 4469 3338 4526 facto
3353 4469 3524 4544 signo

1875 4559 2124 4616 calcient
2151 4576 2234 4629 se,
2267 4563 2325 4614 et
2356 4558 2584 4632 reliqua
2615 4558 2833 4626 omnia,
2865 4557 3018 4614 sicut
3047 4557 3270 4614 dictum
3302 4563 3392 4616 est
3407 4557 3524 4616 im-

1798 4673 1845 4740 D
1875 4649 2093 4740 pleant,
2121 4649 2180 4740 in
2215 4648 2465 4740 adventu
2487 4646 3084 4740 ΔΒυξῑιῇἰιιίἷ-ρ-ἰῐιξςιιεξίξο
3132 4645 3522 4740 interdicitur,

1877 4739 2100 4796 scilicet
2129 4736 2296 4804 lardi,
2329 4737 2443 4792 nisi
2478 4735 2697 4794 festivis
2729 4736 2956 4793 diebus.
2987 4735 3244 4810 Vespera
3266 4737 3528 4810 quotidie

1878 4845 2069 4883 mores
2120 4825 2290 4882 solito
2339 4831 2568 4899 agatur,
2604 4830 2667 4882 ut
2710 4825 2932 4882 scilicet
2963 4843 3072 4882 suo
3101 4829 3362 4901 tempore
3393 4832 3528 4901 post.

1877 4932 2144 4973 mensam
2175 4915 2518 4972 celebretur.

1879 5025 2124 5096 Qualiter
2151 5025 2347 5094 vigilia
2375 5021 2586 5080 Natalis
2615 5023 2854 5089 Domini,
2883 5030 2934 5078 et
2961 5021 3028 5078 ab
3057 5021 3244 5079 eadem
3268 5024 3526 5082 solemni-

2035 5105 2140 5153 tate
2168 5111 2339 5168 usque
2369 5096 2425 5150 in
2457 5095 2912 5167 septuagesimum
2936 5096 3030 5166 agi
3058 5097 3360 5152 conveniat.

1947 5195 2012 5252 In
2042 5193 2242 5268 vigilia
2270 5191 2494 5250 Natalis
2520 5191 2777 5263 Domini,
2807 5191 2952 5248 dum
2995 5193 3263 5265 ejusdem
3313 5192 3528 5252 natalis

1877 5283 2096 5340 mentio
2127 5301 2160 5340 a
2189 5282 2402 5340 lectore
2431 5281 2713 5339 recitatur
2738 5280 2798 5338 in
2829 5280 3106 5354 capitulo,
3139 5299 3345 5340 omnes
3373 5282 3530 5356 pari-

1875 5377 1966 5430 ter
1993 5377 2301 5447 surgentes
2331 5389 2483 5447 gcnu
2516 5371 2775 5443 flectant,
2787 5371 3006 5446 gratias
3037 5376 3276 5446 agentes
3293 5377 3532 5446 propter

1876 5464 2006 5536 ejus
2035 5463 2391 5520 ineffabilem
2423 5461 2720 5535 pietatem,
2754 5479 2872 5536 qua
2901 5461 3194 5518 mundum
3237 5477 3272 5516 a
3299 5459 3529 5534 laqueis

1877 5551 2094 5609 diaboli
2112 5553 2524 5625 redempturus
2541 5551 3132 5608 descendit.Sabbato
3145 5566 3375 5623 quoque
3396 5567 3528 5607 san-

1876 5646 1946 5697 tte
1978 5641 2389 5710 Pascbaa,dum
2419 5657 2454 5695 a
2481 5657 2660 5712 puero
2692 5639 3060 5696 Resurrectio
3091 5637 3322 5694 Domini
3342 5636 3528 5694 nostri

1875 5733 2017 5792 Jesu
2047 5729 2262 5790 Christi
2295 5727 2524 5811 legitur,
2541 5741 2900 5811 quamquam
2931 5727 2992 5784 in
3023 5723 3434 5804 martyrologio
3463 5725 3523 5788 id
