3912 6368
161 416 281 493 4'89

1305 436 1407 496 DE
1456 436 1836 496 REGIMINE
1880 435 2457 501 MONACIIORUM.

3466 404 3586 501 490

165 565 476 642 duplicans
507 582 635 637 eam
666 566 1073 639 circumponat
1094 568 1203 623 sibi
1227 567 1287 622 in
1311 569 1552 624 sinistra
1587 569 1825 640 scapula
1856 572 1909 635 Α
1940 571 2312 641 passionibus
2326 576 2561 643 excepta
2576 588 2895 644 parascevze
2912 572 3179 644 passione
3193 572 3581 629 ubineutrum

164 659 483 713 annectens
516 655 760 712 alteram
796 657 1200 712 summitatem
1231 658 1359 728 ejus
1391 658 1625 729 cingulo
1658 658 1821 713 albae.

163 745 404 801 Peracto
421 745 860 800 communionis
884 750 1271 813 sacramento,
1294 746 1498 802 induat
1518 764 1646 801 eam
1672 751 1827 801 ante-

162 850 339 906 quam
358 832 601 888 collecta
619 834 880 889 finiatur.
898 834 957 888 In
974 835 1330 906 supradictis
1349 836 1555 889 diebus
1574 837 1826 902 Quadra-

161 923 379 994 gesina:
411 922 711 995 completce
744 923 1014 995 pulsetur
1043 924 1280 996 signum
1322 925 1393 979 ad
1440 942 1732 995 vesperas,
1767 931 1825 979 et

158 1017 373 1084 agatur
404 1012 622 1079 oratio;
659 1012 869 1067 dehinc
900 1011 959 1067 in
993 1011 1295 1067 intervalla
1327 1031 1440 1084 quo
1474 1014 1643 1085 signa
1694 1014 1821 1085 pul-

159 1104 391 1168 santur,
426 1104 563 1155 cant
594 1098 850 1155 ministri
884 1100 1144 1172 accipere
1188 1100 1458 1169 mixtum,
1495 1102 1592 1173 qui
1626 1100 1821 1154 volue-

161 1189 412 1261 rint,qui
426 1206 557 1245 vero
572 1188 1175 1244 noluerintlicentiam
1192 1190 1413 1244 habean
1427 1196 1445 1245 t
1459 1191 1512 1244 di
1526 1191 1598 1244 mi
1613 1191 1792 1244 ttendi
1806 1234 1818 1257 ,

159 1282 216 1332 et
246 1277 392 1348 quia
421 1277 632 1349 regula:
662 1282 933 1332 tenemus
964 1283 1375 1332 ornamentum
1402 1279 1459 1332 in
1486 1279 1575 1332 his
1600 1280 1819 1333 sanctis

157 1365 372 1421 diebus
404 1364 875 1436 Quadragesimze
898 1365 1120 1438 aliquid
1146 1366 1315 1422 nobis
1338 1366 1587 1437 augendi
1613 1366 1818 1421 divina}

160 1454 427 1509 servituti
461 1456 534 1509 ad
567 1452 807 1510 solitum
840 1472 1089 1524 pensum
1124 1461 1334 1510 nostrae
1359 1457 1817 1523 servitutis,cen-

159 1543 393 1598 suimus
429 1549 493 1598 ut
522 1561 557 1597 a
580 1544 767 1616 capite
799 1545 1267 1617 Quadragesiina:
1293 1547 1566 1618 usquead
1594 1564 1815 1600 (venam

158 1632 652 1702 Domini,festivis
672 1634 928 1704 exceptis
948 1634 1451 1706 diebus,quotidie
1474 1641 1605 1706 post
1627 1634 1817 1706 exple-

156 1722 381 1777 tionem
414 1722 884 1794 uniuscujusque
907 1722 1060 1777 hora:
1083 1723 1231 1777 duos
1259 1723 1517 1795 psalmos
1540 1724 1817 1795 prostrati

158 1810 282 1867 solo
313 1810 551 1867 oratorii
584 1828 923 1884 peroremus
955 1811 1164 1879 devoti,
1186 1828 1251 1867 eo
1270 1813 1813 1882 scilicetordineut,

160 1899 471 1957 Matutinis
502 1900 708 1969 finitis,
740 1917 876 1956 mox
898 1901 1169 1957 dicantur
1195 1902 1309 1958 duo
1332 1902 1543 1974 psalmi
1566 1904 1810 1971 Domine,
1845 1943 1893 2007 Β

155 2007 225 2047 ne
248 1993 311 2047 in
337 1991 550 2062 furore,
586 1990 639 2055 1,
672 1995 730 2045 et
759 1990 838 2045 Ad
867 1992 1179 2057 Dominum,
1213 1993 1380 2062 Kyrie
1408 1993 1629 2058 eleisou,
1655 1994 1815 2047 Pater

154 2088 361 2145 noster,
391 2084 451 2135 et
482 2094 683 2151 preces
715 2096 819 2151 pro
854 2080 1109 2150 peccatis
1132 2084 1188 2134 et
1211 2081 1417 2135 oratio.
1438 2082 1521 2135 Ad
1546 2082 1814 2149 Primam,

158 2170 309 2225 Beati
358 2184 595 2240 quorum
641 2170 697 2223 et
744 2169 959 2232 Levavi,
1004 2171 1061 2223 et
1110 2167 1335 2240 reliqua
1385 2173 1449 2224 ut
1499 2187 1696 2241 supra.
1729 2171 1813 2225 Ad

162 2259 415 2325 Tertiam,
449 2258 696 2324 Domine,
729 2273 800 2313 ne
830 2258 889 2311 in
910 2259 1119 2327 furore,
1151 2260 1205 2324 2,
1240 2261 1297 2312 et
1328 2259 1813 2313 Lwtutusszmz.Ad

156 2349 400 2412 Sea-tam,
434 2346 688 2401 Miserere
715 2347 846 2412 mei,
881 2347 1018 2402 Deus
1049 2350 1105 2401 et
1135 2346 1213 2400 Ad
1259 2354 1309 2402 te
1358 2348 1549 2404 levavi.
1576 2348 1659 2402 Ad
1710 2348 1815 2402 No-

154 2454 306 2502 num,
338 2436 569 2492 Domine
597 2435 823 2501 exatuii,
854 2438 910 2491 et
936 2436 1059 2490 Nisi
1100 2437 1228 2507 quia
1259 2437 1543 2492 Dominus.
1576 2438 1660 2491 Ad
1696 2438 1815 2492 Vcs-

152 2542 368 2598 peram,
398 2524 475 2579 De
499 2523 816 2596 profundis,
849 2527 907 2579 et
939 2524 1045 2591 Qui
1072 2522 1369 2594 conﬁdunt.
1401 2525 1486 2578 Ad
1519 2523 1814 2595 Completo-

154 2618 328 2682 rium,
360 2616 593 2670 Domine
611 2613 836 2679 exaudi,
850 2615 906 2681 2,
920 2618 977 2669 et
997 2613 1059 2667 In
1077 2614 1448 2681 eonvertendo,
1466 2618 1529 2670 ut
1552 2614 1818 2671 videlicet

154 2723 256 2778 per
267 2701 541 2777 singulas
554 2701 728 2758 horas
746 2718 899 2758 unus
918 2702 1147 2758 dicatur
1158 2703 1423 2775 psalmus
1438 2703 1814 2775 poenitentiae,

154 2802 209 2851 et
240 2791 392 2850 alter
421 2793 738 2865 graduum.
773 2808 888 2864 quo
921 2796 978 2847 et
1008 2809 1114 2846 nos
1148 2797 1519 2864 peccatorum
1572 2793 1819 2848 nexibus

155 2880 374 2957 expiati
407 2882 697 2937 virtutum
729 2881 1009 2954 gradibus
1041 2897 1298 2953 superna
1346 2883 1723 2947 scandamus,
1759 2881 1818 2935 in

155 2973 379 3045 quibus
396 2964 607 3026 diebus
625 2970 1097 3042 Quadragesima:
1116 2987 1217 3042 per
1234 2973 1350 3025 tres
1368 2969 1587 3041 priores
1610 2969 1821 3024 hebdo-

157 3061 369 3117 madas
396 3060 519 3115 sint
566 3058 761 3125 irrasi,
793 3059 1091 3115 mediante
1143 3075 1273 3113 vero
1324 3058 1819 3131 quadragesimali

154 3155 446 3223 tempore,
481 3165 698 3203 rasura)
730 3147 921 3203 ofﬁcio
953 3146 1205 3219 pilorum
1237 3147 1486 3204 evellant
1516 3147 1821 3220 superﬂui-

157 3244 368 3295 tatem.

1935 659 2164 715 dicatur
2212 678 2314 715 nec
2363 662 2627 717 Dominus
2677 662 2973 727 vobiscum,
3001 678 3105 717 nec
3139 661 3323 717 Gloria
3355 662 3458 718 tibi
3484 662 3589 723 Do!

1934 750 2099 803 mine.
2134 748 2349 815 Quinta
2382 750 2525 805 feria
2554 768 2680 822 qua:
2732 752 2789 806 ct
2837 751 3005 807 Canna
3052 748 3286 805 Domini
3351 748 3589 821 dicitur,

1936 838 2275 892 nocturnale
2335 840 2598 893 officium
2658 844 2869 907 agatur
2924 840 3253 895 secundum
3314 839 3469 911 quod
3524 840 3585 896 in

1933 931 2025 978 ant
2043 925 2276 997 iphonio
2311 927 3003 999 habetur.Compcrimus
3025 927 3204 983 etiam
3227 927 3288 982 in
3313 945 3588 1000 quorum-

1932 1014 2067 1067 dam
2101 1014 2506 1085 religiosorum
2534 1016 2795 1071 ecclesiis
2848 1018 3131 1089 quiddam
3181 1017 3326 1087 fieri,
3364 1032 3477 1089 quo
3511 1018 3583 1073 ad

1932 1103 2265 1157 animarum
2298 1106 2808 1176 compuucticmem
2843 1105 3167 1178 spiritualis
3191 1106 3271 1159 rei
3298 1106 3582 1161 indicium

1931 1195 2193 1245 exortum
2228 1198 2337 1260 est,
2370 1194 2638 1248 videlicet
2672 1199 2734 1248 ut
2758 1199 2986 1266 peracto
3006 1195 3291 1267 quidquid
3311 1195 3381 1250 ad
3408 1186 3585 1249 canti-

1930 1278 2123 1334 lenam
2159 1281 2315 1335 illius
2337 1282 2521 1337 noctis
2544 1284 2814 1353 pertinet,
2831 1284 3239 1355 Evangeliique
3263 1302 3331 1337 an
3344 1283 3583 1356 tiphona

1932 1370 2118 1435 ﬁnita,
2153 1370 2416 1442 nihilque
2438 1372 2567 1442 jam
2599 1389 2899 1427 cereorum
2929 1372 3173 1427 luminis
3222 1374 3581 1438 remanente,

1930 1457 2047 1512 sint
2081 1459 2195 1513 duo
2229 1461 2301 1513 ad
2327 1460 2431 1513 hoc
2456 1460 2610 1514 idem
2634 1460 2912 1515 destinati
2934 1460 3101 1532 pueri
3125 1461 3182 1515 iu
3202 1460 3402 1515 dextra
3424 1458 3587 1531 parte

1929 1546 2109 1613 chori,
2131 1550 2231 1618 qui
2258 1567 2466 1603 sonora
2489 1549 2745 1620 psallunt
2772 1567 2904 1603 voce
2930 1551 3104 1621 Ii'yrie
3123 1549 3587 1620 cleisou.,duoque

1930 1635 1987 1688 in
2023 1635 2262 1690 sinistra
2294 1642 2456 1709 parte
2490 1637 2784 1706 similiter,
2818 1638 2918 1709 qui
2951 1638 3343 1710 respondeant
3375 1636 3586 1693 Christe

1927 1725 2148 1793 eleison,
2186 1744 2288 1779 nec
2330 1744 2443 1781 non
2494 1731 2550 1781 ct
2598 1726 2657 1780 in
2708 1725 3053 1783 occidentali
3103 1729 3268 1799 parte
3318 1727 3433 1782 duo
3482 1726 3584 1798 qui

1928 1813 2126 1868 dicant
2182 1815 2425 1882 Domine,
2476 1817 2736 1871 miserere
2788 1815 2981 1881 nobis;
3031 1815 3247 1887 quibus
3306 1812 3580 1887 peractis,

1931 1902 2277 1974 respondeat
2303 1902 2481 1959 simul
2525 1904 2716 1960 omnis
2768 1902 3003 1972 chorus,
3040 1904 3286 1960 Christus
3316 1904 3581 1959 Dominus

1927 1994 2101 2062 frictus
2125 2000 2205 2047 est
2230 1993 2481 2048 obediens
2511 2009 2681 2065 usque
2710 1992 2780 2048 ad
2829 2000 3075 2049 mortem.
3110 1992 3357 2049 Demum
3409 1990 3578 2064 pueri
3646 2044 3649 2045 ν

1926 2081 2264 2137 dexterioris
2299 2082 2458 2137 chori
2491 2086 2755 2153 repetant
2786 2100 2914 2154 qua)
2940 2099 3140 2154 supra,
3167 2081 3372 2137 eodem
3404 2082 3578 2137 modo

1926 2187 2039 2241 quo
2091 2188 2287 2242 supra,
2340 2188 2643 2243 usquequo
2701 2170 2915 2226 chorus
2967 2170 3135 2226 finiat
3192 2187 3319 2243 qua:
3379 2174 3578 2243 supra.

1927 2259 2202 2330 Idemque
2221 2259 2388 2315 tertio
2414 2264 2678 2332 repetant
2700 2260 2902 2315 eodem
2926 2260 3150 2316 ordine.
3166 2258 3389 2326 Quibus
3411 2259 3581 2315 tertio

1928 2347 2129 2414 linitis,
2165 2353 2340 2418 agant
2372 2350 2580 2404 tacitas
2611 2350 2916 2421 genuflexo
2948 2366 3110 2405 more
3142 2348 3313 2405 solito
3353 2364 3576 2422 preces.

1928 2436 2031 2502 Qui
2048 2437 2188 2491 ordo
2207 2437 2386 2492 trium
2407 2438 2665 2493 noctium
2682 2438 3333 2494 unit‘ormitertcneatur
3345 2437 3415 2494 ab
3432 2437 3579 2493 illis:

1928 2525 2027 2597 qui
2058 2530 2121 2581 ut
2153 2543 2281 2581 reor
2311 2525 2719 2582 ecclesiastica:
2752 2526 3222 2598 compunctionis
3255 2544 3399 2584 usus
3428 2543 3462 2582 a
3482 2543 3583 2582 ca-

1928 2613 2161 2670 tholicis
2208 2615 2336 2671 ideo
2388 2619 2651 2688 repertus
2699 2620 2808 2686 est,
2860 2620 2925 2673 ut
2974 2615 3347 2672 tenebrarUm
3398 2616 3585 2673 terrOr

1929 2703 2050 2775 (qui
2072 2702 2431 2775 tripertitum
2451 2704 2739 2759 mundum
2764 2702 3068 2759 Dominica
3086 2702 3358 2775 passione
3374 2702 3584 2759 timore

1928 2791 2177 2863 percutit
2195 2791 2471 2861 insolito),
2490 2810 2556 2848 ac
2579 2791 2908 2865 apostolica:
2932 2791 3363 2865 praedicationis
3385 2808 3585 2849 conso-

1927 2880 2067 2936 latio
2102 2885 2250 2953 (qua)
2287 2882 2557 2937 universo
2589 2881 2810 2937 mundo
2834 2879 3132 2937 Christum
3155 2879 3276 2952 pati
3298 2894 3484 2953 usque
3506 2881 3580 2936 ad

1930 2975 2175 3024 mortem
2209 2988 2310 3042 pro
2343 2971 2572 3043 generis
2604 2970 2875 3025 humana:
2901 2969 3088 3025 salute
3110 2969 3477 3026 obedientem
3500 2970 3583 3041 re-

1927 3059 2237 3128 velaverat)
2299 3059 2780 3116 manifestissime
2839 3060 3204 3132 designetur.
3260 3059 3390 3114 Hinc
3442 3052 3579 3134 ergo

1930 3148 2242 3205 inserenda
2273 3149 2632 3217 censuimus,
2654 3154 2720 3203 ut
2741 3149 2787 3203 si
2809 3149 3027 3221 quibus
3049 3148 3372 3204 devotionis
3394 3147 3584 3222 gratia

1930 3236 2415 3309 complacuerint,
2445 3238 2699 3293 habeant
2727 3237 2787 3293 in
2818 3238 2911 3293 his
2936 3239 3090 3295 unde
3111 3238 3292 3311 hujus
3313 3238 3393 3294 rei
3420 3228 3582 3312 igua-

228 3327 544 3384 Dominica
574 3326 665 3382 die
700 3325 1054 3394 Palmarum,
1090 3327 1231 3399 quia
1262 3327 1449 3398 major
1478 3331 1659 3381 restat
1689 3340 1819 3397 pro-
1850 3312 1893 3381 C
1934 3343 2028 3381 ros
2051 3325 2376 3395 instruant;
2397 3326 2497 3397 qui
2519 3332 2716 3382 autem
2741 3327 3053 3396 noluerint,
3070 3327 3141 3382 ad
3160 3326 3267 3383 hoc
3290 3328 3583 3400 agendum

161 3417 350 3474 cessio
384 3417 632 3489 agenda,
654 3414 757 3470 illa
787 3432 914 3487 qum
936 3415 1082 3472 solet
1105 3416 1164 3472 iu
1188 3415 1444 3471 claustro
1468 3415 1559 3487 agi
1586 3414 1820 3469 interim

162 3509 307 3564 dum
339 3505 709 3561 matutinalis
741 3504 924 3560 missa
956 3505 1207 3571 canitur,
1241 3507 1501 3576 agatura
1523 3504 1822 3559 sacerdote

160 3602 401 3652 tantum
442 3595 918 3666 conspersionem
969 3597 1025 3649 et
1073 3594 1540 3648 benedictionem
1590 3597 1818 3665 agente.

163 3685 358 3742 Finita
391 3680 493 3740 illa
519 3683 724 3751 missa;
746 3689 955 3755 agatur
972 3682 1070 3738 illa
1088 3684 1275 3755 major
1290 3682 1583 3754 processio
1602 3683 1658 3736 in
1683 3699 1821 3754 qua,

161 3775 319 3831 sicut
348 3774 412 3829 in
442 3772 623 3845 priori
658 3772 916 3828 diximus
956 3753 1375 3845 agendumﬁta
1396 3770 1687 3842 agatur,id
1711 3775 1819 3838 est,

160 3868 227 3919 ut
257 3863 333 3918 ad
365 3860 531 3917 illam
561 3860 871 3917 ecclesiam
904 3862 1001 3917 ubi
1036 3860 1244 3933 palmae
1279 3864 1419 3916 sunt
1449 3860 1559 3914 sub
1589 3859 1822 3915 silentio

164 3950 489 4007 ordinatim
536 3953 675 4005 eant
720 3948 903 4004 dediti
958 3947 1294 4022 psalmodize
1345 3966 1569 4019 omnes,
1605 3948 1653 4004 si
1702 3947 1823 4004 ﬁeri

164 4044 380 4114 potest,
410 4043 470 4095 ct
499 4038 645 4094 hora
686 4037 1041 4109 permiserit,
1076 4036 1226 4092 albis
1276 4036 1488 4104 induti,
1524 4053 1637 4109 quo
1688 4053 1823 4091 cum

165 4127 540 4204 pervenerint
569 4130 749 4200 agant
770 4114 1095 4183 orationem
1140 4125 1329 4197 ipsius
1378 4126 1565 4181 sancti
1616 4126 1823 4198 implo-

166 4225 365 4276 rantes
398 4215 600 4282 auxilii
631 4216 1132 4283 intercessionem,
1158 4215 1252 4270 cui
1284 4214 1531 4271 ecclesia
1561 4215 1827 4271 dedicata

164 4314 271 4366 est.
308 4306 507 4364 Finita
537 4305 820 4373 oratione,
846 4321 880 4360 a
910 4304 1157 4361 diacono
1190 4303 1418 4377 legatur
1447 4303 1824 4377 Evangelium

168 4400 349 4456 Turba
376 4396 577 4464 multa,
613 4410 800 4467 usque
829 4393 1066 4450 mundus
1098 4402 1236 4451 totus
1272 4402 1394 4467 post
1442 4396 1622 4465 ipsum
1668 4396 1822 4462 abiit,

163 4488 321 4561 quod
367 4488 656 4558 sequatur
703 4482 1034 4539 benedictio
1082 4482 1450 4555 palmarum;
1487 4485 1618 4555 post
1648 4483 1826 4539 bene-

163 4577 491 4633 dictionem
526 4575 917 4651 aspergantur
947 4572 1255 4628 benedicta
1276 4588 1447 4644 aqua,
1473 4576 1530 4625 et
1552 4570 1690 4627 thus
1713 4588 1829 4628 crc-

161 4656 383 4733 metur,
419 4662 634 4718 debinc
658 4660 1829 4733 puerisinchoantibusantiphonasl’ueri
1857 4685 1904 4750 Ι)

161 4755 530 4820 hebraearum,
562 4749 998 4807 distribuantur
1044 4749 1185 4822 ipsa:
1232 4748 1461 4821 palmae,
1496 4754 1552 4805 et
1590 4750 1671 4805 sic
1705 4768 1826 4805 ma-

154 4844 394 4917 joribus
428 4838 771 4913 antiphonis
803 4838 1053 4894 initiatis
1092 4838 1500 4911 egrediantur;
1533 4839 1830 4895 venientes

162 4938 303 4989 ante
336 4928 651 4988 ecclesiam
686 4926 1038 4996 subsistant,
1063 4928 1246 4983 donec
1278 4927 1439 4998 pueri
1465 4927 1563 4998 qui
1589 4944 1827 4999 praeces-

164 5026 397 5088 serunt,
429 5020 767 5081 decantent,
804 5016 989 5072 Gloria
1020 5018 1162 5084 laus,
1197 5033 1331 5071 cum
1352 5017 1617 5071 versibus
1640 5018 1829 5071 omni-

164 5111 299 5177 bus,
335 5109 495 5165 sicut
526 5123 656 5161 mos
687 5108 796 5173 est,
830 5106 973 5159 Laus
1003 5108 1059 5160 et
1087 5106 1272 5161 Gloria
1301 5105 1824 5176 respondentibus;

165 5199 387 5273 quibus
419 5195 628 5264 ﬁnitis;
656 5194 972 5267 incipiente
1004 5198 1240 5249 cantore
1271 5193 1706 5265 responsorium
1739 5195 1827 5248 In-

165 5289 444 5359 gredienle
474 5286 729 5352 Domino,
764 5282 1104 5356 aperiantur
1134 5288 1345 5356 portae;
1381 5282 1831 5355 ingrcssi,tinito

168 5375 571 5451 responsorio,
591 5375 770 5446 agant
791 5373 944 5428 sicut
962 5389 1141 5444 supra
1156 5373 1379 5427 dictum
1398 5376 1507 5439 est,
1521 5376 1577 5427 et
1598 5377 1833 5427 teneant

164 5467 395 5538 palmas
412 5466 475 5520 in
501 5462 783 5519 manibus
804 5478 993 5533 usque
1016 5462 1157 5517 dum
1181 5461 1542 5516 oll'ertorium
1567 5468 1829 5529 canetur,

167 5562 221 5613 et
239 5573 340 5612 eas
370 5556 508 5629 post
538 5550 899 5609 oblationem
930 5551 1177 5607 oilerant
1207 5551 1518 5606 sacerdoti.
1544 5552 1623 5606 Ea
1643 5552 1735 5606 die
1759 5552 1831 5606 ad

168 5646 507 5717 passionem
541 5640 780 5709 dicitur,
801 5641 1067 5695 Dominus
1084 5640 1380 5705 vobiscum,
1404 5640 1504 5696 sed
1530 5640 1713 5696 Gloria
1736 5640 1835 5695 tibi

163 5733 409 5810 Domine,
447 5747 571 5790 non
600 5729 989 5803 respondetur
1021 5746 1034 5799 ;
1068 5728 1345 5789 sim'iiitcr
1375 5733 1432 5789 et
1481 5729 1540 5787 in
1592 5729 1833 5809 reliquis

492 5858 766 5923 Paeon.
799 5855 1132 5927 CXXXVII.

1933 3415 2176 3469 minimc
2208 3415 2655 3486 compellantur.

2005 3504 2067 3558 In
2082 3520 2331 3576 quarum
2346 3503 2605 3559 noctium
2622 3504 3007 3576 sequentibus
3025 3505 3232 3561 diebus
3255 3505 3326 3560 ad
3348 3503 3582 3561 nullum

1933 3593 2149 3649 dicitur
2186 3593 2388 3648 horam
2425 3610 2437 3649 :
2474 3595 2614 3649 Deus
2664 3596 2723 3649 in
2770 3594 3106 3667 (uljutorium
3150 3611 3352 3662 meum,
3386 3595 3488 3651 sed
3522 3584 3583 3648 in

1933 3683 2217 3739 directum
2254 3681 2511 3755 capitula
2549 3682 2814 3738 canonici
2864 3699 3074 3738 cursus
3124 3683 3397 3739 dicantur
3430 3699 3445 3738 :
3479 3682 3583 3753 de-

1932 3772 2069 3827 hinc
2126 3788 2351 3838 versus,
2405 3774 2462 3825 et
2512 3772 2837 3843 sequentia.
2874 3771 2936 3826 In
2987 3774 3197 3843 quarta
3248 3788 3382 3828 vero
3440 3762 3584 3829 feria

1933 3861 2136 3916 eadem
2168 3858 2424 3930 capitula
2454 3858 2629 3915 altius
2660 3859 2956 3927 dicuntur,
2980 3861 3045 3914 ut
3074 3857 3147 3914 ab
3179 3857 3457 3915 omnibus
3477 3860 3581 3913 au-

1934 3948 2189 4015 diantur,
2222 3953 2278 4004 et
2309 3964 2581 4019 vespera),
2616 3951 2672 4003 et
2699 3946 3169 4020 completorium,
3205 3948 3429 4005 emicris
3462 3946 3581 4003 die-

1934 4037 2045 4093 bus
2075 4035 2338 4101 minime.
2376 4036 2438 4091 In
2468 4036 2822 4108 supradictis
2864 4036 3136 4094 noctibus
3185 4035 3236 4093 si
3282 4026 3584 4093 matutina:

1936 4130 2070 4182 ante
2100 4125 2290 4182 lucem
2322 4126 2542 4182 fuerint
2570 4126 2771 4196 ﬁnita),
2803 4127 3012 4183 fratres
3058 4127 3160 4200 qui
3190 4127 3483 4184 voluerint
3512 4122 3585 4205 ad

1935 4232 2105 4273 suam
2124 4216 2362 4271 redeant
2378 4215 2663 4288 requiem,
2677 4216 2777 4288 qui
2801 4220 2995 4272 autem
3018 4215 3351 4289 spiritualia
3371 4210 3586 4272 excrci-

1934 4305 2018 4359 tia
2049 4304 2366 4360 maluerint
2395 4322 2529 4360 cum
2562 4322 2795 4361 summo
2826 4304 3137 4378 vigilantes
3157 4303 3389 4362 silentio
3410 4293 3587 4378 (quod

1936 4409 2139 4448 eorum
2173 4392 2484 4448 animabus
2509 4391 2758 4465 expedit,
2797 4409 2969 4447 mane
3002 4392 3151 4447 facto
3182 4390 3241 4446 in
3272 4408 3437 4448 omna
3469 4379 3587 4446 Do.-

1936 4472 2079 4535 mihi
2112 4480 2459 4537 conveniant
2488 4480 2559 4536 ad
2595 4482 2863 4552 Primam,
2898 4497 3014 4553 qua
3061 4496 3269 4537 sonore
3316 4478 3496 4550 dicta,
3530 4472 3588 4536 et

1936 4570 2216 4625 canonico
2262 4586 2445 4635 more,
2476 4568 2698 4624 scilicet
2744 4569 2885 4625 Deus
2931 4571 2991 4624 in
3038 4576 3258 4626 nomtne
3286 4575 3399 4634 tuo,
3433 4560 3587 4626 Beati

1936 4660 2296 4727 immuculuti,
2329 4676 2515 4728 usque
2556 4659 2743 4730 Legem
2788 4672 2944 4730 pone.
2979 4657 3143 4713 Tunc
3188 4657 3342 4714 dicto
3388 4642 3584 4726 versu,

1937 4766 2090 4821 genu
2123 4749 2266 4804 ﬂexo
2294 4752 2574 4821 peragant
2604 4750 2811 4803 cmtera
2841 4748 3112 4816 silentcr;
3146 4752 3279 4820 post
3306 4750 3468 4806 Pater
3495 4740 3591 4805 uo-

1939 4846 2066 4907 ster,
2101 4837 2317 4892 dicitur
2348 4836 2608 4905 silcnter,
2638 4838 2781 4895 Vivet
2801 4838 2991 4893 anima
3017 4854 3155 4907 mea,
3179 4845 3233 4895 et
3250 4837 3498 4895 laudabit
3517 4845 3586 4904 te,

1938 4944 2126 4998 usque
2160 4927 2217 4980 in
2252 4927 2427 4980 ﬁnem
2459 4925 2696 4997 psalmi,
2727 4927 2828 4982 sed
2872 4926 3066 4999 priore
3117 4927 3486 4999 perveniente
3516 4918 3589 4983 ad

1938 5014 2533 5071 confessionislocum
2554 5015 2701 5070 facto
2720 5016 2887 5087 signo
2923 5019 3100 5087 agant
3143 5015 3589 5072 confessionem.

1940 5107 2002 5161 In
2061 5104 2285 5160 caeteris
2343 5104 2505 5159 horis
2560 5103 2835 5159 similiter
2891 5104 3130 5160 residua
3188 5104 3466 5177 capitula,
3518 5105 3592 5160 ad

1943 5196 2193 5259 Tertium,
2227 5211 2261 5247 a
2293 5194 2481 5264 Legem
2514 5209 2675 5264 pone,
2708 5209 2894 5265 usque
2945 5193 3147 5264 Defecit
3195 5193 3503 5261 alta-voce,
3526 5186 3597 5250 et

1940 5302 2163 5351 versus,
2216 5287 2273 5337 et
2332 5285 2538 5337 caetera
2593 5282 2850 5339 silenter.
2901 5282 2984 5339 Ad
3043 5282 3265 5340 Sextum
3304 5282 3592 5356 aDe/‘ecit,

1943 5390 2129 5445 usque
2160 5371 2228 5426 ad
2261 5371 2557 5426 Mirabilia.
2590 5371 2673 5425 Ad
2706 5371 2916 5427 Nonum
2944 5388 2978 5427 a
3008 5369 3291 5429 Mirabilia.
3315 5380 3501 5443 usque
3531 5370 3593 5427 in

1943 5444 2119 5519 ﬁnem
2141 5479 2154 5529 ;
2176 5460 2449 5533 Vespera:
2482 5459 2752 5516 similiter
2772 5478 2983 5517 sonora
3003 5478 3163 5530 voce,
3186 5444 3595 5531 unusquiSque

1944 5551 2209 5626 psalmus
2239 5567 2374 5605 cum
2406 5548 2750 5620 antiphoua,
2775 5553 2832 5604 et
2861 5567 3065 5606 versus
3096 5553 3154 5604 et
3192 5546 3591 5621 Evangeliuni,

1944 5645 2001 5697 et
2029 5644 2235 5696 caetera
2264 5638 2523 5696 silenter.
2558 5634 3016 5710 Completorium
3062 5655 3227 5708 teque
3276 5652 3503 5717 sonore,
3536 5626 3595 5717 βξ.

1941 5734 2078 5810 post
2115 5725 2375 5804 primum
2427 5724 2724 5803 psalmum
2769 5721 3048 5786 canonico
3105 5738 3358 5797 more,m
3387 5716 3456 5791 te,
3488 5712 3591 5782 De:

3194 5850 3274 5913 16
