3912 6380
371 394 484 455 491

1404 392 1471 452 S.
1514 386 1917 452 DUNSTANI
1962 384 2323 449 ARCHIEP.
2371 388 2764 453 CANTUAR.

3670 390 3789 452 492

370 529 541 592 mine,
572 528 807 599 speravi,
851 531 908 581 et
956 526 1333 597 Evangelium,
1383 525 1537 579 Nunc
1584 523 1835 587 dimittis,
1870 524 2021 592 post,
2052 522 2109 588 Α
2140 527 2296 577 moto
2330 523 2758 595 ingrediantur,
2792 524 3038 579 diacono
3071 522 3387 580 dalmatica
3414 522 3620 579 induto
3651 541 3790 579 cum

371 619 535 672 Pater
561 624 762 671 noster.
796 616 858 670 In
881 632 1015 688 pace
1044 617 1103 670 in
1135 614 1394 686 idipsum.
1429 612 1531 667 His
1577 611 1768 666 tribus
1818 609 2025 664 diebus

372 705 567 761 Prima
595 707 849 776 peracta,
885 702 1141 775 psallunt
1171 701 1515 774 psalterium
1543 716 1612 755 ex
1632 698 1858 771 integro
1880 713 2024 753 una-

376 792 616 847 nimiter
646 791 707 846 in
736 792 933 847 choro.
968 792 1103 847 Post
1148 791 1325 863 quod,
1361 787 1649 844 Litaniam
1686 791 1864 859 agant
1893 802 2026 859 pro-

377 880 565 949 strati,
600 881 811 936 deinde
856 880 1091 936 lectioni
1149 882 1374 945 vacent,
1424 893 1610 950 usque
1662 877 1811 931 facto
1861 875 2026 948 signo

377 973 515 1027 eant
543 971 615 1026 ad
647 970 1037 1038 calciandum,
1072 973 1128 1024 et
1160 969 1383 1041 reliqua
1417 984 1574 1022 more
1598 964 1849 1038 regulari
1870 981 2028 1019 com-

379 1059 597 1133 pleant,
622 1060 774 1114 facto
792 1076 1048 1131 namque
1071 1057 1327 1130 capitulo
1350 1054 1691 1110 discalcicnt
1713 1071 1773 1107 se
1799 1053 2026 1122 fratres,

380 1152 438 1204 et
466 1147 753 1203 intrantes
783 1148 1089 1203 ecclesiam
1124 1165 1283 1202 more
1315 1145 1655 1200 obedientize
1704 1143 1898 1197 lavent
1928 1159 2027 1215 pa-

378 1236 638 1293 vimenta
686 1237 962 1305 ccclesiaz,
998 1236 1403 1293 sacerdotibus
1449 1232 1684 1288 interim
1735 1248 1869 1286 cum
1920 1231 2027 1285 mi-

378 1326 583 1382 nistris
613 1326 815 1381 altaris
846 1325 1151 1381 benedicta
1185 1341 1335 1395 aqua
1366 1338 1531 1376 sacra
1563 1320 1769 1375 altaria
1792 1318 2034 1373 lavanti-

377 1414 513 1470 hus.
546 1415 627 1469 Ea
656 1414 809 1469 enim
848 1415 939 1468 die
970 1431 1083 1467 non
1119 1416 1182 1466 tit
1204 1412 1516 1466 celebratio
1539 1410 1730 1463 missm
1752 1408 1810 1461 in
1836 1407 2031 1478 aliquo

378 1502 570 1570 altari,
586 1505 768 1558 donec
792 1504 1046 1557 lavetur:
1068 1502 1283 1574 quibus
1305 1499 1577 1573 peractis,
1602 1498 1737 1552 lotis
1760 1496 2029 1569 pedibus,

379 1590 692 1647 recalcient
722 1609 803 1647 se.
838 1592 1001 1647 Sexta
1033 1594 1287 1663 peracta,
1323 1587 1649 1643 celebretur
1678 1585 2031 1657 missa,pau-

380 1679 621 1753 peribus
652 1685 785 1736 ante
818 1681 888 1735 ad
921 1680 1031 1735 hoc
1062 1677 1319 1735 collectis
1350 1676 1676 1731 secundum
1718 1689 2032 1730 numerum

382 1785 558 1842 quem
589 1770 771 1825 abbas
801 1768 1150 1843 prseviderit,
1185 1766 1396 1821 dehinc
1436 1764 1695 1821 collectis
1728 1764 1786 1818 in
1836 1763 2033 1819 locum

382 1874 733 1932 congruum,
787 1862 922 1915 eant
964 1858 1175 1914 fratres
1207 1856 1277 1910 ad
1318 1854 1613 1928 agendum
1664 1853 2033 1921 mandatum,

384 1947 486 2004 ubi
515 1952 790 2004 canentes
825 1946 1177 2018 antiphonas
1209 1944 1396 2001 eidem
1441 1942 1599 2015 operi
1649 1946 2036 2015 congruentes

383 2035 580 2092 lavent
607 2039 664 2091 et
695 2039 997 2109 extergant
1025 2036 1202 2108 pedes
1224 2049 1568 2105 pauperum,
1589 2036 1761 2103 atque
1777 2030 2038 2087 osculcn-

383 2128 502 2191 tur,
534 2127 591 2180 et
617 2124 756 2179 data
783 2140 939 2196 aqua
966 2122 1240 2179 manibus
1272 2138 1495 2189 eorum,
1521 2122 1735 2176 dentur
1754 2119 1839 2175 eis
1858 2120 2034 2175 etiam

383 2211 623 2280 cibaria,
658 2211 875 2284 ﬁatque
908 2212 1234 2267 secundum
1267 2210 1501 2266 abbatis
1533 2207 1847 2265 arbitrium
1868 2207 1928 2263 in
1952 2207 2035 2264 eis

381 2299 717 2357 distributio
748 2315 1149 2356 nummorum.

452 2388 674 2446 Dehinc
704 2389 847 2445 hora
874 2406 1133 2462 congrua
1174 2392 1381 2461 agatur
1426 2388 1599 2443 Nona.
1634 2388 1757 2453 Qua
1803 2390 2036 2442 cantata

381 2479 454 2535 ob
477 2495 757 2535 arcanum
790 2479 1101 2552 cujusdam
1130 2476 1393 2550 mysterii
1414 2475 1719 2544 indicium,
1741 2474 1789 2531 si
1809 2476 1889 2531 ita
1910 2474 2034 2547 pla-

381 2567 585 2638 cuerit,
621 2567 873 2624 induant
918 2585 979 2623 se
1030 2567 1258 2634 fratres,
1294 2571 1351 2621 et
1401 2570 1647 2638 pergant
1694 2564 1766 2619 ad
1815 2564 2032 2620 ostium

381 2655 639 2713 ecclesia:
671 2657 921 2713 ferentes
954 2656 1187 2712 hastam
1230 2672 1364 2711 cum
1416 2653 1671 2726 imagine
1720 2653 2031 2725 serpentis,

382 2745 580 2818 ibique
612 2745 765 2818 ignis
796 2746 867 2801 de
890 2745 1053 2801 silice
1085 2743 1449 2811 excutiatur;
1481 2741 1579 2798 illo
1625 2742 1933 2797 benedicto
1960 2743 2032 2797 ab

381 2835 611 2904 abbate,
645 2834 908 2906 candela,
944 2851 1071 2907 qua:
1106 2850 1267 2889 more
1300 2830 1586 2904 serpentis
1618 2831 1796 2886 inﬁxa
1826 2836 1934 2899 est,
1959 2831 2033 2887 ab

377 2922 478 2979 illo
503 2925 877 2979 accendatur.
912 2924 1123 2995 Sicque
1155 2922 1365 2977 mdituo
1416 2921 1647 2976 hastam
1689 2921 2032 2990 deportante

378 3010 573 3068 cuncti
594 3013 802 3068 fratres
823 3011 1066 3067 chorum
1091 3011 1797 3085 ingrediantur,unusque
1820 3007 2030 3063 dehinc

377 3116 580 3156 cereus
610 3116 679 3155 cx
710 3099 809 3155 illo
845 3098 1212 3153 illuminetur
1237 3099 1391 3169 igne.
1426 3098 1599 3151 Sexta
1634 3096 1778 3150 feria
1824 3095 2028 3150 eodem

373 3188 576 3244 ordino
606 3190 817 3260 agatur
844 3203 909 3242 ac
940 3203 973 3241 a
1002 3186 1221 3241 decano
1254 3189 1535 3258 portetur.
1570 3184 1823 3239 Sabbato
1864 3182 2026 3238 simi-

2135 614 2294 666 textu
2326 611 2641 684 Evangelii,
2675 612 3137 685 praecedentibus
3160 612 3365 682 cereis,
3386 616 3443 669 et
3463 612 3790 680 thurihulo,

2133 698 2479 772 legeturque
2511 700 2892 775 Evangelium
2944 702 3273 757 secundum
3321 703 3610 758 Joannem
3659 702 3797 757 Ante

2134 788 2280 843 diem
2308 790 2527 859 festum,
2566 790 2749 845 donec
2789 790 3255 846 tintinnabulum
3307 790 3576 864 pulsetur
3607 808 3621 844 :
3654 794 3797 846 tunc

2137 878 2497 950 princedente
2518 880 2887 951 processione
2911 880 3310 951 subsequatur
3330 878 3523 934 omnis
3554 896 3797 953 congre-

2137 966 2313 1039 gatio,
2350 967 2695 1039 cunctisque
2735 966 2791 1023 in
2847 968 3149 1024 refectorio
3199 967 3593 1024 residentibus
3639 968 3796 1024 idem

2138 1056 2421 1111 diaconus
2446 1061 2610 1111 stans
2634 1062 3025 1129 prosequatur
3044 1056 3335 1131 Evangelii
3360 1057 3801 1129 sequentia,im-

2140 1144 2329 1216 posito
2359 1163 2537 1217 super
2568 1147 2817 1201 ambonc
2838 1146 3169 1219 Evangelio.
3195 1145 3434 1202 Interim
3458 1146 3642 1201 abbas
3663 1164 3798 1219 pro-

2140 1234 2395 1305 pinando
2413 1235 2669 1290 circueat
2687 1236 2892 1291 fratres
2911 1252 3044 1291 cum
3069 1234 3323 1308 singulis
3342 1234 3579 1307 potibus
3600 1236 3804 1309 singu-

2139 1320 2331 1376 lorum
2363 1322 2640 1378 osculans
2673 1340 2909 1392 manus,
2942 1341 3059 1396 qua
3089 1327 3327 1396 peracta
3365 1323 3803 1379 ministratione

2143 1411 2432 1466 residente
2464 1412 2673 1468 abbate
2706 1412 2959 1479 dicatur,
2996 1414 3069 1467 Tu
3099 1421 3299 1480 autem,
3325 1413 3747 1468 Domine.Tunc
3772 1430 3807 1467 a

2142 1498 2332 1570 priore
2365 1501 2706 1572 propinetur
2745 1500 2963 1569 abbati,
2998 1506 3054 1556 et
3086 1500 3327 1573 reliquis
3378 1500 3667 1557 ministris
3697 1501 3805 1574 qui

2144 1588 2516 1644 assistebant.
2532 1588 2959 1663 Evangelioque
2983 1590 3145 1645 finito
3168 1590 3520 1662 potibusque
3546 1589 3804 1660 haustis,

2143 1678 2420 1748 procedat
2449 1678 2762 1749 processio,
2778 1683 2833 1735 et
2855 1684 3071 1735 exuant
3090 1696 3152 1735 se
3170 1677 3641 1751 fratres,sintque
3663 1696 3805 1736 cum

2144 1764 2389 1838 reliquis
2420 1767 2491 1822 ad
2525 1766 2964 1840 complendum.

2217 1854 2355 1909 Inde
2386 1872 2710 1928 parascevze
2741 1861 2951 1929 agatur
2981 1860 3268 1913 nocturna
3291 1856 3420 1913 laus
3446 1857 3601 1913 sicut
3620 1875 3808 1932 supra

2145 1941 2368 1998 dictum
2401 1948 2490 2000 est
2519 1960 2533 1998 :
2567 1948 2700 2016 post
2726 1945 2847 2000 haec
2878 1944 3177 2001 venientes
3209 1946 3279 2000 ad
3303 1947 3569 2015 Primam,
3594 1947 3808 2004 discal-

2147 2031 2302 2099 ciati,
2338 2049 2543 2089 omnes
2575 2034 2847 2105 incedant
2876 2050 3185 2107 quousque
3217 2052 3359 2091 crux
3391 2036 3805 2094 adoretur.Ea-

2146 2120 2277 2175 dem
2297 2121 2454 2176 enim
2470 2122 2717 2179 diehora
2734 2140 2889 2179 nona
2904 2124 3086 2179 abbas
3104 2140 3240 2179 cum
3260 2124 3541 2181 fratribus
3564 2127 3808 2183 accedat

2148 2210 2218 2265 ad
2251 2210 2582 2281 ecclesiam,
2620 2212 2718 2284 qui
2752 2213 2893 2268 dum
2921 2217 3157 2285 peracta
3186 2212 3447 2270 oratione
3494 2230 3631 2270 cum
3683 2215 3806 2270 mi-

2146 2298 2350 2354 nistris
2379 2298 2579 2355 altaris
2611 2317 2770 2357 more
2802 2300 2972 2358 solito
2994 2300 3238 2358 indutus
3273 2302 3449 2359 fuerit
3466 2304 3709 2362 veniens
3733 2305 3810 2361 de

2146 2388 2413 2445 sacrario
2432 2393 2567 2446 ante
2596 2390 2804 2446 altaria
2834 2390 3115 2447 orationis
3147 2391 3335 2464 gratia
3366 2392 3503 2448 inde
3551 2410 3690 2449 cum
3724 2394 3807 2451 si-

2144 2476 2325 2534 lentio
2356 2480 2427 2533 ad
2461 2480 2659 2536 sedem
2691 2481 2930 2536 accedat
2960 2481 3286 2552 proprium,
3318 2485 3459 2537 tunc
3489 2482 3806 2539 subdiaco-

2146 2583 2259 2623 nus
2289 2568 2569 2623 ascendat
2600 2569 2671 2624 ad
2706 2568 3017 2641 legendum
3053 2568 3362 2625 lectionem
3386 2570 3528 2626 Osee
3549 2572 3806 2644 prophe-

2145 2661 2236 2724 tae,
2271 2656 2333 2711 In
2362 2657 2717 2713 tribulatione
2744 2674 2867 2726 sua,
2899 2658 3167 2730 sequitur
3200 2659 3664 2730 responsorium,
3698 2661 3806 2716 Do-

2141 2747 2292 2802 mine
2318 2746 2528 2815 audivi,
2562 2763 2696 2801 cum
2731 2748 2761 2800 4
2792 2745 3058 2802 versibus
3093 2751 3344 2819 :,postea
3375 2747 3591 2803 dicitur
3613 2749 3806 2805 oratio

2143 2834 2215 2889 ab
2248 2834 2457 2890 abbate
2508 2851 2641 2889 cum
2690 2834 3117 2905 genuflexione,
3149 2835 3288 2889 Deus
3317 2852 3475 2907 aquo
3518 2844 3571 2892 et
3604 2836 3803 2893 Iudas.

2142 2922 2360 2977 Deinde
2389 2921 2605 2994 legitur
2650 2921 2766 2976 alia
2810 2920 3001 2987 lectio,
3035 2923 3191 2977 Dicit
3231 2923 3496 2979 Dominus
3539 2924 3612 2980 ad
3660 2925 3810 2999 Moy-

2138 3027 2252 3078 sen,
2287 3010 2556 3081 sequitur
2584 3013 2809 3064 tractus
2838 3010 3001 3079 Eripe
3028 3026 3115 3064 me
3133 3011 3388 3077 Domine;
3422 3018 3629 3083 postea
3661 3014 3805 3088 legi-

2138 3101 2235 3153 tur
2287 3099 2480 3153 Passio
2535 3098 2757 3152 Domini
2813 3096 2991 3151 nostri
3042 3098 3170 3151 Jesu
3232 3096 3439 3153 Christi
3490 3103 3803 3159 secundum

2136 3186 2418 3241 Joannem.
2450 3185 2535 3239 Ad
2568 3184 2727 3239 illam
2760 3185 3091 3257 passionem
3135 3184 3417 3241 diaconus
3464 3205 3579 3243 non
3613 3190 3801 3263 dicat,

371 3275 524 3344 liter,
558 3293 593 3331 a
622 3259 1049 3348 praepositoque
1082 3275 1395 3329 deferatur.
1430 3274 1499 3328 Et
1531 3277 1663 3344 post
1702 3272 1823 3327 hinc
1870 3271 2023 3327 cele-
2056 3259 2098 3325 C
2136 3275 2399 3330 Dominus
2437 3273 2732 3340 vobiscum,
2767 3274 2866 3329 sed
2917 3275 3107 3329 Passio
3162 3276 3399 3343 Domini,
3434 3280 3492 3332 ct
3542 3259 3803 3351 reliqua,

371 3366 558 3421 bratio
590 3364 804 3420 missae.
837 3365 921 3419 Ad
954 3380 1131 3436 quam
1163 3364 1425 3418 Dominus
1456 3362 1733 3417 vobiscum
1782 3360 2026 3418 minimc

372 3453 624 3527 dicatur,
641 3454 753 3509 nisi
779 3455 850 3509 ab
874 3454 1165 3526 episcopo,
1190 3452 1601 3508 tantummodo
1634 3451 1733 3507 ubi
1765 3452 2026 3509 chrisma

373 3544 701 3600 conficitur.
734 3545 782 3600 A
830 3561 946 3616 quo
995 3543 1169 3600 etiam
1220 3543 1280 3598 in
1329 3540 1707 3598 Eucharistia:
1758 3546 2022 3613 accepta-

372 3633 531 3691 tione
583 3634 745 3708 pacis
803 3633 1071 3689 osculum
1132 3631 1507 3705 presbyteris,
1556 3635 1645 3687 ter
1698 3632 1880 3703 Agnus
1927 3633 2025 3689 Dei

373 3721 701 3792 decantato,
736 3722 1107 3779 solummodo
1138 3723 1324 3789 detur,
1360 3722 1431 3777 ab
1462 3720 1591 3776 aliis
1621 3737 1753 3776 vero
1778 3721 2023 3778 minime

372 3815 767 3885 prmsumatur
797 3827 810 3866 :
847 3812 905 3866 in
939 3828 1055 3884 qua
1084 3811 1287 3880 missa,
1312 3810 1465 3865 sicut
1493 3814 1549 3865 et
1579 3809 2020 3882 insequentium

372 3898 601 3957 dierum
660 3900 1113 3957 communicatio
1173 3899 1467 3971 praebetur
1524 3903 1645 3954 tam
1705 3897 2018 3970 fratribus,

370 4003 548 4060 quam
579 3987 806 4043 cunctis
837 3987 1130 4056 fidelibus,
1157 3990 1447 4044 reservata
1468 3987 1851 4044 nihilominus
1873 4005 1906 4043 a
1928 3989 2020 4045 die

365 4074 738 4131 Eucharistia
765 4092 891 4148 qua:
925 4075 1144 4132 sufficit
1173 4077 1244 4132 ad
1277 4076 1835 4132 communicandum
1875 4094 2016 4133 cun-

367 4163 479 4225 ctis
511 4162 692 4220 altera
715 4164 805 4220 die
837 4180 850 4220 :
886 4170 1123 4237 peracta
1153 4166 1347 4221 missa:
1381 4165 1787 4235 celebratione,
1813 4183 2016 4223 omnes

365 4252 438 4309 ad
468 4251 717 4308 mixtum
770 4257 1033 4326 pergant.
1081 4254 1215 4309 Post
1265 4253 1538 4324 mixtum,
1575 4271 1722 4326 quos
1770 4254 2018 4312 voluerit

365 4340 547 4397 abbas
577 4356 645 4397 ex
677 4341 956 4398 fratribus
990 4358 1187 4397 secum
1221 4357 1530 4397 assumens
1563 4358 1736 4396 suum
1777 4347 2017 4415 peragat

363 4431 731 4500 mandatum,
778 4446 892 4503 quo
944 4436 1177 4503 peracto
1224 4446 1497 4501 vesperas
1548 4428 1863 4499 celebrent,
1914 4431 2011 4486 dc-

359 4515 499 4575 hinc
521 4518 895 4575 refectionem
922 4519 1167 4575 fratrum
1193 4523 1388 4591 agant.
1411 4517 1727 4588 Postquam
1751 4522 2013 4592 tempore

2135 3361 2296 3417 nullo
2340 3363 2747 3434 respondente,
2782 3363 2965 3419 Gloria
3008 3364 3129 3431 tibi,
3164 3365 3425 3432 Domine;
3458 3369 3515 3420 et
3554 3369 3803 3438 quando

2132 3451 2348 3524 legitur
2390 3452 2447 3507 in
2496 3451 2827 3525 Evangelio,
2858 3455 3053 3523 partiti
3099 3461 3229 3508 sunt
3284 3456 3599 3511 vestimenta
3645 3473 3801 3527 mea,

2132 3544 2190 3596 et
2219 3540 2467 3613 reliqua,
2500 3540 2699 3596 statim
2733 3542 2849 3597 duo
2882 3541 3109 3597 diaconi
3160 3543 3385 3597 nudent
3433 3543 3615 3601 altare
3664 3546 3799 3602 sin-

2134 3630 2304 3698 done,
2339 3648 2466 3703 quae
2511 3630 2677 3702 prius
2723 3630 2915 3686 fuerat
2964 3631 3074 3687 sub
3125 3630 3439 3704 Evangelio
3486 3633 3707 3705 posita,
3736 3635 3796 3691 in

2132 3720 2374 3774 modum
2406 3718 2766 3793 furantium;
2795 3722 2928 3791 post
2955 3719 3066 3776 hoc
3087 3719 3453 3776 celebrentur
3472 3722 3792 3793 orationes,

2130 3812 2188 3863 et
2216 3808 2453 3864 veniens
2484 3807 2665 3863 abbas
2699 3812 2832 3864 ante
2862 3807 3045 3864 altare
3086 3808 3329 3881 incipiat
3376 3809 3668 3866 orationes
3705 3828 3794 3869 so-

2128 3897 2373 3966 lemnes,
2409 3914 2535 3969 qua:
2560 3901 2908 3969 sequuntur,
2928 3902 2986 3952 et
3007 3897 3164 3952 dicat
3182 3898 3437 3969 primam
3460 3898 3585 3954 sine
3605 3915 3792 3973 genu.

2130 3986 2393 4055 flexione,
2428 3985 2596 4059 quasi
2627 3984 2894 4058 legendo,
2937 3990 3199 4057 Oremus,
3230 3985 3576 4043 dilectissimi
3601 3989 3785 4057 nobis,

2128 4079 2186 4131 et
2216 4075 2459 4147 reliqua.

2198 4163 2422 4231 Quibus
2457 4162 2699 4236 expletis
2749 4180 2850 4236 per
2898 4164 3183 4233 ordinem,
3230 4166 3430 4221 statim
3491 4183 3781 4239 prepare-

2126 4255 2222 4307 tur
2251 4270 2393 4309 crux
2423 4257 2556 4309 ante
2588 4251 2791 4324 altare,
2825 4252 3170 4327 interposito
3203 4255 3392 4326 spatio
3420 4254 3567 4310 inter
3586 4255 3782 4329 ipsam

2124 4345 2181 4396 et
2214 4341 2394 4397 altare
2437 4341 2575 4397 hinc
2606 4346 2663 4396 et
2694 4341 2829 4397 inde
2861 4358 2896 4397 a
2929 4342 3161 4399 duobus
3213 4334 3589 4399 diaconibus.
3612 4344 3780 4401 Tunc

2124 4435 2360 4486 cantent
2390 4431 2595 4503 Popule
2622 4447 2795 4499 meus,
2831 4431 3253 4503 respondentes
3285 4436 3482 4488 autem
3505 4433 3621 4487 duo
3643 4434 3780 4490 sub-

2121 4519 2351 4575 diaconi
2385 4524 2609 4576 stantes
2640 4524 2774 4575 ante
2804 4535 3037 4575 crucem
3066 4524 3280 4576 canant
3309 4520 3524 4587 Graece,
3556 4522 3719 4593 Agios
3747 4537 3778 4578 ο

360 4622 619 4680 congruo
650 4607 991 4663 eorumdem
1023 4611 1232 4679 agatur
1280 4606 1648 4676 mandatum,
1681 4606 1781 4678 qui
1813 4612 2009 4663 tamen
2040 4631 2088 4695 Ι)
2126 4608 2305 4676 Theos,
2340 4609 2497 4680 Agios
2529 4609 2779 4674 ischiros,
2814 4610 2973 4681 Agios
3019 4610 3324 4679 athanatos,
3358 4610 3560 4667 eleison
3610 4612 3771 4667 imas.

358 4695 567 4752 fratres
596 4696 762 4767 prius
784 4694 965 4767 pedes
997 4712 1135 4751 suos
1178 4694 1487 4765 diligenter
1531 4696 1885 4764 emundent;
1916 4714 2008 4752 ve-

359 4783 699 4854 nientesque
731 4784 803 4839 ad
837 4783 1184 4838 mandatum
1235 4783 1677 4839 hcbdomadarii
1729 4784 2007 4856 ministri,

357 4872 685 4927 secundum
735 4887 956 4927 morem
1018 4888 1193 4928 suum
1244 4872 1515 4927 abbatem
1576 4874 2005 4943 antecedentes,

358 4958 702 5015 mandatum
734 4964 932 5032 agant,
963 4977 1110 5031 quos
1142 4960 1406 5033 sequitur
1434 4960 1490 5015 in
1516 4962 1738 5017 chonca
1759 4979 1865 5017 sua
1886 4963 2004 5017 sin-

355 5046 628 5121 gulorum
662 5050 838 5120 pedes
868 5048 1091 5114 lavans,
1115 5049 1589 5105 ministrantibus
1614 5051 1723 5106 sibi
1749 5068 1895 5122 quos
1916 5069 2008 5107 vo-

352 5135 529 5192 luerit
558 5137 630 5192 ad
663 5136 771 5192 hoc
805 5137 1159 5209 obsequium
1188 5155 1335 5209 quos
1377 5144 1660 5211 extergat,
1692 5144 1747 5195 et
1778 5141 2005 5197 oscule-

352 5228 471 5281 tur.
505 5226 626 5290 Quo
658 5231 910 5297 peracto,
946 5226 1197 5282 resideat
1224 5228 1405 5283 abbas
1446 5226 1504 5283 in
1557 5229 1694 5284 sede
1744 5247 1872 5300 sua,
1908 5248 2001 5286 ve-

347 5313 632 5384 niantque
673 5314 916 5385 priores,
958 5318 1015 5369 et
1062 5316 1113 5369 ei
1166 5316 1369 5370 eadem
1427 5316 1756 5385 exhibeant,
1790 5319 2001 5375 deinde

2120 4698 2380 4769 Itemque
2412 4697 2614 4754 schola
2643 4698 2700 4753 id
2734 4698 2929 4769 ipsum
2962 4698 3185 4769 Latine,
3219 4700 3449 4756 Sanctus
3479 4700 3639 4755 Deus.
3675 4701 3777 4756 De-

2119 4787 2340 4841 feratnr
2368 4789 2506 4841 tunc
2538 4786 2609 4841 ab
2641 4786 2788 4859 ipsis
2818 4786 3165 4843 diaconibus
3195 4792 3331 4843 ante
3361 4786 3560 4856 altare,
3586 4792 3645 4843 et
3675 4805 3771 4844 eos

2118 4875 2425 4948 acolythus
2442 4892 2575 4931 cum
2596 4875 2835 4948 pulvillo
2854 4881 3159 4948 sequatur,
3174 4894 3351 4949 super
3371 4894 3543 4949 quem
3567 4881 3772 4934 sancta

2117 4981 2258 5020 crux
2290 4968 2560 5037 ponatur.
2584 4965 3037 5038 Antiphonaque
3069 4966 3236 5021 ﬁnita
3259 4984 3437 5038 quam
3464 4966 3667 5023 schola
3683 4984 3766 5022 re-

2116 5054 2818 5125 spondetLatine,cauant
2832 5054 3049 5110 ibidem
3066 5055 3568 5128 sicutprius,Quia
3580 5054 3770 5110 educit

2113 5161 2202 5199 vos
2229 5161 2327 5217 per
2354 5143 2642 5200 desertum.
2678 5144 2835 5199 Idem
2858 5162 2990 5200 vero
3012 5146 3402 5217 respondeant
3424 5143 3765 5200 subdiaconi

2113 5234 2305 5289 Graece
2337 5233 2489 5289 sicut
2518 5234 2704 5306 prius,
2734 5234 2912 5305 Agios,
2948 5239 3012 5289 ut
3042 5252 3254 5307 supra;
3278 5233 3537 5306 itemque
3567 5233 3766 5289 schola

2112 5323 2315 5379 Latine
2345 5326 2411 5377 ut
2442 5322 2627 5395 prius,
2658 5323 2889 5389 Sanctus
2919 5325 3080 5379 Deus.
3114 5324 3376 5395 Itemque
3426 5323 3656 5379 diaconi
3685 5323 3761 5379 le-

347 5418 597 5475 surgens
615 5402 712 5457 det
726 5419 942 5474 aquam
960 5403 1021 5459 in
1045 5404 1320 5459 manibus
1344 5404 2001 5476 singulorum,rursum-

343 5505 457 5563 que
488 5490 539 5546 ei
570 5491 773 5546 eadem
802 5492 1051 5548 servitus
1085 5493 1448 5548 exhibentur.
1486 5493 1623 5549 Inde
1670 5511 1803 5551 vero
1853 5497 1995 5554 dum

342 5595 556 5637 manus
586 5579 803 5648 lavant,
838 5580 1120 5637 diaconus
1152 5580 1670 5646 hebdomadarius.
1701 5588 1758 5639 et
1782 5586 1992 5659 reliqui

338 5667 601 5756 Eninistri
630 5673 785 5741 eant,
820 5674 876 5725 et
915 5670 1163 5729 induant
1212 5688 1291 5741 se,
1329 5671 1613 5747 signoque
1665 5673 1991 5737 collationis

2105 5417 2309 5468 vantcs
2341 5429 2573 5467 crucem
2607 5417 2821 5467 canant
2851 5411 3006 5468 sicut
3035 5412 3223 5484 prius,
3260 5411 3401 5480 Quid
3432 5413 3761 5467 ultra.ltem

2107 5501 2451 5557 subdiaconi
2503 5500 2656 5555 sicut
2710 5500 2898 5574 prius,
2934 5502 3113 5573 Agios,
3144 5505 3209 5555 ut
3258 5518 3470 5573 supra;
3507 5501 3761 5573 itemque

2105 5589 2305 5645 schola
2364 5589 2588 5654 Latine,
2617 5589 2846 5645 Sanctus
2897 5590 3058 5662 Deus,
3105 5595 3170 5644 ut
3221 5606 3423 5661 supra.
3456 5589 3593 5645 Post
3641 5589 3757 5644 hmo

2101 5683 2389 5739 vertentes
2412 5696 2471 5736 se
2488 5678 2561 5737 ad
2584 5677 2806 5738 clerum
2830 5680 3051 5739 nudata
3071 5696 3242 5736 cruce
3266 5676 3465 5738 dicant
3490 5677 3754 5755 antipha-
