  <div class='ocr_page' id='page_1' title='image "/cluster/home/n/w/nwhite01/storage/ocr_20150623/136-137/uc1.31175019686917/928.png"; bbox 0 0 3912 6380; ppageno 0'>
   <div class='ocr_carea' id='block_1_1' title="bbox 155 412 277 477">
    <p class='ocr_par' dir='ltr' id='par_1_1' title="bbox 155 412 277 477">
     <span class='ocr_line' id='line_1_1' title="bbox 155 412 277 477; baseline 0.008 -1"><span class='ocrx_word' id='word_1_1' title='bbox 155 412 277 477; x_wconf 77' lang='lat'>493</span> 
     </span>
    </p>
   </div>
   <div class='ocr_carea' id='block_1_2' title="bbox 1303 422 2458 497">
    <p class='ocr_par' dir='ltr' id='par_1_2' title="bbox 1303 422 2458 497">
     <span class='ocr_line' id='line_1_2' title="bbox 1303 422 2458 497; baseline 0.007 -12"><span class='ocrx_word' id='word_1_2' title='bbox 1303 426 1403 486; x_wconf 87' lang='lat' dir='ltr'>DE</span> <span class='ocrx_word' id='word_1_3' title='bbox 1450 422 1831 487; x_wconf 80' lang='lat' dir='ltr'>REGIMINE</span> <span class='ocrx_word' id='word_1_4' title='bbox 1875 422 2458 497; x_wconf 81' lang='lat' dir='ltr'>MONACHORUM.</span> 
     </span>
    </p>
   </div>
   <div class='ocr_carea' id='block_1_3' title="bbox 3468 444 3587 505">
    <p class='ocr_par' dir='ltr' id='par_1_3' title="bbox 3468 444 3587 505">
     <span class='ocr_line' id='line_1_3' title="bbox 3468 444 3587 505; baseline 0.017 -2"><span class='ocrx_word' id='word_1_5' title='bbox 3468 444 3587 505; x_wconf 80' lang='grc'>494</span> 
     </span>
    </p>
   </div>
   <div class='ocr_carea' id='block_1_4' title="bbox 156 550 3587 640">
    <p class='ocr_par' dir='ltr' id='par_1_4' title="bbox 156 550 3587 640">
     <span class='ocr_line' id='line_1_4' title="bbox 156 550 3587 640; baseline 0.008 -36"><span class='ocrx_word' id='word_1_6' title='bbox 156 551 463 615; x_wconf 80' lang='lat' dir='ltr'>nam,Ecce</span> <span class='ocrx_word' id='word_1_7' title='bbox 489 550 702 622; x_wconf 73' lang='lat' dir='ltr'>lignum</span> <span class='ocrx_word' id='word_1_8' title='bbox 734 552 960 622; x_wconf 81' lang='lat' dir='ltr'>Crucis;</span> <span class='ocrx_word' id='word_1_9' title='bbox 986 555 1641 627; x_wconf 77' lang='lat' dir='ltr'>Antiphonam,Crucem</span> <span class='ocrx_word' id='word_1_10' title='bbox 1676 567 1825 614; x_wconf 85' lang='lat' dir='ltr'>tuam</span> <span class='ocrx_word' id='word_1_11' title='bbox 1854 557 1911 623; x_wconf 79' lang='grc' dir='ltr'>Α</span> <span class='ocrx_word' id='word_1_12' title='bbox 1941 560 2075 615; x_wconf 83' lang='lat' dir='ltr'>Caro</span> <span class='ocrx_word' id='word_1_13' title='bbox 2097 581 2213 619; x_wconf 77' lang='lat' dir='ltr'>mea</span> <span class='ocrx_word' id='word_1_14' title='bbox 2244 568 2538 637; x_wconf 78' lang='lat' dir='ltr'>requiescet</span> <span class='ocrx_word' id='word_1_15' title='bbox 2569 568 2627 622; x_wconf 81' lang='lat' dir='ltr'>in</span> <span class='ocrx_word' id='word_1_16' title='bbox 2656 585 2766 640; x_wconf 81' lang='lat' dir='ltr'>spe.</span> <span class='ocrx_word' id='word_1_17' title='bbox 2803 568 2992 625; x_wconf 92' lang='lat' dir='ltr'>Donec</span> <span class='ocrx_word' id='word_1_18' title='bbox 3020 572 3255 628; x_wconf 90' lang='lat' dir='ltr'>veniant</span> <span class='ocrx_word' id='word_1_19' title='bbox 3288 574 3359 629; x_wconf 90' lang='lat' dir='ltr'>ad</span> <span class='ocrx_word' id='word_1_20' title='bbox 3393 573 3587 631; x_wconf 88' lang='lat' dir='ltr'>locum</span> 
     </span>
    </p>
   </div>
   <div class='ocr_carea' id='block_1_5' title="bbox 152 637 1820 717">
    <p class='ocr_par' dir='ltr' id='par_1_5' title="bbox 152 637 1820 717">
     <span class='ocr_line' id='line_1_5' title="bbox 152 637 1820 717; baseline 0.006 -24"><span class='ocrx_word' id='word_1_21' title='bbox 152 637 483 707; x_wconf 76' lang='lat' dir='ltr'>adoramus;</span> <span class='ocrx_word' id='word_1_22' title='bbox 533 640 944 713; x_wconf 88' lang='lat' dir='ltr'>antiphonam,</span> <span class='ocrx_word' id='word_1_23' title='bbox 993 645 1163 700; x_wconf 87' lang='lat' dir='ltr'>Deum</span> <span class='ocrx_word' id='word_1_24' title='bbox 1234 647 1534 717; x_wconf 77' lang='lat' dir='ltr'>fabricator</span> <span class='ocrx_word' id='word_1_25' title='bbox 1607 648 1820 715; x_wconf 77' lang='lat' dir='ltr'>mundi,</span> 
     </span>
    </p>
   </div>
   <div class='ocr_carea' id='block_1_6' title="bbox 152 728 1822 801">
    <p class='ocr_par' dir='ltr' id='par_1_6' title="bbox 152 728 1822 801">
     <span class='ocr_line' id='line_1_6' title="bbox 152 728 1822 801; baseline 0.006 -20"><span class='ocrx_word' id='word_1_26' title='bbox 152 728 338 798; x_wconf 78' lang='lat' dir='ltr'>Pauge</span> <span class='ocrx_word' id='word_1_27' title='bbox 369 729 582 799; x_wconf 78' lang='lat' dir='ltr'>lingua.</span> <span class='ocrx_word' id='word_1_28' title='bbox 614 729 774 785; x_wconf 84' lang='lat' dir='ltr'>Illico</span> <span class='ocrx_word' id='word_1_29' title='bbox 825 747 893 787; x_wconf 89' lang='lat' dir='ltr'>ea</span> <span class='ocrx_word' id='word_1_30' title='bbox 942 734 1186 801; x_wconf 89' lang='lat' dir='ltr'>nudata,</span> <span class='ocrx_word' id='word_1_31' title='bbox 1210 735 1406 790; x_wconf 89' lang='lat' dir='ltr'>veniat</span> <span class='ocrx_word' id='word_1_32' title='bbox 1454 737 1636 791; x_wconf 84' lang='lat' dir='ltr'>abbas</span> <span class='ocrx_word' id='word_1_33' title='bbox 1687 741 1822 792; x_wconf 90' lang='lat' dir='ltr'>ante</span> 
     </span>
    </p>
   </div>
   <div class='ocr_carea' id='block_1_7' title="bbox 151 820 1819 895">
    <p class='ocr_par' dir='ltr' id='par_1_7' title="bbox 151 820 1819 895">
     <span class='ocr_line' id='line_1_7' title="bbox 151 820 1819 895; baseline 0.005 -25"><span class='ocrx_word' id='word_1_34' title='bbox 151 832 384 871; x_wconf 87' lang='lat' dir='ltr'>crucem</span> <span class='ocrx_word' id='word_1_35' title='bbox 403 821 669 873; x_wconf 87' lang='lat' dir='ltr'>sanctam</span> <span class='ocrx_word' id='word_1_36' title='bbox 694 836 760 873; x_wconf 86' lang='lat' dir='ltr'>ac</span> <span class='ocrx_word' id='word_1_37' title='bbox 779 820 970 876; x_wconf 90' lang='lat' dir='ltr'>tribus</span> <span class='ocrx_word' id='word_1_38' title='bbox 992 820 1220 877; x_wconf 82' lang='lat' dir='ltr'>vicibus</span> <span class='ocrx_word' id='word_1_39' title='bbox 1245 842 1306 879; x_wconf 91' lang='lat' dir='ltr'>se</span> <span class='ocrx_word' id='word_1_40' title='bbox 1331 828 1664 895; x_wconf 86' lang='lat' dir='ltr'>prosternat</span> <span class='ocrx_word' id='word_1_41' title='bbox 1685 842 1819 879; x_wconf 90' lang='lat' dir='ltr'>cum</span> 
     </span>
    </p>
   </div>
   <div class='ocr_carea' id='block_1_8' title="bbox 153 905 1819 979">
    <p class='ocr_par' dir='ltr' id='par_1_8' title="bbox 153 905 1819 979">
     <span class='ocr_line' id='line_1_8' title="bbox 153 905 1819 979; baseline 0.004 -19"><span class='ocrx_word' id='word_1_42' title='bbox 153 905 429 961; x_wconf 86' lang='lat' dir='ltr'>omnibus</span> <span class='ocrx_word' id='word_1_43' title='bbox 462 905 740 963; x_wconf 79' lang='lat' dir='ltr'>fratribus</span> <span class='ocrx_word' id='word_1_44' title='bbox 763 909 1111 966; x_wconf 78' lang='lat' dir='ltr'>dexterioris</span> <span class='ocrx_word' id='word_1_45' title='bbox 1140 911 1323 979; x_wconf 87' lang='lat' dir='ltr'>chori,</span> <span class='ocrx_word' id='word_1_46' title='bbox 1344 913 1566 968; x_wconf 77' lang='lat' dir='ltr'>scilicet</span> <span class='ocrx_word' id='word_1_47' title='bbox 1585 913 1819 968; x_wconf 87' lang='lat' dir='ltr'>seniori-</span> 
     </span>
    </p>
   </div>
   <div class='ocr_carea' id='block_1_9' title="bbox 155 993 1818 1073">
    <p class='ocr_par' dir='ltr' id='par_1_9' title="bbox 155 993 1818 1073">
     <span class='ocr_line' id='line_1_9' title="bbox 155 993 1818 1073; baseline 0.007 -26"><span class='ocrx_word' id='word_1_48' title='bbox 155 993 283 1061; x_wconf 87' lang='lat' dir='ltr'>bus,</span> <span class='ocrx_word' id='word_1_49' title='bbox 320 1011 389 1049; x_wconf 91' lang='lat' dir='ltr'>ac</span> <span class='ocrx_word' id='word_1_50' title='bbox 410 994 775 1066; x_wconf 81' lang='lat' dir='ltr'>junioribus,</span> <span class='ocrx_word' id='word_1_51' title='bbox 809 1002 867 1053; x_wconf 88' lang='lat' dir='ltr'>et</span> <span class='ocrx_word' id='word_1_52' title='bbox 897 1015 1031 1054; x_wconf 89' lang='lat' dir='ltr'>cum</span> <span class='ocrx_word' id='word_1_53' title='bbox 1063 1016 1276 1072; x_wconf 87' lang='lat' dir='ltr'>magno</span> <span class='ocrx_word' id='word_1_54' title='bbox 1326 1003 1520 1057; x_wconf 83' lang='lat' dir='ltr'>cordis</span> <span class='ocrx_word' id='word_1_55' title='bbox 1562 1003 1818 1073; x_wconf 82' lang='lat' dir='ltr'>suspirio</span> 
     </span>
    </p>
   </div>
   <div class='ocr_carea' id='block_1_10' title="bbox 154 1082 1816 1156">
    <p class='ocr_par' dir='ltr' id='par_1_10' title="bbox 154 1082 1816 1156">
     <span class='ocr_line' id='line_1_10' title="bbox 154 1082 1816 1156; baseline 0.006 -21"><span class='ocrx_word' id='word_1_56' title='bbox 154 1086 378 1153; x_wconf 67' lang='lat' dir='ltr'>septem</span> <span class='ocrx_word' id='word_1_57' title='bbox 400 1082 752 1155; x_wconf 75' lang='lat' dir='ltr'>pmnitentiae</span> <span class='ocrx_word' id='word_1_58' title='bbox 774 1085 1037 1156; x_wconf 84' lang='lat' dir='ltr'>psalmos</span> <span class='ocrx_word' id='word_1_59' title='bbox 1062 1105 1195 1143; x_wconf 90' lang='lat' dir='ltr'>cum</span> <span class='ocrx_word' id='word_1_60' title='bbox 1222 1090 1588 1146; x_wconf 81' lang='lat' dir='ltr'>orationibus</span> <span class='ocrx_word' id='word_1_61' title='bbox 1606 1096 1816 1145; x_wconf 69' lang='lat' dir='ltr'>sanetze</span> 
     </span>
    </p>
   </div>
   <div class='ocr_carea' id='block_1_11' title="bbox 154 1169 1493 1249">
    <p class='ocr_par' dir='ltr' id='par_1_11' title="bbox 154 1169 1493 1249">
     <span class='ocr_line' id='line_1_11' title="bbox 154 1169 1493 1249; baseline 0.006 -24"><span class='ocrx_word' id='word_1_62' title='bbox 154 1169 308 1225; x_wconf 87' lang='lat' dir='ltr'>cruci</span> <span class='ocrx_word' id='word_1_63' title='bbox 343 1172 818 1242; x_wconf 77' lang='lat' dir='ltr'>competentibus</span> <span class='ocrx_word' id='word_1_64' title='bbox 853 1175 1216 1231; x_wconf 87' lang='lat' dir='ltr'>decantando</span> <span class='ocrx_word' id='word_1_65' title='bbox 1249 1182 1493 1249; x_wconf 88' lang='lat' dir='ltr'>peroret.</span> 
     </span>
    </p>
   </div>
   <div class='ocr_carea' id='block_1_12' title="bbox 222 1258 1817 1339">
    <p class='ocr_par' dir='ltr' id='par_1_12' title="bbox 222 1258 1817 1339">
     <span class='ocr_line' id='line_1_12' title="bbox 222 1258 1817 1339; baseline 0.006 -26"><span class='ocrx_word' id='word_1_66' title='bbox 222 1261 288 1314; x_wconf 92' lang='lat' dir='ltr'>In</span> <span class='ocrx_word' id='word_1_67' title='bbox 322 1258 517 1331; x_wconf 90' lang='lat' dir='ltr'>prima</span> <span class='ocrx_word' id='word_1_68' title='bbox 546 1262 783 1332; x_wconf 86' lang='lat' dir='ltr'>quidem</span> <span class='ocrx_word' id='word_1_69' title='bbox 816 1265 1077 1320; x_wconf 88' lang='lat' dir='ltr'>oratione</span> <span class='ocrx_word' id='word_1_70' title='bbox 1120 1270 1236 1321; x_wconf 85' lang='lat' dir='ltr'>tres</span> <span class='ocrx_word' id='word_1_71' title='bbox 1286 1266 1545 1339; x_wconf 83' lang='lat' dir='ltr'>psalmos</span> <span class='ocrx_word' id='word_1_72' title='bbox 1594 1269 1817 1339; x_wconf 88' lang='lat' dir='ltr'>primos</span> 
     </span>
    </p>
   </div>
   <div class='ocr_carea' id='block_1_13' title="bbox 153 1349 1812 1421">
    <p class='ocr_par' dir='ltr' id='par_1_13' title="bbox 153 1349 1812 1421">
     <span class='ocr_line' id='line_1_13' title="bbox 153 1349 1812 1421; baseline 0.005 -18"><span class='ocrx_word' id='word_1_73' title='bbox 153 1364 284 1403; x_wconf 89' lang='lat' dir='ltr'>cum</span> <span class='ocrx_word' id='word_1_74' title='bbox 313 1349 598 1417; x_wconf 86' lang='lat' dir='ltr'>oratione,</span> <span class='ocrx_word' id='word_1_75' title='bbox 636 1373 663 1399; x_wconf 88' lang='grc'>‹‹</span> <span class='ocrx_word' id='word_1_76' title='bbox 697 1351 942 1407; x_wconf 86' lang='lat' dir='ltr'>Domiue</span> <span class='ocrx_word' id='word_1_77' title='bbox 971 1355 1110 1409; x_wconf 85' lang='lat' dir='ltr'>Jesu</span> <span class='ocrx_word' id='word_1_78' title='bbox 1141 1355 1389 1421; x_wconf 88' lang='lat' dir='ltr'>Christe,</span> <span class='ocrx_word' id='word_1_79' title='bbox 1441 1357 1617 1411; x_wconf 89' lang='lat' dir='ltr'>adoro</span> <span class='ocrx_word' id='word_1_80' title='bbox 1670 1362 1723 1411; x_wconf 89' lang='lat' dir='ltr'>te</span> <span class='ocrx_word' id='word_1_81' title='bbox 1756 1357 1812 1411; x_wconf 90' lang='lat' dir='ltr'>in</span> 
     </span>
    </p>
   </div>
   <div class='ocr_carea' id='block_1_14' title="bbox 154 1439 1815 1516">
    <p class='ocr_par' dir='ltr' id='par_1_14' title="bbox 154 1439 1815 1516">
     <span class='ocr_line' id='line_1_14' title="bbox 154 1439 1815 1516; baseline 0.003 -25"><span class='ocrx_word' id='word_1_82' title='bbox 154 1453 387 1493; x_wconf 90' lang='lat' dir='ltr'>crucem</span> <span class='ocrx_word' id='word_1_83' title='bbox 421 1439 857 1505; x_wconf 87' lang='lat' dir='ltr'>ascendentem,</span> <span class='ocrx_word' id='word_1_84' title='bbox 877 1442 1158 1513; x_wconf 82' lang='lat' dir='ltr'>deprecor</span> <span class='ocrx_word' id='word_1_85' title='bbox 1179 1449 1253 1509; x_wconf 88' lang='lat' dir='ltr'>te,</span> <span class='ocrx_word' id='word_1_86' title='bbox 1271 1448 1335 1499; x_wconf 87' lang='lat' dir='ltr'>ut</span> <span class='ocrx_word' id='word_1_87' title='bbox 1358 1445 1485 1516; x_wconf 88' lang='lat' dir='ltr'>ipsa</span> <span class='ocrx_word' id='word_1_88' title='bbox 1507 1462 1646 1499; x_wconf 77' lang='lat' dir='ltr'>crux</span> <span class='ocrx_word' id='word_1_89' title='bbox 1679 1446 1815 1499; x_wconf 81' lang='lat' dir='ltr'>lihe-</span> 
     </span>
    </p>
   </div>
   <div class='ocr_carea' id='block_1_15' title="bbox 152 1526 1809 1600">
    <p class='ocr_par' dir='ltr' id='par_1_15' title="bbox 152 1526 1809 1600">
     <span class='ocr_line' id='line_1_15' title="bbox 152 1526 1809 1600; baseline 0.005 -20"><span class='ocrx_word' id='word_1_90' title='bbox 152 1530 234 1580; x_wconf 85' lang='lat' dir='ltr'>ret</span> <span class='ocrx_word' id='word_1_91' title='bbox 251 1542 346 1581; x_wconf 89' lang='lat' dir='ltr'>me</span> <span class='ocrx_word' id='word_1_92' title='bbox 363 1526 437 1581; x_wconf 91' lang='lat' dir='ltr'>de</span> <span class='ocrx_word' id='word_1_93' title='bbox 458 1526 692 1582; x_wconf 84' lang='lat' dir='ltr'>diabolo</span> <span class='ocrx_word' id='word_1_94' title='bbox 720 1531 1081 1599; x_wconf 90' lang='lat' dir='ltr'>percutiente</span> <span class='ocrx_word' id='word_1_95' title='bbox 1104 1548 1115 1586; x_wconf 93' lang='lat'><strong>:</strong></span> <span class='ocrx_word' id='word_1_96' title='bbox 1142 1532 1385 1587; x_wconf 88' lang='lat' dir='ltr'>Domine</span> <span class='ocrx_word' id='word_1_97' title='bbox 1403 1534 1539 1587; x_wconf 84' lang='lat' dir='ltr'>Jesu</span> <span class='ocrx_word' id='word_1_98' title='bbox 1561 1534 1809 1600; x_wconf 81' lang='lat' dir='ltr'>Clu-iste,</span> 
     </span>
    </p>
   </div>
   <div class='ocr_carea' id='block_1_16' title="bbox 150 1615 1815 1693">
    <p class='ocr_par' dir='ltr' id='par_1_16' title="bbox 150 1615 1815 1693">
     <span class='ocr_line' id='line_1_16' title="bbox 150 1615 1815 1693; baseline 0.004 -24"><span class='ocrx_word' id='word_1_99' title='bbox 150 1615 328 1670; x_wconf 85' lang='lat' dir='ltr'>adoro</span> <span class='ocrx_word' id='word_1_100' title='bbox 359 1621 418 1669; x_wconf 90' lang='lat' dir='ltr'>te</span> <span class='ocrx_word' id='word_1_101' title='bbox 450 1616 508 1670; x_wconf 92' lang='lat' dir='ltr'>in</span> <span class='ocrx_word' id='word_1_102' title='bbox 539 1617 669 1687; x_wconf 85' lang='lat' dir='ltr'>ipsa</span> <span class='ocrx_word' id='word_1_103' title='bbox 716 1618 1109 1685; x_wconf 84' lang='lat' dir='ltr'>vulneratum,</span> <span class='ocrx_word' id='word_1_104' title='bbox 1143 1620 1424 1691; x_wconf 72' lang='lat' dir='ltr'>deprecor</span> <span class='ocrx_word' id='word_1_105' title='bbox 1474 1627 1529 1676; x_wconf 87' lang='lat' dir='ltr'>te</span> <span class='ocrx_word' id='word_1_106' title='bbox 1578 1628 1643 1677; x_wconf 88' lang='lat' dir='ltr'>ut</span> <span class='ocrx_word' id='word_1_107' title='bbox 1686 1622 1815 1693; x_wconf 87' lang='lat' dir='ltr'>ipsa</span> 
     </span>
    </p>
   </div>
   <div class='ocr_carea' id='block_1_17' title="bbox 146 1703 1811 1767">
    <p class='ocr_par' dir='ltr' id='par_1_17' title="bbox 146 1703 1811 1767">
     <span class='ocr_line' id='line_1_17' title="bbox 146 1703 1811 1767; baseline 0.005 -10"><span class='ocrx_word' id='word_1_108' title='bbox 146 1703 397 1759; x_wconf 69' lang='lat' dir='ltr'>Vulnera</span> <span class='ocrx_word' id='word_1_109' title='bbox 426 1705 755 1761; x_wconf 87' lang='lat' dir='ltr'>remedium</span> <span class='ocrx_word' id='word_1_110' title='bbox 789 1706 909 1762; x_wconf 88' lang='lat' dir='ltr'>sint</span> <span class='ocrx_word' id='word_1_111' title='bbox 940 1708 1151 1763; x_wconf 70' lang='lat' dir='ltr'>animm</span> <span class='ocrx_word' id='word_1_112' title='bbox 1184 1726 1324 1763; x_wconf 73' lang='lat' dir='ltr'>mea:</span> <span class='ocrx_word' id='word_1_113' title='bbox 1358 1727 1371 1764; x_wconf 89' lang='lat'>:</span> <span class='ocrx_word' id='word_1_114' title='bbox 1403 1711 1646 1765; x_wconf 88' lang='lat' dir='ltr'>Domine</span> <span class='ocrx_word' id='word_1_115' title='bbox 1671 1712 1811 1767; x_wconf 88' lang='lat' dir='ltr'>Jesu</span> 
     </span>
    </p>
   </div>
   <div class='ocr_carea' id='block_1_18' title="bbox 146 1790 1813 1861">
    <p class='ocr_par' dir='ltr' id='par_1_18' title="bbox 146 1790 1813 1861">
     <span class='ocr_line' id='line_1_18' title="bbox 146 1790 1813 1861; baseline 0.005 -13"><span class='ocrx_word' id='word_1_116' title='bbox 146 1793 403 1861; x_wconf 88' lang='lat' dir='ltr'>Christe,</span> <span class='ocrx_word' id='word_1_117' title='bbox 418 1794 597 1850; x_wconf 89' lang='lat' dir='ltr'>adoro</span> <span class='ocrx_word' id='word_1_118' title='bbox 628 1797 687 1850; x_wconf 89' lang='lat' dir='ltr'>te</span> <span class='ocrx_word' id='word_1_119' title='bbox 715 1795 1169 1853; x_wconf 87' lang='lat' dir='ltr'>descendentem</span> <span class='ocrx_word' id='word_1_120' title='bbox 1201 1799 1271 1853; x_wconf 87' lang='lat' dir='ltr'>ad</span> <span class='ocrx_word' id='word_1_121' title='bbox 1306 1798 1522 1854; x_wconf 87' lang='lat' dir='ltr'>inferos</span> <span class='ocrx_word' id='word_1_122' title='bbox 1568 1790 1813 1856; x_wconf 85' lang='lat' dir='ltr'>liberare</span> 
     </span>
    </p>
   </div>
   <div class='ocr_carea' id='block_1_19' title="bbox 147 1882 1891 1991">
    <p class='ocr_par' dir='ltr' id='par_1_19' title="bbox 147 1882 1891 1991">
     <span class='ocr_line' id='line_1_19' title="bbox 147 1882 1891 1991; baseline 0.003 -52"><span class='ocrx_word' id='word_1_123' title='bbox 147 1882 722 1955; x_wconf 85' lang='lat' dir='ltr'>captivos,deprecor</span> <span class='ocrx_word' id='word_1_124' title='bbox 742 1888 798 1940; x_wconf 90' lang='lat' dir='ltr'>te</span> <span class='ocrx_word' id='word_1_125' title='bbox 821 1889 885 1939; x_wconf 90' lang='lat' dir='ltr'>ut</span> <span class='ocrx_word' id='word_1_126' title='bbox 906 1902 1019 1940; x_wconf 90' lang='lat' dir='ltr'>non</span> <span class='ocrx_word' id='word_1_127' title='bbox 1044 1885 1123 1941; x_wconf 90' lang='lat' dir='ltr'>ibi</span> <span class='ocrx_word' id='word_1_128' title='bbox 1145 1903 1236 1942; x_wconf 91' lang='lat' dir='ltr'>me</span> <span class='ocrx_word' id='word_1_129' title='bbox 1254 1888 1518 1943; x_wconf 80' lang='lat' dir='ltr'>dimittas</span> <span class='ocrx_word' id='word_1_130' title='bbox 1536 1889 1808 1944; x_wconf 87' lang='lat' dir='ltr'>introire:</span> <span class='ocrx_word' id='word_1_131' title='bbox 1843 1927 1891 1991; x_wconf 80' lang='grc' dir='ltr'><strong>Β</strong></span> 
     </span>
    </p>
   </div>
   <div class='ocr_carea' id='block_1_20' title="bbox 144 1971 1809 2049">
    <p class='ocr_par' dir='ltr' id='par_1_20' title="bbox 144 1971 1809 2049">
     <span class='ocr_line' id='line_1_20' title="bbox 144 1971 1809 2049; baseline 0.003 -21"><span class='ocrx_word' id='word_1_132' title='bbox 144 1972 398 2028; x_wconf 86' lang='lat' dir='ltr'>Domine</span> <span class='ocrx_word' id='word_1_133' title='bbox 426 1971 568 2028; x_wconf 80' lang='lat' dir='ltr'>Jesu</span> <span class='ocrx_word' id='word_1_134' title='bbox 600 1972 849 2041; x_wconf 89' lang='lat' dir='ltr'>Christe,</span> <span class='ocrx_word' id='word_1_135' title='bbox 884 1975 1061 2031; x_wconf 92' lang='lat' dir='ltr'>adoro</span> <span class='ocrx_word' id='word_1_136' title='bbox 1091 1978 1147 2030; x_wconf 87' lang='lat' dir='ltr'>te</span> <span class='ocrx_word' id='word_1_137' title='bbox 1180 1982 1582 2049; x_wconf 86' lang='lat' dir='ltr'>resurgentem</span> <span class='ocrx_word' id='word_1_138' title='bbox 1615 1978 1686 2032; x_wconf 90' lang='lat' dir='ltr'>ab</span> <span class='ocrx_word' id='word_1_139' title='bbox 1722 1978 1809 2033; x_wconf 88' lang='lat' dir='ltr'>in-</span> 
     </span>
    </p>
   </div>
   <div class='ocr_carea' id='block_1_21' title="bbox 144 2061 1811 2136">
    <p class='ocr_par' dir='ltr' id='par_1_21' title="bbox 144 2061 1811 2136">
     <span class='ocr_line' id='line_1_21' title="bbox 144 2061 1811 2136; baseline 0.003 -20"><span class='ocrx_word' id='word_1_140' title='bbox 144 2061 312 2127; x_wconf 85' lang='lat' dir='ltr'>feris,</span> <span class='ocrx_word' id='word_1_141' title='bbox 344 2061 764 2116; x_wconf 75' lang='lat' dir='ltr'>ascendentem</span> <span class='ocrx_word' id='word_1_142' title='bbox 798 2062 869 2116; x_wconf 89' lang='lat' dir='ltr'>ad</span> <span class='ocrx_word' id='word_1_143' title='bbox 902 2062 1097 2130; x_wconf 74' lang='lat' dir='ltr'>caelos,</span> <span class='ocrx_word' id='word_1_144' title='bbox 1124 2064 1403 2136; x_wconf 88' lang='lat' dir='ltr'>deprecor</span> <span class='ocrx_word' id='word_1_145' title='bbox 1431 2070 1506 2133; x_wconf 79' lang='lat' dir='ltr'>te,</span> <span class='ocrx_word' id='word_1_146' title='bbox 1534 2066 1811 2122; x_wconf 81' lang='lat' dir='ltr'>miserere</span> 
     </span>
    </p>
   </div>
   <div class='ocr_carea' id='block_1_22' title="bbox 144 2149 1812 2225">
    <p class='ocr_par' dir='ltr' id='par_1_22' title="bbox 144 2149 1812 2225">
     <span class='ocr_line' id='line_1_22' title="bbox 144 2149 1812 2225; baseline 0.004 -22"><span class='ocrx_word' id='word_1_147' title='bbox 144 2150 259 2204; x_wconf 89' lang='lat' dir='ltr'>mei</span> <span class='ocrx_word' id='word_1_148' title='bbox 286 2165 298 2203; x_wconf 92' lang='lat'>:</span> <span class='ocrx_word' id='word_1_149' title='bbox 325 2149 577 2204; x_wconf 88' lang='lat' dir='ltr'>Domine</span> <span class='ocrx_word' id='word_1_150' title='bbox 606 2149 745 2205; x_wconf 89' lang='lat' dir='ltr'>Jesu</span> <span class='ocrx_word' id='word_1_151' title='bbox 768 2150 1210 2219; x_wconf 88' lang='lat' dir='ltr'>Christe,adoro</span> <span class='ocrx_word' id='word_1_152' title='bbox 1242 2158 1297 2208; x_wconf 90' lang='lat' dir='ltr'>te</span> <span class='ocrx_word' id='word_1_153' title='bbox 1327 2155 1812 2225; x_wconf 86' lang='lat' dir='ltr'>venturumjudi-</span> 
     </span>
    </p>
   </div>
   <div class='ocr_carea' id='block_1_23' title="bbox 142 2238 1809 2309">
    <p class='ocr_par' dir='ltr' id='par_1_23' title="bbox 142 2238 1809 2309">
     <span class='ocr_line' id='line_1_23' title="bbox 142 2238 1809 2309; baseline 0.002 -15"><span class='ocrx_word' id='word_1_154' title='bbox 142 2242 440 2305; x_wconf 86' lang='lat' dir='ltr'>caturum,</span> <span class='ocrx_word' id='word_1_155' title='bbox 473 2238 754 2309; x_wconf 87' lang='lat' dir='ltr'>deprecor</span> <span class='ocrx_word' id='word_1_156' title='bbox 782 2243 839 2293; x_wconf 89' lang='lat' dir='ltr'>te</span> <span class='ocrx_word' id='word_1_157' title='bbox 870 2242 936 2293; x_wconf 91' lang='lat' dir='ltr'>ut</span> <span class='ocrx_word' id='word_1_158' title='bbox 964 2240 1022 2293; x_wconf 91' lang='lat' dir='ltr'>in</span> <span class='ocrx_word' id='word_1_159' title='bbox 1064 2245 1165 2295; x_wconf 88' lang='lat' dir='ltr'>tuo</span> <span class='ocrx_word' id='word_1_160' title='bbox 1196 2242 1447 2297; x_wconf 89' lang='lat' dir='ltr'>adventu</span> <span class='ocrx_word' id='word_1_161' title='bbox 1481 2260 1595 2298; x_wconf 91' lang='lat' dir='ltr'>non</span> <span class='ocrx_word' id='word_1_162' title='bbox 1629 2244 1809 2298; x_wconf 85' lang='lat' dir='ltr'>intres</span> 
     </span>
    </p>
   </div>
   <div class='ocr_carea' id='block_1_24' title="bbox 140 2325 1811 2401">
    <p class='ocr_par' dir='ltr' id='par_1_24' title="bbox 140 2325 1811 2401">
     <span class='ocr_line' id='line_1_24' title="bbox 140 2325 1811 2401; baseline 0.002 -19"><span class='ocrx_word' id='word_1_163' title='bbox 140 2326 199 2382; x_wconf 88' lang='lat' dir='ltr'>in</span> <span class='ocrx_word' id='word_1_164' title='bbox 224 2325 459 2398; x_wconf 88' lang='lat' dir='ltr'>judicio</span> <span class='ocrx_word' id='word_1_165' title='bbox 506 2342 642 2381; x_wconf 90' lang='lat' dir='ltr'>cum</span> <span class='ocrx_word' id='word_1_166' title='bbox 694 2343 786 2382; x_wconf 91' lang='lat' dir='ltr'>me</span> <span class='ocrx_word' id='word_1_167' title='bbox 832 2333 1128 2399; x_wconf 83' lang='lat' dir='ltr'>peccante,</span> <span class='ocrx_word' id='word_1_168' title='bbox 1164 2330 1263 2385; x_wconf 90' lang='lat' dir='ltr'>sed</span> <span class='ocrx_word' id='word_1_169' title='bbox 1310 2331 1589 2401; x_wconf 87' lang='lat' dir='ltr'>deprecor</span> <span class='ocrx_word' id='word_1_170' title='bbox 1636 2336 1711 2400; x_wconf 90' lang='lat' dir='ltr'>te,</span> <span class='ocrx_word' id='word_1_171' title='bbox 1746 2336 1811 2386; x_wconf 88' lang='lat' dir='ltr'>ut</span> 
     </span>
    </p>
   </div>
   <div class='ocr_carea' id='block_1_25' title="bbox 141 2414 1806 2491">
    <p class='ocr_par' dir='ltr' id='par_1_25' title="bbox 141 2414 1806 2491">
     <span class='ocr_line' id='line_1_25' title="bbox 141 2414 1806 2491; baseline -0.001 -20"><span class='ocrx_word' id='word_1_172' title='bbox 141 2419 275 2471; x_wconf 82' lang='lat' dir='ltr'>ante</span> <span class='ocrx_word' id='word_1_173' title='bbox 316 2414 587 2470; x_wconf 87' lang='lat' dir='ltr'>dimittas</span> <span class='ocrx_word' id='word_1_174' title='bbox 619 2431 797 2487; x_wconf 90' lang='lat' dir='ltr'>quam</span> <span class='ocrx_word' id='word_1_175' title='bbox 820 2416 1071 2487; x_wconf 86' lang='lat' dir='ltr'>judices,</span> <span class='ocrx_word' id='word_1_176' title='bbox 1107 2418 1205 2489; x_wconf 89' lang='lat' dir='ltr'>qui</span> <span class='ocrx_word' id='word_1_177' title='bbox 1236 2419 1383 2473; x_wconf 86' lang='lat' dir='ltr'>vivis</span> <span class='ocrx_word' id='word_1_178' title='bbox 1415 2424 1471 2474; x_wconf 89' lang='lat' dir='ltr'>et</span> <span class='ocrx_word' id='word_1_179' title='bbox 1520 2437 1750 2491; x_wconf 78' lang='lat' dir='ltr'>regnas.</span> <span class='ocrx_word' id='word_1_180' title='bbox 1779 2443 1806 2471; x_wconf 84' lang='grc'>‹‹</span> 
     </span>
    </p>
   </div>
   <div class='ocr_carea' id='block_1_26' title="bbox 209 2503 1804 2578">
    <p class='ocr_par' dir='ltr' id='par_1_26' title="bbox 209 2503 1804 2578">
     <span class='ocr_line' id='line_1_26' title="bbox 209 2503 1804 2578; baseline 0.003 -19"><span class='ocrx_word' id='word_1_181' title='bbox 209 2504 276 2560; x_wconf 91' lang='lat' dir='ltr'>In</span> <span class='ocrx_word' id='word_1_182' title='bbox 303 2503 570 2560; x_wconf 87' lang='lat' dir='ltr'>secunda</span> <span class='ocrx_word' id='word_1_183' title='bbox 604 2505 754 2560; x_wconf 92' lang='lat' dir='ltr'>duos</span> <span class='ocrx_word' id='word_1_184' title='bbox 776 2504 997 2560; x_wconf 90' lang='lat' dir='ltr'>medios</span> <span class='ocrx_word' id='word_1_185' title='bbox 1029 2522 1164 2561; x_wconf 89' lang='lat' dir='ltr'>cum</span> <span class='ocrx_word' id='word_1_186' title='bbox 1197 2513 1475 2578; x_wconf 81' lang='lat' dir='ltr'>sequente</span> <span class='ocrx_word' id='word_1_187' title='bbox 1497 2509 1755 2564; x_wconf 88' lang='lat' dir='ltr'>oratione</span> <span class='ocrx_word' id='word_1_188' title='bbox 1792 2525 1804 2563; x_wconf 87' lang='lat'><strong>:</strong></span> 
     </span>
    </p>
   </div>
   <div class='ocr_carea' id='block_1_27' title="bbox 141 2592 1803 2666">
    <p class='ocr_par' dir='ltr' id='par_1_27' title="bbox 141 2592 1803 2666">
     <span class='ocr_line' id='line_1_27' title="bbox 141 2592 1803 2666; baseline 0.004 -22"><span class='ocrx_word' id='word_1_189' title='bbox 141 2617 168 2643; x_wconf 72' lang='grc' dir='ltr'><strong><em>α</em></strong></span> <span class='ocrx_word' id='word_1_190' title='bbox 184 2593 439 2649; x_wconf 88' lang='lat' dir='ltr'>Domine</span> <span class='ocrx_word' id='word_1_191' title='bbox 449 2593 591 2649; x_wconf 83' lang='lat' dir='ltr'>Jesu</span> <span class='ocrx_word' id='word_1_192' title='bbox 608 2592 1185 2666; x_wconf 86' lang='lat' dir='ltr'>Christe,gloriosissi</span> <span class='ocrx_word' id='word_1_193' title='bbox 1196 2612 1286 2651; x_wconf 90' lang='lat' dir='ltr'>me</span> <span class='ocrx_word' id='word_1_194' title='bbox 1299 2598 1564 2652; x_wconf 89' lang='lat' dir='ltr'>conditor</span> <span class='ocrx_word' id='word_1_195' title='bbox 1576 2596 1803 2665; x_wconf 87' lang='lat' dir='ltr'>mundi,</span> 
     </span>
    </p>
   </div>
   <div class='ocr_carea' id='block_1_28' title="bbox 141 2680 1804 2754">
    <p class='ocr_par' dir='ltr' id='par_1_28' title="bbox 141 2680 1804 2754">
     <span class='ocr_line' id='line_1_28' title="bbox 141 2680 1804 2754; baseline 0.001 -17"><span class='ocrx_word' id='word_1_196' title='bbox 141 2683 237 2754; x_wconf 83' lang='lat' dir='ltr'>qui</span> <span class='ocrx_word' id='word_1_197' title='bbox 268 2698 413 2738; x_wconf 90' lang='lat' dir='ltr'>cum</span> <span class='ocrx_word' id='word_1_198' title='bbox 449 2680 533 2737; x_wconf 88' lang='lat' dir='ltr'>sis</span> <span class='ocrx_word' id='word_1_199' title='bbox 564 2681 847 2753; x_wconf 90' lang='lat' dir='ltr'>splendor</span> <span class='ocrx_word' id='word_1_200' title='bbox 874 2682 1071 2753; x_wconf 67' lang='lat' dir='ltr'>glorise</span> <span class='ocrx_word' id='word_1_201' title='bbox 1102 2689 1425 2740; x_wconf 69' lang='lat' dir='ltr'>coaeternus</span> <span class='ocrx_word' id='word_1_202' title='bbox 1458 2686 1609 2740; x_wconf 82' lang='lat' dir='ltr'>Patri</span> <span class='ocrx_word' id='word_1_203' title='bbox 1637 2702 1804 2740; x_wconf 89' lang='lat' dir='ltr'>sanc-</span> 
     </span>
    </p>
   </div>
   <div class='ocr_carea' id='block_1_29' title="bbox 137 2770 1806 2844">
    <p class='ocr_par' dir='ltr' id='par_1_29' title="bbox 137 2770 1806 2844">
     <span class='ocr_line' id='line_1_29' title="bbox 137 2770 1806 2844; baseline 0.001 -18"><span class='ocrx_word' id='word_1_204' title='bbox 137 2776 315 2844; x_wconf 84' lang='lat' dir='ltr'>toque</span> <span class='ocrx_word' id='word_1_205' title='bbox 349 2770 619 2842; x_wconf 83' lang='lat' dir='ltr'>Spiritui,</span> <span class='ocrx_word' id='word_1_206' title='bbox 654 2770 785 2827; x_wconf 88' lang='lat' dir='ltr'>ideo</span> <span class='ocrx_word' id='word_1_207' title='bbox 813 2771 1091 2843; x_wconf 88' lang='lat' dir='ltr'>dignatus</span> <span class='ocrx_word' id='word_1_208' title='bbox 1121 2789 1184 2827; x_wconf 90' lang='lat' dir='ltr'>es</span> <span class='ocrx_word' id='word_1_209' title='bbox 1215 2790 1450 2829; x_wconf 90' lang='lat' dir='ltr'>carnem</span> <span class='ocrx_word' id='word_1_210' title='bbox 1491 2790 1559 2828; x_wconf 84' lang='lat' dir='ltr'>ex</span> <span class='ocrx_word' id='word_1_211' title='bbox 1588 2773 1806 2828; x_wconf 90' lang='lat' dir='ltr'>imma-</span> 
     </span>
    </p>
   </div>
   <div class='ocr_carea' id='block_1_30' title="bbox 139 2859 1804 2933">
    <p class='ocr_par' dir='ltr' id='par_1_30' title="bbox 139 2859 1804 2933">
     <span class='ocr_line' id='line_1_30' title="bbox 139 2859 1804 2933; baseline 0.001 -19"><span class='ocrx_word' id='word_1_212' title='bbox 139 2859 339 2915; x_wconf 86' lang='lat' dir='ltr'>culata</span> <span class='ocrx_word' id='word_1_213' title='bbox 367 2859 609 2932; x_wconf 85' lang='lat' dir='ltr'>Virgine</span> <span class='ocrx_word' id='word_1_214' title='bbox 642 2875 895 2926; x_wconf 86' lang='lat' dir='ltr'>sumere,</span> <span class='ocrx_word' id='word_1_215' title='bbox 929 2864 987 2914; x_wconf 91' lang='lat' dir='ltr'>et</span> <span class='ocrx_word' id='word_1_216' title='bbox 1016 2859 1303 2933; x_wconf 88' lang='lat' dir='ltr'>gloriosas</span> <span class='ocrx_word' id='word_1_217' title='bbox 1327 2861 1554 2933; x_wconf 89' lang='lat' dir='ltr'>palmas</span> <span class='ocrx_word' id='word_1_218' title='bbox 1582 2867 1714 2917; x_wconf 89' lang='lat' dir='ltr'>tuas</span> <span class='ocrx_word' id='word_1_219' title='bbox 1744 2861 1804 2915; x_wconf 91' lang='lat' dir='ltr'>in</span> 
     </span>
    </p>
   </div>
   <div class='ocr_carea' id='block_1_31' title="bbox 138 2947 1807 3022">
    <p class='ocr_par' dir='ltr' id='par_1_31' title="bbox 138 2947 1807 3022">
     <span class='ocr_line' id='line_1_31' title="bbox 138 2947 1807 3022; baseline 0.001 -18"><span class='ocrx_word' id='word_1_220' title='bbox 138 2948 333 3004; x_wconf 86' lang='lat' dir='ltr'>crucis</span> <span class='ocrx_word' id='word_1_221' title='bbox 380 2947 649 3020; x_wconf 89' lang='lat' dir='ltr'>patibulo</span> <span class='ocrx_word' id='word_1_222' title='bbox 694 2948 1013 3020; x_wconf 88' lang='lat' dir='ltr'>permisisti</span> <span class='ocrx_word' id='word_1_223' title='bbox 1059 2951 1370 3022; x_wconf 82' lang='lat' dir='ltr'>configere,</span> <span class='ocrx_word' id='word_1_224' title='bbox 1426 2956 1493 3005; x_wconf 87' lang='lat' dir='ltr'>ut</span> <span class='ocrx_word' id='word_1_225' title='bbox 1548 2952 1807 3006; x_wconf 84' lang='lat' dir='ltr'>claustra</span> 
     </span>
    </p>
   </div>
   <div class='ocr_carea' id='block_1_32' title="bbox 136 3036 1805 3110">
    <p class='ocr_par' dir='ltr' id='par_1_32' title="bbox 136 3036 1805 3110">
     <span class='ocr_line' id='line_1_32' title="bbox 136 3036 1805 3110; baseline 0 -15"><span class='ocrx_word' id='word_1_226' title='bbox 136 3038 469 3110; x_wconf 82' lang='lat' dir='ltr'>dissipares</span> <span class='ocrx_word' id='word_1_227' title='bbox 500 3036 810 3104; x_wconf 85' lang='lat' dir='ltr'>inferni,et</span> <span class='ocrx_word' id='word_1_228' title='bbox 836 3037 1164 3093; x_wconf 89' lang='lat' dir='ltr'>humanum</span> <span class='ocrx_word' id='word_1_229' title='bbox 1206 3055 1393 3110; x_wconf 89' lang='lat' dir='ltr'>genus</span> <span class='ocrx_word' id='word_1_230' title='bbox 1424 3039 1702 3095; x_wconf 88' lang='lat' dir='ltr'>liberares</span> <span class='ocrx_word' id='word_1_231' title='bbox 1735 3041 1805 3095; x_wconf 89' lang='lat' dir='ltr'>de</span> 
     </span>
    </p>
   </div>
   <div class='ocr_carea' id='block_1_33' title="bbox 137 3125 1805 3201">
    <p class='ocr_par' dir='ltr' id='par_1_33' title="bbox 137 3125 1805 3201">
     <span class='ocr_line' id='line_1_33' title="bbox 137 3125 1805 3201; baseline 0.001 -19"><span class='ocrx_word' id='word_1_232' title='bbox 137 3132 362 3194; x_wconf 85' lang='lat' dir='ltr'>morte;</span> <span class='ocrx_word' id='word_1_233' title='bbox 395 3125 641 3197; x_wconf 89' lang='lat' dir='ltr'>respice,</span> <span class='ocrx_word' id='word_1_234' title='bbox 672 3129 729 3181; x_wconf 91' lang='lat' dir='ltr'>et</span> <span class='ocrx_word' id='word_1_235' title='bbox 770 3126 1046 3182; x_wconf 89' lang='lat' dir='ltr'>miserere</span> <span class='ocrx_word' id='word_1_236' title='bbox 1088 3127 1230 3182; x_wconf 90' lang='lat' dir='ltr'>mihi</span> <span class='ocrx_word' id='word_1_237' title='bbox 1264 3128 1478 3183; x_wconf 83' lang='lat' dir='ltr'>misero</span> <span class='ocrx_word' id='word_1_238' title='bbox 1526 3146 1805 3201; x_wconf 89' lang='lat' dir='ltr'>oppresso</span> 
     </span>
    </p>
   </div>
   <div class='ocr_carea' id='block_1_34' title="bbox 137 3214 1805 3288">
    <p class='ocr_par' dir='ltr' id='par_1_34' title="bbox 137 3214 1805 3288">
     <span class='ocr_line' id='line_1_34' title="bbox 137 3214 1805 3288; baseline 0 -17"><span class='ocrx_word' id='word_1_239' title='bbox 137 3215 473 3271; x_wconf 85' lang='lat' dir='ltr'>facinorum</span> <span class='ocrx_word' id='word_1_240' title='bbox 505 3215 763 3286; x_wconf 87' lang='lat' dir='ltr'>pondere</span> <span class='ocrx_word' id='word_1_241' title='bbox 795 3214 1236 3288; x_wconf 87' lang='lat' dir='ltr'>multarumque</span> <span class='ocrx_word' id='word_1_242' title='bbox 1258 3216 1650 3288; x_wconf 89' lang='lat' dir='ltr'>nequitiarum</span> <span class='ocrx_word' id='word_1_243' title='bbox 1677 3217 1805 3271; x_wconf 88' lang='lat' dir='ltr'>labe</span> 
     </span>
    </p>
   </div>
   <div class='ocr_carea' id='block_1_35' title="bbox 136 3291 1877 3377">
    <p class='ocr_par' dir='ltr' id='par_1_35' title="bbox 136 3291 1877 3377">
     <span class='ocr_line' id='line_1_35' title="bbox 136 3291 1877 3377; baseline -0.001 -17"><span class='ocrx_word' id='word_1_244' title='bbox 136 3304 398 3377; x_wconf 83' lang='lat' dir='ltr'>polluto;</span> <span class='ocrx_word' id='word_1_245' title='bbox 432 3320 551 3359; x_wconf 88' lang='lat' dir='ltr'>non</span> <span class='ocrx_word' id='word_1_246' title='bbox 574 3319 670 3359; x_wconf 90' lang='lat' dir='ltr'>me</span> <span class='ocrx_word' id='word_1_247' title='bbox 691 3302 951 3375; x_wconf 87' lang='lat' dir='ltr'>digneris</span> <span class='ocrx_word' id='word_1_248' title='bbox 977 3303 1401 3377; x_wconf 87' lang='lat' dir='ltr'>derelinquere,</span> <span class='ocrx_word' id='word_1_249' title='bbox 1421 3305 1685 3377; x_wconf 91' lang='lat' dir='ltr'>piissime</span> <span class='ocrx_word' id='word_1_250' title='bbox 1707 3291 1877 3361; x_wconf 87' lang='lat' dir='ltr'>Pa--C</span> 
     </span>
    </p>
   </div>
   <div class='ocr_carea' id='block_1_36' title="bbox 137 3390 1805 3466">
    <p class='ocr_par' dir='ltr' id='par_1_36' title="bbox 137 3390 1805 3466">
     <span class='ocr_line' id='line_1_36' title="bbox 137 3390 1805 3466; baseline 0.001 -17"><span class='ocrx_word' id='word_1_251' title='bbox 137 3397 239 3464; x_wconf 87' lang='lat' dir='ltr'>ter,</span> <span class='ocrx_word' id='word_1_252' title='bbox 261 3392 376 3449; x_wconf 78' lang='lat' dir='ltr'>sed</span> <span class='ocrx_word' id='word_1_253' title='bbox 400 3390 663 3465; x_wconf 89' lang='lat' dir='ltr'>indulge,</span> <span class='ocrx_word' id='word_1_254' title='bbox 683 3393 837 3463; x_wconf 91' lang='lat' dir='ltr'>quod</span> <span class='ocrx_word' id='word_1_255' title='bbox 863 3392 1041 3465; x_wconf 88' lang='lat' dir='ltr'>impie</span> <span class='ocrx_word' id='word_1_256' title='bbox 1064 3393 1239 3465; x_wconf 86' lang='lat' dir='ltr'>gessi.</span> <span class='ocrx_word' id='word_1_257' title='bbox 1261 3394 1480 3450; x_wconf 81' lang='lat' dir='ltr'>Exaudi</span> <span class='ocrx_word' id='word_1_258' title='bbox 1516 3412 1608 3450; x_wconf 89' lang='lat' dir='ltr'>me</span> <span class='ocrx_word' id='word_1_259' title='bbox 1640 3412 1805 3466; x_wconf 88' lang='lat' dir='ltr'>pros-</span> 
     </span>
    </p>
   </div>
   <div class='ocr_carea' id='block_1_37' title="bbox 135 3481 1807 3555">
    <p class='ocr_par' dir='ltr' id='par_1_37' title="bbox 135 3481 1807 3555">
     <span class='ocr_line' id='line_1_37' title="bbox 135 3481 1807 3555; baseline 0 -16"><span class='ocrx_word' id='word_1_260' title='bbox 135 3487 356 3539; x_wconf 84' lang='lat' dir='ltr'>tratum</span> <span class='ocrx_word' id='word_1_261' title='bbox 380 3498 584 3537; x_wconf 88' lang='lat' dir='ltr'>coram</span> <span class='ocrx_word' id='word_1_262' title='bbox 606 3481 905 3537; x_wconf 86' lang='lat' dir='ltr'>adoranda</span> <span class='ocrx_word' id='word_1_263' title='bbox 943 3482 1372 3555; x_wconf 88' lang='lat' dir='ltr'>gloriosissima</span> <span class='ocrx_word' id='word_1_264' title='bbox 1410 3500 1581 3539; x_wconf 89' lang='lat' dir='ltr'>cruce</span> <span class='ocrx_word' id='word_1_265' title='bbox 1608 3490 1710 3540; x_wconf 87' lang='lat' dir='ltr'>tua</span> <span class='ocrx_word' id='word_1_266' title='bbox 1741 3490 1807 3539; x_wconf 89' lang='lat' dir='ltr'>ut</span> 
     </span>
    </p>
   </div>
   <div class='ocr_carea' id='block_1_38' title="bbox 138 3569 1804 3644">
    <p class='ocr_par' dir='ltr' id='par_1_38' title="bbox 138 3569 1804 3644">
     <span class='ocr_line' id='line_1_38' title="bbox 138 3569 1804 3644; baseline 0 -17"><span class='ocrx_word' id='word_1_267' title='bbox 138 3588 370 3627; x_wconf 86' lang='lat' dir='ltr'>merear</span> <span class='ocrx_word' id='word_1_268' title='bbox 391 3569 501 3625; x_wconf 86' lang='lat' dir='ltr'>tibi</span> <span class='ocrx_word' id='word_1_269' title='bbox 533 3570 795 3625; x_wconf 90' lang='lat' dir='ltr'>mundus</span> <span class='ocrx_word' id='word_1_270' title='bbox 816 3571 1182 3635; x_wconf 84' lang='lat' dir='ltr'>assistere,et</span> <span class='ocrx_word' id='word_1_271' title='bbox 1202 3570 1427 3642; x_wconf 90' lang='lat' dir='ltr'>placere</span> <span class='ocrx_word' id='word_1_272' title='bbox 1466 3572 1804 3644; x_wconf 87' lang='lat' dir='ltr'>conspectui</span> 
     </span>
    </p>
   </div>
   <div class='ocr_carea' id='block_1_39' title="bbox 134 3659 1003 3734">
    <p class='ocr_par' dir='ltr' id='par_1_39' title="bbox 134 3659 1003 3734">
     <span class='ocr_line' id='line_1_39' title="bbox 134 3659 1003 3734; baseline -0.008 -17"><span class='ocrx_word' id='word_1_273' title='bbox 134 3666 252 3731; x_wconf 85' lang='lat' dir='ltr'>tuo,</span> <span class='ocrx_word' id='word_1_274' title='bbox 289 3660 402 3734; x_wconf 90' lang='lat' dir='ltr'>qui</span> <span class='ocrx_word' id='word_1_275' title='bbox 433 3675 569 3714; x_wconf 90' lang='lat' dir='ltr'>cum</span> <span class='ocrx_word' id='word_1_276' title='bbox 610 3659 797 3729; x_wconf 88' lang='lat' dir='ltr'>Patre,</span> <span class='ocrx_word' id='word_1_277' title='bbox 830 3663 940 3715; x_wconf 89' lang='lat' dir='ltr'>etc.</span> <span class='ocrx_word' id='word_1_278' title='bbox 975 3681 1003 3711; x_wconf 85' lang='lat'>»</span> 
     </span>
    </p>
   </div>
   <div class='ocr_carea' id='block_1_40' title="bbox 197 3747 1803 3807">
    <p class='ocr_par' dir='ltr' id='par_1_40' title="bbox 197 3747 1803 3807">
     <span class='ocr_line' id='line_1_40' title="bbox 197 3747 1803 3807; baseline 0 0"><span class='ocrx_word' id='word_1_279' title='bbox 197 3753 246 3807; x_wconf 83' lang='lat' dir='ltr'><strong>A</strong></span> <span class='ocrx_word' id='word_1_280' title='bbox 273 3748 465 3806; x_wconf 82' lang='lat' dir='ltr'>tertia</span> <span class='ocrx_word' id='word_1_281' title='bbox 494 3747 739 3803; x_wconf 89' lang='lat' dir='ltr'>ultimos</span> <span class='ocrx_word' id='word_1_282' title='bbox 769 3749 917 3804; x_wconf 90' lang='lat' dir='ltr'>duos</span> <span class='ocrx_word' id='word_1_283' title='bbox 966 3765 1101 3804; x_wconf 90' lang='lat' dir='ltr'>cum</span> <span class='ocrx_word' id='word_1_284' title='bbox 1145 3750 1406 3806; x_wconf 88' lang='lat' dir='ltr'>oratione</span> <span class='ocrx_word' id='word_1_285' title='bbox 1437 3767 1450 3805; x_wconf 91' lang='lat'>:</span> <span class='ocrx_word' id='word_1_286' title='bbox 1489 3773 1516 3801; x_wconf 84' lang='lat'><strong>«</strong></span> <span class='ocrx_word' id='word_1_287' title='bbox 1558 3752 1803 3807; x_wconf 87' lang='lat' dir='ltr'>Domine</span> 
     </span>
    </p>
   </div>
   <div class='ocr_carea' id='block_1_41' title="bbox 136 3834 1806 3909">
    <p class='ocr_par' dir='ltr' id='par_1_41' title="bbox 136 3834 1806 3909">
     <span class='ocr_line' id='line_1_41' title="bbox 136 3834 1806 3909; baseline 0.002 -16"><span class='ocrx_word' id='word_1_288' title='bbox 136 3838 519 3909; x_wconf 84' lang='lat' dir='ltr'>omnipotens</span> <span class='ocrx_word' id='word_1_289' title='bbox 547 3835 688 3891; x_wconf 85' lang='lat' dir='ltr'>Jesu</span> <span class='ocrx_word' id='word_1_290' title='bbox 719 3834 970 3904; x_wconf 90' lang='lat' dir='ltr'>Christe,</span> <span class='ocrx_word' id='word_1_291' title='bbox 1009 3837 1107 3908; x_wconf 91' lang='lat' dir='ltr'>qui</span> <span class='ocrx_word' id='word_1_292' title='bbox 1141 3842 1275 3893; x_wconf 90' lang='lat' dir='ltr'>tuas</span> <span class='ocrx_word' id='word_1_293' title='bbox 1306 3855 1518 3895; x_wconf 85' lang='lat' dir='ltr'>manus</span> <span class='ocrx_word' id='word_1_294' title='bbox 1552 3841 1806 3896; x_wconf 87' lang='lat' dir='ltr'>mundas</span> 
     </span>
    </p>
   </div>
   <div class='ocr_carea' id='block_1_42' title="bbox 137 3923 1806 4001">
    <p class='ocr_par' dir='ltr' id='par_1_42' title="bbox 137 3923 1806 4001">
     <span class='ocr_line' id='line_1_42' title="bbox 137 3923 1806 4001; baseline 0.001 -18"><span class='ocrx_word' id='word_1_295' title='bbox 137 3931 383 3999; x_wconf 84' lang='lat' dir='ltr'>propter</span> <span class='ocrx_word' id='word_1_296' title='bbox 412 3940 522 3981; x_wconf 87' lang='lat' dir='ltr'>nos</span> <span class='ocrx_word' id='word_1_297' title='bbox 540 3923 603 3979; x_wconf 92' lang='lat' dir='ltr'>in</span> <span class='ocrx_word' id='word_1_298' title='bbox 619 3940 792 3979; x_wconf 89' lang='lat' dir='ltr'>cruce</span> <span class='ocrx_word' id='word_1_299' title='bbox 809 3924 1158 3996; x_wconf 89' lang='lat' dir='ltr'>posuisti,et</span> <span class='ocrx_word' id='word_1_300' title='bbox 1182 3926 1251 3981; x_wconf 54' lang='lat' dir='ltr'>fle</span> <span class='ocrx_word' id='word_1_301' title='bbox 1268 3931 1369 3982; x_wconf 89' lang='lat' dir='ltr'>tuo</span> <span class='ocrx_word' id='word_1_302' title='bbox 1393 3929 1678 4001; x_wconf 89' lang='lat' dir='ltr'>sanguine</span> <span class='ocrx_word' id='word_1_303' title='bbox 1700 3945 1806 3984; x_wconf 83' lang='lat' dir='ltr'>nos</span> 
     </span>
    </p>
   </div>
   <div class='ocr_carea' id='block_1_43' title="bbox 136 4010 1807 4087">
    <p class='ocr_par' dir='ltr' id='par_1_43' title="bbox 136 4010 1807 4087">
     <span class='ocr_line' id='line_1_43' title="bbox 136 4010 1807 4087; baseline 0 -17"><span class='ocrx_word' id='word_1_304' title='bbox 136 4011 471 4079; x_wconf 82' lang='lat' dir='ltr'>redemisti,</span> <span class='ocrx_word' id='word_1_305' title='bbox 505 4010 675 4067; x_wconf 89' lang='lat' dir='ltr'>mitte</span> <span class='ocrx_word' id='word_1_306' title='bbox 708 4010 768 4065; x_wconf 90' lang='lat' dir='ltr'>in</span> <span class='ocrx_word' id='word_1_307' title='bbox 813 4026 906 4066; x_wconf 87' lang='lat' dir='ltr'>me</span> <span class='ocrx_word' id='word_1_308' title='bbox 957 4028 1223 4079; x_wconf 88' lang='lat' dir='ltr'>sensum,</span> <span class='ocrx_word' id='word_1_309' title='bbox 1254 4017 1311 4067; x_wconf 91' lang='lat' dir='ltr'>et</span> <span class='ocrx_word' id='word_1_310' title='bbox 1359 4013 1807 4087; x_wconf 82' lang='lat' dir='ltr'>intelligentiam</span> 
     </span>
    </p>
   </div>
   <div class='ocr_carea' id='block_1_44' title="bbox 136 4100 1807 4176">
    <p class='ocr_par' dir='ltr' id='par_1_44' title="bbox 136 4100 1807 4176">
     <span class='ocr_line' id='line_1_44' title="bbox 136 4100 1807 4176; baseline -0.001 -16"><span class='ocrx_word' id='word_1_311' title='bbox 136 4101 439 4176; x_wconf 85' lang='lat' dir='ltr'>quomodo</span> <span class='ocrx_word' id='word_1_312' title='bbox 470 4100 722 4157; x_wconf 85' lang='lat' dir='ltr'>habeam</span> <span class='ocrx_word' id='word_1_313' title='bbox 751 4115 948 4156; x_wconf 88' lang='lat' dir='ltr'>veram</span> <span class='ocrx_word' id='word_1_314' title='bbox 989 4101 1420 4173; x_wconf 62' lang='lat' dir='ltr'>paenitentiam,</span> <span class='ocrx_word' id='word_1_315' title='bbox 1454 4106 1510 4157; x_wconf 87' lang='lat' dir='ltr'>et</span> <span class='ocrx_word' id='word_1_316' title='bbox 1558 4103 1807 4159; x_wconf 87' lang='lat' dir='ltr'>habeam</span> 
     </span>
    </p>
   </div>
   <div class='ocr_carea' id='block_1_45' title="bbox 137 4189 1806 4263">
    <p class='ocr_par' dir='ltr' id='par_1_45' title="bbox 137 4189 1806 4263">
     <span class='ocr_line' id='line_1_45' title="bbox 137 4189 1806 4263; baseline -0.001 -15"><span class='ocrx_word' id='word_1_317' title='bbox 137 4193 355 4250; x_wconf 87' lang='lat' dir='ltr'>bonam</span> <span class='ocrx_word' id='word_1_318' title='bbox 388 4189 891 4263; x_wconf 80' lang='lat' dir='ltr'>perseverantiam</span> <span class='ocrx_word' id='word_1_319' title='bbox 923 4189 1202 4244; x_wconf 90' lang='lat' dir='ltr'>omnibus</span> <span class='ocrx_word' id='word_1_320' title='bbox 1235 4190 1443 4246; x_wconf 90' lang='lat' dir='ltr'>diebus</span> <span class='ocrx_word' id='word_1_321' title='bbox 1481 4190 1611 4245; x_wconf 80' lang='lat' dir='ltr'>vitae</span> <span class='ocrx_word' id='word_1_322' title='bbox 1643 4209 1806 4247; x_wconf 67' lang='lat' dir='ltr'>meae.</span> 
     </span>
    </p>
   </div>
   <div class='ocr_carea' id='block_1_46' title="bbox 136 4277 1811 4351">
    <p class='ocr_par' dir='ltr' id='par_1_46' title="bbox 136 4277 1811 4351">
     <span class='ocr_line' id='line_1_46' title="bbox 136 4277 1811 4351; baseline 0.001 -16"><span class='ocrx_word' id='word_1_323' title='bbox 136 4282 341 4337; x_wconf 83' lang='lat' dir='ltr'>Amen.</span> <span class='ocrx_word' id='word_1_324' title='bbox 359 4302 389 4331; x_wconf 87' lang='lat'><strong><em>»</em></strong></span> <span class='ocrx_word' id='word_1_325' title='bbox 417 4279 492 4335; x_wconf 89' lang='lat' dir='ltr'>Et</span> <span class='ocrx_word' id='word_1_326' title='bbox 506 4294 635 4335; x_wconf 87' lang='lat' dir='ltr'>eam</span> <span class='ocrx_word' id='word_1_327' title='bbox 658 4277 964 4333; x_wconf 90' lang='lat' dir='ltr'>humiliter</span> <span class='ocrx_word' id='word_1_328' title='bbox 978 4277 1328 4334; x_wconf 89' lang='lat' dir='ltr'>deosculans</span> <span class='ocrx_word' id='word_1_329' title='bbox 1350 4284 1573 4351; x_wconf 88' lang='lat' dir='ltr'>surgat.</span> <span class='ocrx_word' id='word_1_330' title='bbox 1590 4279 1811 4336; x_wconf 89' lang='lat' dir='ltr'>Dehinc</span> 
     </span>
    </p>
   </div>
   <div class='ocr_carea' id='block_1_47' title="bbox 138 4363 1812 4424">
    <p class='ocr_par' dir='ltr' id='par_1_47' title="bbox 138 4363 1812 4424">
     <span class='ocr_line' id='line_1_47' title="bbox 138 4363 1812 4424; baseline 0.002 -3"><span class='ocrx_word' id='word_1_331' title='bbox 138 4363 531 4423; x_wconf 87' lang='lat' dir='ltr'>sinisterioris</span> <span class='ocrx_word' id='word_1_332' title='bbox 545 4363 706 4420; x_wconf 87' lang='lat' dir='ltr'>chori</span> <span class='ocrx_word' id='word_1_333' title='bbox 722 4380 926 4420; x_wconf 91' lang='lat' dir='ltr'>omnes</span> <span class='ocrx_word' id='word_1_334' title='bbox 938 4366 1148 4420; x_wconf 81' lang='lat' dir='ltr'>fratres</span> <span class='ocrx_word' id='word_1_335' title='bbox 1159 4366 1362 4421; x_wconf 90' lang='lat' dir='ltr'>eadem</span> <span class='ocrx_word' id='word_1_336' title='bbox 1388 4371 1581 4423; x_wconf 89' lang='lat' dir='ltr'>mente</span> <span class='ocrx_word' id='word_1_337' title='bbox 1607 4368 1812 4424; x_wconf 89' lang='lat' dir='ltr'>devota</span> 
     </span>
    </p>
   </div>
   <div class='ocr_carea' id='block_1_48' title="bbox 140 4450 1811 4529">
    <p class='ocr_par' dir='ltr' id='par_1_48' title="bbox 140 4450 1811 4529">
     <span class='ocr_line' id='line_1_48' title="bbox 140 4450 1811 4529; baseline 0 -18"><span class='ocrx_word' id='word_1_338' title='bbox 140 4458 605 4529; x_wconf 84' lang='lat' dir='ltr'>peragant,nam</span> <span class='ocrx_word' id='word_1_339' title='bbox 630 4450 887 4508; x_wconf 83' lang='lat' dir='ltr'>salutata</span> <span class='ocrx_word' id='word_1_340' title='bbox 906 4452 980 4507; x_wconf 90' lang='lat' dir='ltr'>ab</span> <span class='ocrx_word' id='word_1_341' title='bbox 1007 4453 1218 4508; x_wconf 89' lang='lat' dir='ltr'>abbate</span> <span class='ocrx_word' id='word_1_342' title='bbox 1242 4453 1327 4507; x_wconf 89' lang='lat' dir='ltr'>vel</span> <span class='ocrx_word' id='word_1_343' title='bbox 1347 4454 1623 4510; x_wconf 87' lang='lat' dir='ltr'>omnibus</span> <span class='ocrx_word' id='word_1_344' title='bbox 1641 4472 1811 4511; x_wconf 89' lang='lat' dir='ltr'>cruce</span> 
     </span>
    </p>
   </div>
   <div class='ocr_carea' id='block_1_49' title="bbox 139 4541 1810 4615">
    <p class='ocr_par' dir='ltr' id='par_1_49' title="bbox 139 4541 1810 4615">
     <span class='ocr_line' id='line_1_49' title="bbox 139 4541 1810 4615; baseline 0 -16"><span class='ocrx_word' id='word_1_345' title='bbox 139 4543 340 4599; x_wconf 84' lang='lat' dir='ltr'>redeat</span> <span class='ocrx_word' id='word_1_346' title='bbox 357 4542 491 4615; x_wconf 87' lang='lat' dir='ltr'>ipse</span> <span class='ocrx_word' id='word_1_347' title='bbox 513 4541 700 4596; x_wconf 85' lang='lat' dir='ltr'>abbas</span> <span class='ocrx_word' id='word_1_348' title='bbox 721 4541 793 4596; x_wconf 89' lang='lat' dir='ltr'>ad</span> <span class='ocrx_word' id='word_1_349' title='bbox 815 4541 1012 4597; x_wconf 85' lang='lat' dir='ltr'>sedem</span> <span class='ocrx_word' id='word_1_350' title='bbox 1037 4557 1207 4597; x_wconf 91' lang='lat' dir='ltr'>suam</span> <span class='ocrx_word' id='word_1_351' title='bbox 1228 4557 1414 4613; x_wconf 90' lang='lat' dir='ltr'>usque</span> <span class='ocrx_word' id='word_1_352' title='bbox 1444 4543 1585 4598; x_wconf 88' lang='lat' dir='ltr'>dum</span> <span class='ocrx_word' id='word_1_353' title='bbox 1618 4544 1810 4599; x_wconf 88' lang='lat' dir='ltr'>omnis</span> 
     </span>
    </p>
   </div>
   <div class='ocr_carea' id='block_1_50' title="bbox 139 4628 1811 4703">
    <p class='ocr_par' dir='ltr' id='par_1_50' title="bbox 139 4628 1811 4703">
     <span class='ocr_line' id='line_1_50' title="bbox 139 4628 1811 4703; baseline 0.001 -18"><span class='ocrx_word' id='word_1_354' title='bbox 139 4631 328 4687; x_wconf 88' lang='lat' dir='ltr'>clerus</span> <span class='ocrx_word' id='word_1_355' title='bbox 375 4647 449 4687; x_wconf 87' lang='lat' dir='ltr'>ac</span> <span class='ocrx_word' id='word_1_356' title='bbox 492 4628 748 4701; x_wconf 88' lang='lat' dir='ltr'>populus</span> <span class='ocrx_word' id='word_1_357' title='bbox 784 4628 893 4685; x_wconf 88' lang='lat' dir='ltr'>hoc</span> <span class='ocrx_word' id='word_1_358' title='bbox 935 4629 1092 4684; x_wconf 89' lang='lat' dir='ltr'>idem</span> <span class='ocrx_word' id='word_1_359' title='bbox 1145 4629 1348 4698; x_wconf 85' lang='lat' dir='ltr'>faciat;</span> <span class='ocrx_word' id='word_1_360' title='bbox 1384 4628 1522 4687; x_wconf 78' lang='lat' dir='ltr'>nam</span> <span class='ocrx_word' id='word_1_361' title='bbox 1571 4633 1711 4703; x_wconf 91' lang='lat' dir='ltr'>quia</span> <span class='ocrx_word' id='word_1_362' title='bbox 1743 4649 1811 4687; x_wconf 89' lang='lat' dir='ltr'>ea</span> 
     </span>
    </p>
   </div>
   <div class='ocr_carea' id='block_1_51' title="bbox 138 4716 1809 4791">
    <p class='ocr_par' dir='ltr' id='par_1_51' title="bbox 138 4716 1809 4791">
     <span class='ocr_line' id='line_1_51' title="bbox 138 4716 1809 4791; baseline 0.001 -18"><span class='ocrx_word' id='word_1_363' title='bbox 138 4719 228 4775; x_wconf 86' lang='lat' dir='ltr'>die</span> <span class='ocrx_word' id='word_1_364' title='bbox 255 4719 701 4791; x_wconf 88' lang='lat' dir='ltr'>depositionem</span> <span class='ocrx_word' id='word_1_365' title='bbox 751 4717 1011 4788; x_wconf 90' lang='lat' dir='ltr'>corporis</span> <span class='ocrx_word' id='word_1_366' title='bbox 1062 4716 1381 4774; x_wconf 88' lang='lat' dir='ltr'>Salvatoris</span> <span class='ocrx_word' id='word_1_367' title='bbox 1429 4720 1614 4774; x_wconf 84' lang='lat' dir='ltr'>nostri</span> <span class='ocrx_word' id='word_1_368' title='bbox 1660 4720 1809 4775; x_wconf 87' lang='lat' dir='ltr'>cele-</span> 
     </span>
    </p>
   </div>
   <div class='ocr_carea' id='block_1_52' title="bbox 138 4805 1809 4878">
    <p class='ocr_par' dir='ltr' id='par_1_52' title="bbox 138 4805 1809 4878">
     <span class='ocr_line' id='line_1_52' title="bbox 138 4805 1809 4878; baseline 0.001 -17"><span class='ocrx_word' id='word_1_369' title='bbox 138 4807 412 4875; x_wconf 85' lang='lat' dir='ltr'>bramus,</span> <span class='ocrx_word' id='word_1_370' title='bbox 444 4823 621 4862; x_wconf 90' lang='lat' dir='ltr'>usum</span> <span class='ocrx_word' id='word_1_371' title='bbox 649 4806 1043 4878; x_wconf 87' lang='lat' dir='ltr'>quorumdam</span> <span class='ocrx_word' id='word_1_372' title='bbox 1089 4805 1495 4878; x_wconf 89' lang='lat' dir='ltr'>religiosorum</span> <span class='ocrx_word' id='word_1_373' title='bbox 1545 4808 1809 4864; x_wconf 85' lang='lat' dir='ltr'>imitabi-</span> 
     </span>
    </p>
   </div>
   <div class='ocr_carea' id='block_1_53' title="bbox 140 4894 1810 4968">
    <p class='ocr_par' dir='ltr' id='par_1_53' title="bbox 140 4894 1810 4968">
     <span class='ocr_line' id='line_1_53' title="bbox 140 4894 1810 4968; baseline 0.002 -18"><span class='ocrx_word' id='word_1_374' title='bbox 140 4894 249 4952; x_wconf 87' lang='lat' dir='ltr'>lem</span> <span class='ocrx_word' id='word_1_375' title='bbox 284 4897 360 4953; x_wconf 87' lang='lat' dir='ltr'>ad</span> <span class='ocrx_word' id='word_1_376' title='bbox 397 4897 575 4951; x_wconf 82' lang='lat' dir='ltr'>ﬁdem</span> <span class='ocrx_word' id='word_1_377' title='bbox 610 4895 827 4949; x_wconf 89' lang='lat' dir='ltr'>indocti</span> <span class='ocrx_word' id='word_1_378' title='bbox 856 4894 1015 4967; x_wconf 82' lang='lat' dir='ltr'>vulgi</span> <span class='ocrx_word' id='word_1_379' title='bbox 1050 4911 1116 4950; x_wconf 87' lang='lat' dir='ltr'>ac</span> <span class='ocrx_word' id='word_1_380' title='bbox 1146 4902 1570 4968; x_wconf 85' lang='lat' dir='ltr'>neopgytorum</span> <span class='ocrx_word' id='word_1_381' title='bbox 1610 4914 1810 4953; x_wconf 87' lang='lat' dir='ltr'>corro-</span> 
     </span>
    </p>
   </div>
   <div class='ocr_carea' id='block_1_54' title="bbox 142 4983 1811 5056">
    <p class='ocr_par' dir='ltr' id='par_1_54' title="bbox 142 4983 1811 5056">
     <span class='ocr_line' id='line_1_54' title="bbox 142 4983 1811 5056; baseline 0.001 -18"><span class='ocrx_word' id='word_1_382' title='bbox 142 4984 468 5040; x_wconf 88' lang='lat' dir='ltr'>borandam</span> <span class='ocrx_word' id='word_1_383' title='bbox 492 4983 932 5056; x_wconf 68' lang='lat' dir='ltr'>aequiperando,</span> <span class='ocrx_word' id='word_1_384' title='bbox 952 4983 1118 5054; x_wconf 88' lang='lat' dir='ltr'>sequi</span> <span class='ocrx_word' id='word_1_385' title='bbox 1140 4985 1187 5040; x_wconf 89' lang='lat' dir='ltr'>si</span> <span class='ocrx_word' id='word_1_386' title='bbox 1209 4984 1289 5038; x_wconf 89' lang='lat' dir='ltr'>ita</span> <span class='ocrx_word' id='word_1_387' title='bbox 1315 4985 1406 5038; x_wconf 91' lang='lat' dir='ltr'>cui</span> <span class='ocrx_word' id='word_1_388' title='bbox 1430 4986 1620 5040; x_wconf 90' lang='lat' dir='ltr'>visum</span> <span class='ocrx_word' id='word_1_389' title='bbox 1639 4986 1811 5040; x_wconf 79' lang='lat' dir='ltr'>fuerit</span> 
     </span>
    </p>
   </div>
   <div class='ocr_carea' id='block_1_55' title="bbox 141 5068 1809 5140">
    <p class='ocr_par' dir='ltr' id='par_1_55' title="bbox 141 5068 1809 5140">
     <span class='ocr_line' id='line_1_55' title="bbox 141 5068 1809 5140; baseline 0.003 -17"><span class='ocrx_word' id='word_1_390' title='bbox 141 5069 224 5124; x_wconf 83' lang='lat' dir='ltr'>vel</span> <span class='ocrx_word' id='word_1_391' title='bbox 250 5071 369 5126; x_wconf 88' lang='lat' dir='ltr'>sibi</span> <span class='ocrx_word' id='word_1_392' title='bbox 403 5070 601 5126; x_wconf 85' lang='lat' dir='ltr'>taliter</span> <span class='ocrx_word' id='word_1_393' title='bbox 638 5068 923 5140; x_wconf 86' lang='lat' dir='ltr'>placuerit</span> <span class='ocrx_word' id='word_1_394' title='bbox 944 5070 1053 5124; x_wconf 90' lang='lat' dir='ltr'>hoc</span> <span class='ocrx_word' id='word_1_395' title='bbox 1086 5070 1260 5126; x_wconf 91' lang='lat' dir='ltr'>modo</span> <span class='ocrx_word' id='word_1_396' title='bbox 1298 5072 1687 5127; x_wconf 88' lang='lat' dir='ltr'>decrevimus.</span> <span class='ocrx_word' id='word_1_397' title='bbox 1722 5074 1809 5129; x_wconf 89' lang='lat' dir='ltr'>Sit</span> 
     </span>
    </p>
   </div>
   <div class='ocr_carea' id='block_1_56' title="bbox 143 5158 1810 5233">
    <p class='ocr_par' dir='ltr' id='par_1_56' title="bbox 143 5158 1810 5233">
     <span class='ocr_line' id='line_1_56' title="bbox 143 5158 1810 5233; baseline 0.003 -21"><span class='ocrx_word' id='word_1_398' title='bbox 143 5163 338 5215; x_wconf 86' lang='lat' dir='ltr'>autem</span> <span class='ocrx_word' id='word_1_399' title='bbox 372 5160 433 5214; x_wconf 89' lang='lat' dir='ltr'>in</span> <span class='ocrx_word' id='word_1_400' title='bbox 470 5176 593 5215; x_wconf 90' lang='lat' dir='ltr'>una</span> <span class='ocrx_word' id='word_1_401' title='bbox 614 5162 777 5229; x_wconf 88' lang='lat' dir='ltr'>parte</span> <span class='ocrx_word' id='word_1_402' title='bbox 798 5158 1156 5230; x_wconf 88' lang='lat' dir='ltr'>altaris.qua</span> <span class='ocrx_word' id='word_1_403' title='bbox 1174 5177 1425 5215; x_wconf 88' lang='lat' dir='ltr'>vacuum</span> <span class='ocrx_word' id='word_1_404' title='bbox 1450 5161 1641 5229; x_wconf 92' lang='lat' dir='ltr'>fuerit,</span> <span class='ocrx_word' id='word_1_405' title='bbox 1659 5180 1810 5233; x_wconf 66' lang='lat' dir='ltr'>quaa-</span> 
     </span>
    </p>
   </div>
   <div class='ocr_carea' id='block_1_57' title="bbox 144 5245 1808 5320">
    <p class='ocr_par' dir='ltr' id='par_1_57' title="bbox 144 5245 1808 5320">
     <span class='ocr_line' id='line_1_57' title="bbox 144 5245 1808 5320; baseline 0.004 -20"><span class='ocrx_word' id='word_1_406' title='bbox 144 5245 276 5302; x_wconf 86' lang='lat' dir='ltr'>dam</span> <span class='ocrx_word' id='word_1_407' title='bbox 307 5247 669 5303; x_wconf 87' lang='lat' dir='ltr'>assimilatio</span> <span class='ocrx_word' id='word_1_408' title='bbox 701 5246 953 5318; x_wconf 89' lang='lat' dir='ltr'>sepulcri</span> <span class='ocrx_word' id='word_1_409' title='bbox 986 5247 1371 5320; x_wconf 88' lang='lat' dir='ltr'>velamenque</span> <span class='ocrx_word' id='word_1_410' title='bbox 1421 5252 1714 5320; x_wconf 89' lang='lat' dir='ltr'>quoddam</span> <span class='ocrx_word' id='word_1_411' title='bbox 1750 5253 1808 5306; x_wconf 89' lang='lat' dir='ltr'>in</span> 
     </span>
    </p>
   </div>
   <div class='ocr_carea' id='block_1_58' title="bbox 144 5334 1811 5407">
    <p class='ocr_par' dir='ltr' id='par_1_58' title="bbox 144 5334 1811 5407">
     <span class='ocr_line' id='line_1_58' title="bbox 144 5334 1811 5407; baseline 0.002 -16"><span class='ocrx_word' id='word_1_412' title='bbox 144 5334 263 5405; x_wconf 87' lang='lat' dir='ltr'>giro</span> <span class='ocrx_word' id='word_1_413' title='bbox 294 5341 564 5404; x_wconf 86' lang='lat' dir='ltr'>tensum,</span> <span class='ocrx_word' id='word_1_414' title='bbox 585 5335 647 5390; x_wconf 91' lang='lat' dir='ltr'>in</span> <span class='ocrx_word' id='word_1_415' title='bbox 668 5336 827 5407; x_wconf 92' lang='lat' dir='ltr'>quod</span> <span class='ocrx_word' id='word_1_416' title='bbox 849 5337 989 5391; x_wconf 90' lang='lat' dir='ltr'>dum</span> <span class='ocrx_word' id='word_1_417' title='bbox 1014 5342 1219 5392; x_wconf 90' lang='lat' dir='ltr'>sancta</span> <span class='ocrx_word' id='word_1_418' title='bbox 1245 5354 1387 5392; x_wconf 85' lang='lat' dir='ltr'>crux</span> <span class='ocrx_word' id='word_1_419' title='bbox 1425 5340 1665 5394; x_wconf 85' lang='lat' dir='ltr'>adorata</span> <span class='ocrx_word' id='word_1_420' title='bbox 1696 5342 1811 5396; x_wconf 90' lang='lat' dir='ltr'>fue-</span> 
     </span>
    </p>
   </div>
   <div class='ocr_carea' id='block_1_59' title="bbox 146 5422 1808 5502">
    <p class='ocr_par' dir='ltr' id='par_1_59' title="bbox 146 5422 1808 5502">
     <span class='ocr_line' id='line_1_59' title="bbox 146 5422 1808 5502; baseline 0.005 -25"><span class='ocrx_word' id='word_1_421' title='bbox 146 5422 217 5478; x_wconf 85' lang='lat' dir='ltr'>rit</span> <span class='ocrx_word' id='word_1_422' title='bbox 270 5426 613 5497; x_wconf 85' lang='lat' dir='ltr'>deponatur</span> <span class='ocrx_word' id='word_1_423' title='bbox 669 5423 779 5478; x_wconf 90' lang='lat' dir='ltr'>hoc</span> <span class='ocrx_word' id='word_1_424' title='bbox 837 5425 1040 5480; x_wconf 90' lang='lat' dir='ltr'>ordine</span> <span class='ocrx_word' id='word_1_425' title='bbox 1074 5442 1089 5479; x_wconf 88' lang='lat'><strong>:</strong></span> <span class='ocrx_word' id='word_1_426' title='bbox 1123 5426 1359 5481; x_wconf 90' lang='lat' dir='ltr'>veniant</span> <span class='ocrx_word' id='word_1_427' title='bbox 1413 5427 1664 5497; x_wconf 87' lang='lat' dir='ltr'>diaconi,</span> <span class='ocrx_word' id='word_1_428' title='bbox 1706 5430 1808 5502; x_wconf 88' lang='lat' dir='ltr'>qui</span> 
     </span>
    </p>
   </div>
   <div class='ocr_carea' id='block_1_60' title="bbox 144 5512 1806 5586">
    <p class='ocr_par' dir='ltr' id='par_1_60' title="bbox 144 5512 1806 5586">
     <span class='ocr_line' id='line_1_60' title="bbox 144 5512 1806 5586; baseline 0.005 -20"><span class='ocrx_word' id='word_1_429' title='bbox 144 5512 305 5582; x_wconf 86' lang='lat' dir='ltr'>prius</span> <span class='ocrx_word' id='word_1_430' title='bbox 322 5517 713 5586; x_wconf 86' lang='lat' dir='ltr'>portaverunt</span> <span class='ocrx_word' id='word_1_431' title='bbox 733 5519 956 5582; x_wconf 87' lang='lat' dir='ltr'>cam,et</span> <span class='ocrx_word' id='word_1_432' title='bbox 976 5513 1272 5569; x_wconf 86' lang='lat' dir='ltr'>involvant</span> <span class='ocrx_word' id='word_1_433' title='bbox 1300 5532 1429 5570; x_wconf 89' lang='lat' dir='ltr'>eam</span> <span class='ocrx_word' id='word_1_434' title='bbox 1470 5515 1715 5574; x_wconf 90' lang='lat' dir='ltr'>sindone</span> <span class='ocrx_word' id='word_1_435' title='bbox 1746 5519 1806 5573; x_wconf 91' lang='lat' dir='ltr'>in</span> 
     </span>
    </p>
   </div>
   <div class='ocr_carea' id='block_1_61' title="bbox 143 5597 1806 5674">
    <p class='ocr_par' dir='ltr' id='par_1_61' title="bbox 143 5597 1806 5674">
     <span class='ocr_line' id='line_1_61' title="bbox 143 5597 1806 5674; baseline 0.006 -21"><span class='ocrx_word' id='word_1_436' title='bbox 143 5597 263 5656; x_wconf 87' lang='lat' dir='ltr'>loco</span> <span class='ocrx_word' id='word_1_437' title='bbox 307 5602 415 5657; x_wconf 89' lang='lat' dir='ltr'>ubi</span> <span class='ocrx_word' id='word_1_438' title='bbox 448 5604 694 5658; x_wconf 86' lang='lat' dir='ltr'>adorata</span> <span class='ocrx_word' id='word_1_439' title='bbox 741 5605 851 5670; x_wconf 88' lang='lat' dir='ltr'>est,</span> <span class='ocrx_word' id='word_1_440' title='bbox 874 5605 1016 5657; x_wconf 86' lang='lat' dir='ltr'>tunc</span> <span class='ocrx_word' id='word_1_441' title='bbox 1046 5608 1343 5674; x_wconf 87' lang='lat' dir='ltr'>reportent</span> <span class='ocrx_word' id='word_1_442' title='bbox 1372 5621 1499 5659; x_wconf 89' lang='lat' dir='ltr'>eam</span> <span class='ocrx_word' id='word_1_443' title='bbox 1532 5612 1806 5663; x_wconf 87' lang='lat' dir='ltr'>canentes</span> 
     </span>
    </p>
   </div>
   <div class='ocr_carea' id='block_1_62' title="bbox 144 5689 1801 5774">
    <p class='ocr_par' dir='ltr' id='par_1_62' title="bbox 144 5689 1801 5774">
     <span class='ocr_line' id='line_1_62' title="bbox 144 5689 1801 5774; baseline 0.002 -23"><span class='ocrx_word' id='word_1_444' title='bbox 144 5689 507 5770; x_wconf 74' lang='lat' dir='ltr'>antiphonas</span> <span class='ocrx_word' id='word_1_445' title='bbox 541 5707 554 5748; x_wconf 90' lang='lat'>:</span> <span class='ocrx_word' id='word_1_446' title='bbox 587 5690 652 5747; x_wconf 80' lang='lat' dir='ltr'>In</span> <span class='ocrx_word' id='word_1_447' title='bbox 689 5706 820 5774; x_wconf 78' lang='lat' dir='ltr'>pace</span> <span class='ocrx_word' id='word_1_448' title='bbox 866 5692 926 5749; x_wconf 84' lang='lat' dir='ltr'>in</span> <span class='ocrx_word' id='word_1_449' title='bbox 975 5690 1248 5769; x_wconf 81' lang='lat' dir='ltr'>idipsum;</span> <span class='ocrx_word' id='word_1_450' title='bbox 1296 5693 1598 5754; x_wconf 81' lang='lat' dir='ltr'>Habitabit.</span> <span class='ocrx_word' id='word_1_451' title='bbox 1636 5695 1801 5770; x_wconf 85' lang='lat' dir='ltr'>Item,</span> 
     </span>
    </p>
   </div>
   <div class='ocr_carea' id='block_1_63' title="bbox 1935 654 3589 728">
    <p class='ocr_par' dir='ltr' id='par_1_63' title="bbox 1935 654 3589 728">
     <span class='ocr_line' id='line_1_63' title="bbox 1935 654 3589 728; baseline 0.01 -25"><span class='ocrx_word' id='word_1_452' title='bbox 1935 654 2719 728; x_wconf 86' lang='lat' dir='ltr'>monumenti,depositaque</span> <span class='ocrx_word' id='word_1_453' title='bbox 2750 674 2920 714; x_wconf 90' lang='lat' dir='ltr'>cruce</span> <span class='ocrx_word' id='word_1_454' title='bbox 2952 661 3070 714; x_wconf 90' lang='lat' dir='ltr'>acsi</span> <span class='ocrx_word' id='word_1_455' title='bbox 3122 660 3354 716; x_wconf 89' lang='lat' dir='ltr'>Domini</span> <span class='ocrx_word' id='word_1_456' title='bbox 3401 662 3589 718; x_wconf 83' lang='lat' dir='ltr'>nostri</span> 
     </span>
    </p>
   </div>
   <div class='ocr_carea' id='block_1_64' title="bbox 1932 737 3590 822">
    <p class='ocr_par' dir='ltr' id='par_1_64' title="bbox 1932 737 3590 822">
     <span class='ocr_line' id='line_1_64' title="bbox 1932 737 3590 822; baseline 0.009 -30"><span class='ocrx_word' id='word_1_457' title='bbox 1932 737 2072 793; x_wconf 87' lang='lat' dir='ltr'>Jesu</span> <span class='ocrx_word' id='word_1_458' title='bbox 2121 741 2334 797; x_wconf 90' lang='lat' dir='ltr'>Christi</span> <span class='ocrx_word' id='word_1_459' title='bbox 2387 761 2629 816; x_wconf 90' lang='lat' dir='ltr'>corpore</span> <span class='ocrx_word' id='word_1_460' title='bbox 2679 746 2927 818; x_wconf 89' lang='lat' dir='ltr'>sepulto,</span> <span class='ocrx_word' id='word_1_461' title='bbox 2952 748 3151 804; x_wconf 89' lang='lat' dir='ltr'>dicant</span> <span class='ocrx_word' id='word_1_462' title='bbox 3180 749 3590 822; x_wconf 88' lang='lat' dir='ltr'>antiphonam,</span> 
     </span>
    </p>
   </div>
   <div class='ocr_carea' id='block_1_65' title="bbox 1931 826 3587 910">
    <p class='ocr_par' dir='ltr' id='par_1_65' title="bbox 1931 826 3587 910">
     <span class='ocr_line' id='line_1_65' title="bbox 1931 826 3587 910; baseline 0.009 -30"><span class='ocrx_word' id='word_1_463' title='bbox 1931 826 2147 897; x_wconf 82' lang='lat' dir='ltr'>Sepultn</span> <span class='ocrx_word' id='word_1_464' title='bbox 2176 831 2401 887; x_wconf 85' lang='lat' dir='ltr'>Domino</span> <span class='ocrx_word' id='word_1_465' title='bbox 2441 835 2718 903; x_wconf 83' lang='lat' dir='ltr'>signatum</span> <span class='ocrx_word' id='word_1_466' title='bbox 2747 842 2829 890; x_wconf 87' lang='lat' dir='ltr'>est</span> <span class='ocrx_word' id='word_1_467' title='bbox 2870 846 3300 900; x_wconf 71' lang='lat' dir='ltr'>monumentum.</span> <span class='ocrx_word' id='word_1_468' title='bbox 3328 846 3587 910; x_wconf 77' lang='lat' dir='ltr'>ponentes</span> 
     </span>
    </p>
   </div>
   <div class='ocr_carea' id='block_1_66' title="bbox 1930 917 3592 989">
    <p class='ocr_par' dir='ltr' id='par_1_66' title="bbox 1930 917 3592 989">
     <span class='ocr_line' id='line_1_66' title="bbox 1930 917 3592 989; baseline 0.008 -21"><span class='ocrx_word' id='word_1_469' title='bbox 1930 917 2133 972; x_wconf 76' lang='lat' dir='ltr'>milites</span> <span class='ocrx_word' id='word_1_470' title='bbox 2165 921 2260 989; x_wconf 84' lang='lat' dir='ltr'>qui</span> <span class='ocrx_word' id='word_1_471' title='bbox 2287 922 2621 977; x_wconf 74' lang='lat' dir='ltr'>custodirent</span> <span class='ocrx_word' id='word_1_472' title='bbox 2656 940 2801 977; x_wconf 86' lang='lat' dir='ltr'>eum.</span> <span class='ocrx_word' id='word_1_473' title='bbox 2853 924 2916 979; x_wconf 91' lang='lat' dir='ltr'>In</span> <span class='ocrx_word' id='word_1_474' title='bbox 2960 926 3163 980; x_wconf 91' lang='lat' dir='ltr'>eodem</span> <span class='ocrx_word' id='word_1_475' title='bbox 3209 926 3334 982; x_wconf 90' lang='lat' dir='ltr'>loco</span> <span class='ocrx_word' id='word_1_476' title='bbox 3384 930 3592 982; x_wconf 89' lang='lat' dir='ltr'>sancta</span> 
     </span>
    </p>
   </div>
   <div class='ocr_carea' id='block_1_67' title="bbox 1930 1011 3587 1087">
    <p class='ocr_par' dir='ltr' id='par_1_67' title="bbox 1930 1011 3587 1087">
     <span class='ocr_line' id='line_1_67' title="bbox 1930 1011 3587 1087; baseline 0.006 -26"><span class='ocrx_word' id='word_1_477' title='bbox 1930 1023 2069 1061; x_wconf 82' lang='lat' dir='ltr'>crux</span> <span class='ocrx_word' id='word_1_478' title='bbox 2096 1025 2230 1062; x_wconf 91' lang='lat' dir='ltr'>cum</span> <span class='ocrx_word' id='word_1_479' title='bbox 2253 1011 2410 1064; x_wconf 91' lang='lat' dir='ltr'>omni</span> <span class='ocrx_word' id='word_1_480' title='bbox 2436 1013 2757 1067; x_wconf 88' lang='lat' dir='ltr'>reverentia</span> <span class='ocrx_word' id='word_1_481' title='bbox 2775 1014 3162 1083; x_wconf 86' lang='lat' dir='ltr'>custodiatur,</span> <span class='ocrx_word' id='word_1_482' title='bbox 3178 1032 3368 1087; x_wconf 87' lang='lat' dir='ltr'>usque</span> <span class='ocrx_word' id='word_1_483' title='bbox 3390 1016 3587 1071; x_wconf 89' lang='lat' dir='ltr'>Domi-</span> 
     </span>
    </p>
   </div>
   <div class='ocr_carea' id='block_1_68' title="bbox 1931 1095 3584 1164">
    <p class='ocr_par' dir='ltr' id='par_1_68' title="bbox 1931 1095 3584 1164">
     <span class='ocr_line' id='line_1_68' title="bbox 1931 1095 3584 1164; baseline 0.008 -17"><span class='ocrx_word' id='word_1_484' title='bbox 1931 1095 2121 1164; x_wconf 87' lang='lat' dir='ltr'>nicam</span> <span class='ocrx_word' id='word_1_485' title='bbox 2155 1104 2383 1152; x_wconf 82' lang='lat' dir='ltr'>noctem</span> <span class='ocrx_word' id='word_1_486' title='bbox 2413 1102 2856 1157; x_wconf 85' lang='lat' dir='ltr'>resurrectionis</span> <span class='ocrx_word' id='word_1_487' title='bbox 2889 1119 2901 1156; x_wconf 92' lang='lat'>:</span> <span class='ocrx_word' id='word_1_488' title='bbox 2936 1108 3103 1159; x_wconf 91' lang='lat' dir='ltr'>nocte</span> <span class='ocrx_word' id='word_1_489' title='bbox 3132 1122 3267 1160; x_wconf 90' lang='lat' dir='ltr'>vero</span> <span class='ocrx_word' id='word_1_490' title='bbox 3316 1104 3584 1160; x_wconf 87' lang='lat' dir='ltr'>ordinen-</span> 
     </span>
    </p>
   </div>
   <div class='ocr_carea' id='block_1_69' title="bbox 1929 1185 3583 1262">
    <p class='ocr_par' dir='ltr' id='par_1_69' title="bbox 1929 1185 3583 1262">
     <span class='ocr_line' id='line_1_69' title="bbox 1929 1185 3583 1262; baseline 0.007 -25"><span class='ocrx_word' id='word_1_491' title='bbox 1929 1187 2026 1238; x_wconf 88' lang='lat' dir='ltr'>tur</span> <span class='ocrx_word' id='word_1_492' title='bbox 2056 1185 2170 1238; x_wconf 90' lang='lat' dir='ltr'>duo</span> <span class='ocrx_word' id='word_1_493' title='bbox 2203 1186 2407 1241; x_wconf 77' lang='lat' dir='ltr'>fratres</span> <span class='ocrx_word' id='word_1_494' title='bbox 2440 1193 2540 1242; x_wconf 91' lang='lat' dir='ltr'>aut</span> <span class='ocrx_word' id='word_1_495' title='bbox 2571 1192 2711 1256; x_wconf 87' lang='lat' dir='ltr'>tres,</span> <span class='ocrx_word' id='word_1_496' title='bbox 2741 1194 2843 1245; x_wconf 88' lang='lat' dir='ltr'>aut</span> <span class='ocrx_word' id='word_1_497' title='bbox 2874 1191 3071 1262; x_wconf 89' lang='lat' dir='ltr'>plures</span> <span class='ocrx_word' id='word_1_498' title='bbox 3100 1193 3149 1249; x_wconf 70' lang='lat' dir='ltr'>Si</span> <span class='ocrx_word' id='word_1_499' title='bbox 3200 1196 3365 1248; x_wconf 88' lang='lat' dir='ltr'>tanta</span> <span class='ocrx_word' id='word_1_500' title='bbox 3407 1193 3583 1249; x_wconf 80' lang='lat' dir='ltr'>fuerit</span> 
     </span>
    </p>
   </div>
   <div class='ocr_carea' id='block_1_70' title="bbox 1927 1275 3578 1349">
    <p class='ocr_par' dir='ltr' id='par_1_70' title="bbox 1927 1275 3578 1349">
     <span class='ocr_line' id='line_1_70' title="bbox 1927 1275 3578 1349; baseline 0.007 -22"><span class='ocrx_word' id='word_1_501' title='bbox 1927 1275 2438 1347; x_wconf 78' lang='lat' dir='ltr'>congregatio,qui</span> <span class='ocrx_word' id='word_1_502' title='bbox 2472 1277 2687 1331; x_wconf 90' lang='lat' dir='ltr'>ibidem</span> <span class='ocrx_word' id='word_1_503' title='bbox 2722 1278 2980 1349; x_wconf 88' lang='lat' dir='ltr'>psalmos</span> <span class='ocrx_word' id='word_1_504' title='bbox 3012 1281 3375 1337; x_wconf 89' lang='lat' dir='ltr'>decantando</span> <span class='ocrx_word' id='word_1_505' title='bbox 3406 1298 3578 1338; x_wconf 85' lang='lat' dir='ltr'>excu-</span> 
     </span>
    </p>
   </div>
   <div class='ocr_carea' id='block_1_71' title="bbox 1927 1361 3579 1441">
    <p class='ocr_par' dir='ltr' id='par_1_71' title="bbox 1927 1361 3579 1441">
     <span class='ocr_line' id='line_1_71' title="bbox 1927 1361 3579 1441; baseline 0.006 -26"><span class='ocrx_word' id='word_1_506' title='bbox 1927 1361 2055 1417; x_wconf 90' lang='lat' dir='ltr'>bias</span> <span class='ocrx_word' id='word_1_507' title='bbox 2088 1362 2287 1417; x_wconf 82' lang='lat' dir='ltr'>lideles</span> <span class='ocrx_word' id='word_1_508' title='bbox 2318 1370 2638 1432; x_wconf 77' lang='lat' dir='ltr'>exerceant,</span> <span class='ocrx_word' id='word_1_509' title='bbox 2673 1367 2888 1438; x_wconf 88' lang='lat' dir='ltr'>quibus</span> <span class='ocrx_word' id='word_1_510' title='bbox 2921 1368 3170 1438; x_wconf 85' lang='lat' dir='ltr'>peractis</span> <span class='ocrx_word' id='word_1_511' title='bbox 3206 1370 3579 1441; x_wconf 89' lang='lat' dir='ltr'>egrediantur</span> 
     </span>
    </p>
   </div>
   <div class='ocr_carea' id='block_1_72' title="bbox 1926 1449 3579 1529">
    <p class='ocr_par' dir='ltr' id='par_1_72' title="bbox 1926 1449 3579 1529">
     <span class='ocr_line' id='line_1_72' title="bbox 1926 1449 3579 1529; baseline 0.006 -26"><span class='ocrx_word' id='word_1_512' title='bbox 1926 1449 2208 1504; x_wconf 86' lang='lat' dir='ltr'>diaconus</span> <span class='ocrx_word' id='word_1_513' title='bbox 2238 1469 2305 1506; x_wconf 92' lang='lat' dir='ltr'>ac</span> <span class='ocrx_word' id='word_1_514' title='bbox 2338 1454 2735 1509; x_wconf 84' lang='lat' dir='ltr'>subdiaconus</span> <span class='ocrx_word' id='word_1_515' title='bbox 2766 1456 2836 1509; x_wconf 91' lang='lat' dir='ltr'>de</span> <span class='ocrx_word' id='word_1_516' title='bbox 2868 1456 3123 1510; x_wconf 86' lang='lat' dir='ltr'>sacrario</span> <span class='ocrx_word' id='word_1_517' title='bbox 3156 1472 3290 1511; x_wconf 89' lang='lat' dir='ltr'>cum</span> <span class='ocrx_word' id='word_1_518' title='bbox 3339 1474 3579 1529; x_wconf 88' lang='lat' dir='ltr'>corpore</span> 
     </span>
    </p>
   </div>
   <div class='ocr_carea' id='block_1_73' title="bbox 1926 1539 3576 1612">
    <p class='ocr_par' dir='ltr' id='par_1_73' title="bbox 1926 1539 3576 1612">
     <span class='ocr_line' id='line_1_73' title="bbox 1926 1539 3576 1612; baseline 0.005 -19"><span class='ocrx_word' id='word_1_519' title='bbox 1926 1539 2180 1606; x_wconf 86' lang='lat' dir='ltr'>Domini,</span> <span class='ocrx_word' id='word_1_520' title='bbox 2210 1542 2364 1612; x_wconf 87' lang='lat' dir='ltr'>quod</span> <span class='ocrx_word' id='word_1_521' title='bbox 2401 1543 2588 1612; x_wconf 83' lang='lat' dir='ltr'>pridie</span> <span class='ocrx_word' id='word_1_522' title='bbox 2620 1544 2920 1608; x_wconf 86' lang='lat' dir='ltr'>remansit,</span> <span class='ocrx_word' id='word_1_523' title='bbox 2955 1548 3011 1599; x_wconf 90' lang='lat' dir='ltr'>et</span> <span class='ocrx_word' id='word_1_524' title='bbox 3042 1544 3220 1600; x_wconf 84' lang='lat' dir='ltr'>calice</span> <span class='ocrx_word' id='word_1_525' title='bbox 3259 1563 3392 1601; x_wconf 91' lang='lat' dir='ltr'>cum</span> <span class='ocrx_word' id='word_1_526' title='bbox 3441 1546 3576 1602; x_wconf 86' lang='lat' dir='ltr'>vino</span> 
     </span>
    </p>
   </div>
   <div class='ocr_carea' id='block_1_74' title="bbox 1927 1632 3578 1704">
    <p class='ocr_par' dir='ltr' id='par_1_74' title="bbox 1927 1632 3578 1704">
     <span class='ocr_line' id='line_1_74' title="bbox 1927 1632 3578 1704; baseline 0.005 -23"><span class='ocrx_word' id='word_1_527' title='bbox 1927 1646 2036 1681; x_wconf 87' lang='lat' dir='ltr'>non</span> <span class='ocrx_word' id='word_1_528' title='bbox 2071 1634 2500 1695; x_wconf 72' lang='lat' dir='ltr'>consecral0,et</span> <span class='ocrx_word' id='word_1_529' title='bbox 2526 1636 2741 1703; x_wconf 87' lang='lat' dir='ltr'>ponant</span> <span class='ocrx_word' id='word_1_530' title='bbox 2774 1650 2952 1704; x_wconf 85' lang='lat' dir='ltr'>super</span> <span class='ocrx_word' id='word_1_531' title='bbox 2980 1632 3188 1701; x_wconf 88' lang='lat' dir='ltr'>altare;</span> <span class='ocrx_word' id='word_1_532' title='bbox 3217 1637 3355 1689; x_wconf 90' lang='lat' dir='ltr'>tunc</span> <span class='ocrx_word' id='word_1_533' title='bbox 3387 1652 3578 1690; x_wconf 88' lang='lat' dir='ltr'>sacer-</span> 
     </span>
    </p>
   </div>
   <div class='ocr_carea' id='block_1_75' title="bbox 1924 1717 3575 1787">
    <p class='ocr_par' dir='ltr' id='par_1_75' title="bbox 1924 1717 3575 1787">
     <span class='ocr_line' id='line_1_75' title="bbox 1924 1717 3575 1787; baseline 0.006 -18"><span class='ocrx_word' id='word_1_534' title='bbox 1924 1717 2029 1770; x_wconf 92' lang='lat' dir='ltr'>dos</span> <span class='ocrx_word' id='word_1_535' title='bbox 2058 1717 2250 1773; x_wconf 89' lang='lat' dir='ltr'>veniat</span> <span class='ocrx_word' id='word_1_536' title='bbox 2282 1723 2413 1773; x_wconf 87' lang='lat' dir='ltr'>ante</span> <span class='ocrx_word' id='word_1_537' title='bbox 2445 1719 2717 1787; x_wconf 89' lang='lat' dir='ltr'>altare,et</span> <span class='ocrx_word' id='word_1_538' title='bbox 2766 1722 2922 1776; x_wconf 88' lang='lat' dir='ltr'>dicat</span> <span class='ocrx_word' id='word_1_539' title='bbox 2964 1739 3103 1777; x_wconf 89' lang='lat' dir='ltr'>voce</span> <span class='ocrx_word' id='word_1_540' title='bbox 3152 1740 3363 1777; x_wconf 89' lang='lat' dir='ltr'>sonora</span> <span class='ocrx_word' id='word_1_541' title='bbox 3395 1740 3408 1776; x_wconf 90' lang='lat'><strong>:</strong></span> <span class='ocrx_word' id='word_1_542' title='bbox 3444 1723 3575 1780; x_wconf 79' lang='lat' dir='ltr'>Orc-</span> 
     </span>
    </p>
   </div>
   <div class='ocr_carea' id='block_1_76' title="bbox 1921 1808 3576 1879">
    <p class='ocr_par' dir='ltr' id='par_1_76' title="bbox 1921 1808 3576 1879">
     <span class='ocr_line' id='line_1_76' title="bbox 1921 1808 3576 1879; baseline 0.005 -20"><span class='ocrx_word' id='word_1_543' title='bbox 1921 1822 2063 1873; x_wconf 88' lang='lat' dir='ltr'>mus,</span> <span class='ocrx_word' id='word_1_544' title='bbox 2106 1809 2394 1879; x_wconf 63' lang='lat' dir='ltr'>pra‘ceptis</span> <span class='ocrx_word' id='word_1_545' title='bbox 2450 1808 2788 1864; x_wconf 70' lang='lat' dir='ltr'>salutaribus</span> <span class='ocrx_word' id='word_1_546' title='bbox 2838 1812 3057 1875; x_wconf 78' lang='lat' dir='ltr'>moniti,</span> <span class='ocrx_word' id='word_1_547' title='bbox 3090 1815 3147 1865; x_wconf 90' lang='lat' dir='ltr'>et</span> <span class='ocrx_word' id='word_1_548' title='bbox 3190 1812 3354 1866; x_wconf 81' lang='lat' dir='ltr'>Pater</span> <span class='ocrx_word' id='word_1_549' title='bbox 3392 1819 3576 1867; x_wconf 77' lang='lat' dir='ltr'>noster</span> 
     </span>
    </p>
   </div>
   <div class='ocr_carea' id='block_1_77' title="bbox 1922 1893 3575 1971">
    <p class='ocr_par' dir='ltr' id='par_1_77' title="bbox 1922 1893 3575 1971">
     <span class='ocr_line' id='line_1_77' title="bbox 1922 1893 3575 1971; baseline 0.005 -24"><span class='ocrx_word' id='word_1_550' title='bbox 1922 1893 2057 1948; x_wconf 89' lang='lat' dir='ltr'>inde</span> <span class='ocrx_word' id='word_1_551' title='bbox 2090 1896 2280 1950; x_wconf 87' lang='lat' dir='ltr'>Libera</span> <span class='ocrx_word' id='word_1_552' title='bbox 2309 1912 2426 1963; x_wconf 84' lang='lat' dir='ltr'>nos,</span> <span class='ocrx_word' id='word_1_553' title='bbox 2461 1899 3055 1969; x_wconf 53' lang='lat' dir='ltr'>quaesumusﬁmnine,</span> <span class='ocrx_word' id='word_1_554' title='bbox 3071 1915 3258 1971; x_wconf 90' lang='lat' dir='ltr'>usque</span> <span class='ocrx_word' id='word_1_555' title='bbox 3273 1902 3575 1971; x_wconf 82' lang='lat' dir='ltr'>peremnia</span> 
     </span>
    </p>
   </div>
   <div class='ocr_carea' id='block_1_78' title="bbox 1918 1984 3574 2045">
    <p class='ocr_par' dir='ltr' id='par_1_78' title="bbox 1918 1984 3574 2045">
     <span class='ocr_line' id='line_1_78' title="bbox 1918 1984 3574 2045; baseline 0.005 -8"><span class='ocrx_word' id='word_1_556' title='bbox 1918 1984 2123 2039; x_wconf 61' lang='lat' dir='ltr'>saecula</span> <span class='ocrx_word' id='word_1_557' title='bbox 2152 1986 2501 2041; x_wconf 68' lang='lat' dir='ltr'>sa’culorum.</span> <span class='ocrx_word' id='word_1_558' title='bbox 2536 1986 2606 2041; x_wconf 86' lang='lat' dir='ltr'>Et</span> <span class='ocrx_word' id='word_1_559' title='bbox 2637 1990 2835 2041; x_wconf 89' lang='lat' dir='ltr'>sumat</span> <span class='ocrx_word' id='word_1_560' title='bbox 2859 1987 3040 2043; x_wconf 88' lang='lat' dir='ltr'>abbas</span> <span class='ocrx_word' id='word_1_561' title='bbox 3061 1988 3133 2043; x_wconf 92' lang='lat' dir='ltr'>de</span> <span class='ocrx_word' id='word_1_562' title='bbox 3155 1992 3356 2044; x_wconf 89' lang='lat' dir='ltr'>sancto</span> <span class='ocrx_word' id='word_1_563' title='bbox 3389 1989 3574 2045; x_wconf 87' lang='lat' dir='ltr'>sacri-</span> 
     </span>
    </p>
   </div>
   <div class='ocr_carea' id='block_1_79' title="bbox 1921 2071 3575 2144">
    <p class='ocr_par' dir='ltr' id='par_1_79' title="bbox 1921 2071 3575 2144">
     <span class='ocr_line' id='line_1_79' title="bbox 1921 2071 3575 2144; baseline 0.003 -18"><span class='ocrx_word' id='word_1_564' title='bbox 1921 2071 2050 2127; x_wconf 83' lang='lat' dir='ltr'>ﬁcio</span> <span class='ocrx_word' id='word_1_565' title='bbox 2080 2080 2134 2128; x_wconf 89' lang='lat' dir='ltr'>et</span> <span class='ocrx_word' id='word_1_566' title='bbox 2166 2078 2343 2144; x_wconf 88' lang='lat' dir='ltr'>ponat</span> <span class='ocrx_word' id='word_1_567' title='bbox 2366 2074 2423 2129; x_wconf 91' lang='lat' dir='ltr'>in</span> <span class='ocrx_word' id='word_1_568' title='bbox 2459 2074 2699 2130; x_wconf 87' lang='lat' dir='ltr'>calicem</span> <span class='ocrx_word' id='word_1_569' title='bbox 2731 2074 2878 2130; x_wconf 91' lang='lat' dir='ltr'>nihil</span> <span class='ocrx_word' id='word_1_570' title='bbox 2911 2076 3131 2144; x_wconf 88' lang='lat' dir='ltr'>dicens,</span> <span class='ocrx_word' id='word_1_571' title='bbox 3151 2081 3207 2132; x_wconf 93' lang='lat' dir='ltr'>et</span> <span class='ocrx_word' id='word_1_572' title='bbox 3239 2076 3575 2133; x_wconf 87' lang='lat' dir='ltr'>communi-</span> 
     </span>
    </p>
   </div>
   <div class='ocr_carea' id='block_1_80' title="bbox 1920 2162 3574 2236">
    <p class='ocr_par' dir='ltr' id='par_1_80' title="bbox 1920 2162 3574 2236">
     <span class='ocr_line' id='line_1_80' title="bbox 1920 2162 3574 2236; baseline 0.004 -22"><span class='ocrx_word' id='word_1_573' title='bbox 1920 2166 2049 2215; x_wconf 91' lang='lat' dir='ltr'>cent</span> <span class='ocrx_word' id='word_1_574' title='bbox 2078 2178 2281 2217; x_wconf 89' lang='lat' dir='ltr'>omnes</span> <span class='ocrx_word' id='word_1_575' title='bbox 2311 2178 2445 2217; x_wconf 89' lang='lat' dir='ltr'>cum</span> <span class='ocrx_word' id='word_1_576' title='bbox 2479 2162 2712 2219; x_wconf 90' lang='lat' dir='ltr'>silentio</span> <span class='ocrx_word' id='word_1_577' title='bbox 2741 2180 2751 2219; x_wconf 92' lang='lat'>:</span> <span class='ocrx_word' id='word_1_578' title='bbox 2778 2163 2888 2219; x_wconf 92' lang='lat' dir='ltr'>hoc</span> <span class='ocrx_word' id='word_1_579' title='bbox 2919 2164 3145 2235; x_wconf 82' lang='lat' dir='ltr'>expleto</span> <span class='ocrx_word' id='word_1_580' title='bbox 3176 2166 3574 2236; x_wconf 88' lang='lat' dir='ltr'>vespertinum</span> 
     </span>
    </p>
   </div>
   <div class='ocr_carea' id='block_1_81' title="bbox 1919 2250 3576 2324">
    <p class='ocr_par' dir='ltr' id='par_1_81' title="bbox 1919 2250 3576 2324">
     <span class='ocr_line' id='line_1_81' title="bbox 1919 2250 3576 2324; baseline 0.004 -21"><span class='ocrx_word' id='word_1_581' title='bbox 1919 2250 2178 2305; x_wconf 80' lang='lat' dir='ltr'>cilicium</span> <span class='ocrx_word' id='word_1_582' title='bbox 2211 2256 2384 2307; x_wconf 89' lang='lat' dir='ltr'>canat</span> <span class='ocrx_word' id='word_1_583' title='bbox 2408 2252 2817 2324; x_wconf 90' lang='lat' dir='ltr'>unusquisque</span> <span class='ocrx_word' id='word_1_584' title='bbox 2846 2252 3117 2324; x_wconf 88' lang='lat' dir='ltr'>privatim</span> <span class='ocrx_word' id='word_1_585' title='bbox 3168 2254 3226 2307; x_wconf 91' lang='lat' dir='ltr'>in</span> <span class='ocrx_word' id='word_1_586' title='bbox 3272 2254 3398 2310; x_wconf 91' lang='lat' dir='ltr'>loco</span> <span class='ocrx_word' id='word_1_587' title='bbox 3446 2272 3576 2323; x_wconf 90' lang='lat' dir='ltr'>suo,</span> 
     </span>
    </p>
   </div>
   <div class='ocr_carea' id='block_1_82' title="bbox 1919 2341 3574 2415">
    <p class='ocr_par' dir='ltr' id='par_1_82' title="bbox 1919 2341 3574 2415">
     <span class='ocr_line' id='line_1_82' title="bbox 1919 2341 3574 2415; baseline 0.004 -22"><span class='ocrx_word' id='word_1_588' title='bbox 1919 2355 2033 2409; x_wconf 91' lang='lat' dir='ltr'>quo</span> <span class='ocrx_word' id='word_1_589' title='bbox 2066 2344 2296 2409; x_wconf 85' lang='lat' dir='ltr'>peracto</span> <span class='ocrx_word' id='word_1_590' title='bbox 2346 2341 2717 2396; x_wconf 87' lang='lat' dir='ltr'>refectorium</span> <span class='ocrx_word' id='word_1_591' title='bbox 2768 2345 2985 2414; x_wconf 91' lang='lat' dir='ltr'>petant.</span> <span class='ocrx_word' id='word_1_592' title='bbox 3020 2346 3338 2415; x_wconf 89' lang='lat' dir='ltr'>Surgentes</span> <span class='ocrx_word' id='word_1_593' title='bbox 3378 2347 3574 2399; x_wconf 88' lang='lat' dir='ltr'>autem</span> 
     </span>
    </p>
   </div>
   <div class='ocr_carea' id='block_1_83' title="bbox 1918 2429 3575 2503">
    <p class='ocr_par' dir='ltr' id='par_1_83' title="bbox 1918 2429 3575 2503">
     <span class='ocr_line' id='line_1_83' title="bbox 1918 2429 3575 2503; baseline 0.004 -22"><span class='ocrx_word' id='word_1_594' title='bbox 1918 2443 1950 2481; x_wconf 89' lang='lat' dir='ltr'>a</span> <span class='ocrx_word' id='word_1_595' title='bbox 1984 2444 2188 2483; x_wconf 88' lang='lat' dir='ltr'>mensa</span> <span class='ocrx_word' id='word_1_596' title='bbox 2220 2433 2428 2484; x_wconf 68' lang='lat' dir='ltr'>czetera</span> <span class='ocrx_word' id='word_1_597' title='bbox 2460 2446 2621 2484; x_wconf 89' lang='lat' dir='ltr'>more</span> <span class='ocrx_word' id='word_1_598' title='bbox 2654 2429 2824 2485; x_wconf 88' lang='lat' dir='ltr'>solito</span> <span class='ocrx_word' id='word_1_599' title='bbox 2856 2435 3156 2503; x_wconf 85' lang='lat' dir='ltr'>peragant.</span> <span class='ocrx_word' id='word_1_600' title='bbox 3192 2430 3394 2487; x_wconf 89' lang='lat' dir='ltr'>Crucis</span> <span class='ocrx_word' id='word_1_601' title='bbox 3440 2448 3575 2488; x_wconf 90' lang='lat' dir='ltr'>vero</span> 
     </span>
    </p>
   </div>
   <div class='ocr_carea' id='block_1_84' title="bbox 1916 2516 3573 2590">
    <p class='ocr_par' dir='ltr' id='par_1_84' title="bbox 1916 2516 3573 2590">
     <span class='ocr_line' id='line_1_84' title="bbox 1916 2516 3573 2590; baseline 0.002 -20"><span class='ocrx_word' id='word_1_602' title='bbox 1916 2516 2285 2573; x_wconf 88' lang='lat' dir='ltr'>veneratione</span> <span class='ocrx_word' id='word_1_603' title='bbox 2316 2522 2571 2590; x_wconf 88' lang='lat' dir='ltr'>peracta,</span> <span class='ocrx_word' id='word_1_604' title='bbox 2606 2518 2823 2589; x_wconf 87' lang='lat' dir='ltr'>quibus</span> <span class='ocrx_word' id='word_1_605' title='bbox 2853 2535 3102 2574; x_wconf 88' lang='lat' dir='ltr'>vacuum</span> <span class='ocrx_word' id='word_1_606' title='bbox 3123 2519 3297 2574; x_wconf 84' lang='lat' dir='ltr'>fuerit</span> <span class='ocrx_word' id='word_1_607' title='bbox 3318 2519 3573 2575; x_wconf 89' lang='lat' dir='ltr'>ministri</span> 
     </span>
    </p>
   </div>
   <div class='ocr_carea' id='block_1_85' title="bbox 1859 2604 3570 2675">
    <p class='ocr_par' dir='ltr' id='par_1_85' title="bbox 1859 2604 3570 2675">
     <span class='ocr_line' id='line_1_85' title="bbox 1859 2604 3570 2675; baseline 0.001 -14"><span class='ocrx_word' id='word_1_608' title='bbox 1859 2653 1868 2661; x_wconf 95' lang='lat'>.</span> <span class='ocrx_word' id='word_1_609' title='bbox 1914 2604 2002 2659; x_wconf 92' lang='lat' dir='ltr'>vel</span> <span class='ocrx_word' id='word_1_610' title='bbox 2036 2606 2197 2675; x_wconf 90' lang='lat' dir='ltr'>pueri</span> <span class='ocrx_word' id='word_1_611' title='bbox 2224 2623 2285 2662; x_wconf 90' lang='lat' dir='ltr'>se</span> <span class='ocrx_word' id='word_1_612' title='bbox 2324 2606 2634 2674; x_wconf 87' lang='lat' dir='ltr'>radant,ac</span> <span class='ocrx_word' id='word_1_613' title='bbox 2676 2605 2966 2674; x_wconf 87' lang='lat' dir='ltr'>balneent,</span> <span class='ocrx_word' id='word_1_614' title='bbox 2990 2607 3039 2661; x_wconf 91' lang='lat' dir='ltr'>si</span> <span class='ocrx_word' id='word_1_615' title='bbox 3079 2611 3241 2662; x_wconf 87' lang='lat' dir='ltr'>tanta</span> <span class='ocrx_word' id='word_1_616' title='bbox 3273 2608 3449 2663; x_wconf 87' lang='lat' dir='ltr'>fuerit</span> <span class='ocrx_word' id='word_1_617' title='bbox 3475 2624 3570 2662; x_wconf 90' lang='lat' dir='ltr'>co-</span> 
     </span>
    </p>
   </div>
   <div class='ocr_carea' id='block_1_86' title="bbox 1916 2694 3570 2762">
    <p class='ocr_par' dir='ltr' id='par_1_86' title="bbox 1916 2694 3570 2762">
     <span class='ocr_line' id='line_1_86' title="bbox 1916 2694 3570 2762; baseline -0.001 -11"><span class='ocrx_word' id='word_1_618' title='bbox 1916 2696 2053 2751; x_wconf 85' lang='lat' dir='ltr'>hors</span> <span class='ocrx_word' id='word_1_619' title='bbox 2079 2694 2395 2762; x_wconf 87' lang='lat' dir='ltr'>societatis,</span> <span class='ocrx_word' id='word_1_620' title='bbox 2417 2700 2482 2750; x_wconf 91' lang='lat' dir='ltr'>ut</span> <span class='ocrx_word' id='word_1_621' title='bbox 2505 2695 2735 2749; x_wconf 90' lang='lat' dir='ltr'>sabbati</span> <span class='ocrx_word' id='word_1_622' title='bbox 2762 2695 3002 2750; x_wconf 89' lang='lat' dir='ltr'>crastini</span> <span class='ocrx_word' id='word_1_623' title='bbox 3026 2696 3096 2750; x_wconf 92' lang='lat' dir='ltr'>ad</span> <span class='ocrx_word' id='word_1_624' title='bbox 3122 2695 3229 2751; x_wconf 88' lang='lat' dir='ltr'>hoc</span> <span class='ocrx_word' id='word_1_625' title='bbox 3251 2712 3365 2750; x_wconf 90' lang='lat' dir='ltr'>non</span> <span class='ocrx_word' id='word_1_626' title='bbox 3401 2696 3570 2751; x_wconf 79' lang='lat' dir='ltr'>suffl-</span> 
     </span>
    </p>
   </div>
   <div class='ocr_carea' id='block_1_87' title="bbox 1915 2782 3570 2854">
    <p class='ocr_par' dir='ltr' id='par_1_87' title="bbox 1915 2782 3570 2854">
     <span class='ocr_line' id='line_1_87' title="bbox 1915 2782 3570 2854; baseline 0.001 -16"><span class='ocrx_word' id='word_1_627' title='bbox 1915 2784 2030 2839; x_wconf 89' lang='lat' dir='ltr'>ciat</span> <span class='ocrx_word' id='word_1_628' title='bbox 2050 2782 2195 2837; x_wconf 89' lang='lat' dir='ltr'>dies.</span> <span class='ocrx_word' id='word_1_629' title='bbox 2213 2782 2669 2853; x_wconf 89' lang='lat' dir='ltr'>Completorium</span> <span class='ocrx_word' id='word_1_630' title='bbox 2690 2800 2825 2838; x_wconf 90' lang='lat' dir='ltr'>vero</span> <span class='ocrx_word' id='word_1_631' title='bbox 2848 2787 2980 2854; x_wconf 91' lang='lat' dir='ltr'>post</span> <span class='ocrx_word' id='word_1_632' title='bbox 3000 2782 3371 2839; x_wconf 89' lang='lat' dir='ltr'>collationem</span> <span class='ocrx_word' id='word_1_633' title='bbox 3392 2802 3570 2841; x_wconf 84' lang='lat' dir='ltr'>unus-</span> 
     </span>
    </p>
   </div>
   <div class='ocr_carea' id='block_1_88' title="bbox 1915 2870 3569 2943">
    <p class='ocr_par' dir='ltr' id='par_1_88' title="bbox 1915 2870 3569 2943">
     <span class='ocr_line' id='line_1_88' title="bbox 1915 2870 3569 2943; baseline 0.003 -18"><span class='ocrx_word' id='word_1_634' title='bbox 1915 2872 2163 2943; x_wconf 86' lang='lat' dir='ltr'>quisque</span> <span class='ocrx_word' id='word_1_635' title='bbox 2196 2871 2253 2925; x_wconf 89' lang='lat' dir='ltr'>in</span> <span class='ocrx_word' id='word_1_636' title='bbox 2286 2870 2410 2926; x_wconf 85' lang='lat' dir='ltr'>loco</span> <span class='ocrx_word' id='word_1_637' title='bbox 2432 2887 2539 2926; x_wconf 90' lang='lat' dir='ltr'>suo</span> <span class='ocrx_word' id='word_1_638' title='bbox 2557 2875 2720 2926; x_wconf 89' lang='lat' dir='ltr'>stans</span> <span class='ocrx_word' id='word_1_639' title='bbox 2739 2871 3032 2939; x_wconf 89' lang='lat' dir='ltr'>scmotim,</span> <span class='ocrx_word' id='word_1_640' title='bbox 3048 2888 3114 2927; x_wconf 89' lang='lat' dir='ltr'>ac</span> <span class='ocrx_word' id='word_1_641' title='bbox 3148 2871 3388 2928; x_wconf 90' lang='lat' dir='ltr'>silenter</span> <span class='ocrx_word' id='word_1_642' title='bbox 3406 2889 3569 2931; x_wconf 86' lang='lat' dir='ltr'>more</span> 
     </span>
    </p>
   </div>
   <div class='ocr_carea' id='block_1_89' title="bbox 1915 2960 3567 3032">
    <p class='ocr_par' dir='ltr' id='par_1_89' title="bbox 1915 2960 3567 3032">
     <span class='ocr_line' id='line_1_89' title="bbox 1915 2960 3567 3032; baseline 0.001 -16"><span class='ocrx_word' id='word_1_643' title='bbox 1915 2961 2351 3025; x_wconf 86' lang='lat' dir='ltr'>canonicorum,</span> <span class='ocrx_word' id='word_1_644' title='bbox 2388 2964 2450 3015; x_wconf 90' lang='lat' dir='ltr'>ut</span> <span class='ocrx_word' id='word_1_645' title='bbox 2497 2977 2675 3032; x_wconf 88' lang='lat' dir='ltr'>supra</span> <span class='ocrx_word' id='word_1_646' title='bbox 2715 2960 3304 3029; x_wconf 81' lang='lat' dir='ltr'>diximus,decantet,</span> <span class='ocrx_word' id='word_1_647' title='bbox 3328 2966 3387 3017; x_wconf 88' lang='lat' dir='ltr'>et</span> <span class='ocrx_word' id='word_1_648' title='bbox 3428 2979 3567 3017; x_wconf 87' lang='lat' dir='ltr'>con-</span> 
     </span>
    </p>
   </div>
   <div class='ocr_carea' id='block_1_90' title="bbox 1915 3048 3569 3120">
    <p class='ocr_par' dir='ltr' id='par_1_90' title="bbox 1915 3048 3569 3120">
     <span class='ocr_line' id='line_1_90' title="bbox 1915 3048 3569 3120; baseline 0.001 -15"><span class='ocrx_word' id='word_1_649' title='bbox 1915 3055 2079 3105; x_wconf 89' lang='lat' dir='ltr'>sueto</span> <span class='ocrx_word' id='word_1_650' title='bbox 2112 3066 2272 3103; x_wconf 89' lang='lat' dir='ltr'>more</span> <span class='ocrx_word' id='word_1_651' title='bbox 2309 3053 2517 3105; x_wconf 80' lang='lat' dir='ltr'>caetera</span> <span class='ocrx_word' id='word_1_652' title='bbox 2537 3048 2954 3120; x_wconf 88' lang='lat' dir='ltr'>compleat,his</span> <span class='ocrx_word' id='word_1_653' title='bbox 2973 3066 3106 3105; x_wconf 89' lang='lat' dir='ltr'>vero</span> <span class='ocrx_word' id='word_1_654' title='bbox 3129 3050 3320 3105; x_wconf 92' lang='lat' dir='ltr'>tribus</span> <span class='ocrx_word' id='word_1_655' title='bbox 3360 3050 3569 3106; x_wconf 85' lang='lat' dir='ltr'>diebus</span> 
     </span>
    </p>
   </div>
   <div class='ocr_carea' id='block_1_91' title="bbox 1914 3138 3571 3211">
    <p class='ocr_par' dir='ltr' id='par_1_91' title="bbox 1914 3138 3571 3211">
     <span class='ocr_line' id='line_1_91' title="bbox 1914 3138 3571 3211; baseline 0.002 -19"><span class='ocrx_word' id='word_1_656' title='bbox 1914 3138 1974 3192; x_wconf 91' lang='lat' dir='ltr'>in</span> <span class='ocrx_word' id='word_1_657' title='bbox 2008 3138 2308 3193; x_wconf 89' lang='lat' dir='ltr'>refectorio</span> <span class='ocrx_word' id='word_1_658' title='bbox 2329 3138 2527 3194; x_wconf 90' lang='lat' dir='ltr'>omnia</span> <span class='ocrx_word' id='word_1_659' title='bbox 2548 3155 2683 3193; x_wconf 90' lang='lat' dir='ltr'>cum</span> <span class='ocrx_word' id='word_1_660' title='bbox 2705 3138 3128 3208; x_wconf 90' lang='lat' dir='ltr'>benedictione,</span> <span class='ocrx_word' id='word_1_661' title='bbox 3144 3143 3200 3194; x_wconf 88' lang='lat' dir='ltr'>et</span> <span class='ocrx_word' id='word_1_662' title='bbox 3215 3138 3274 3193; x_wconf 90' lang='lat' dir='ltr'>in</span> <span class='ocrx_word' id='word_1_663' title='bbox 3316 3139 3571 3211; x_wconf 87' lang='lat' dir='ltr'>capitulo</span> 
     </span>
    </p>
   </div>
   <div class='ocr_carea' id='block_1_92' title="bbox 1916 3227 2585 3299">
    <p class='ocr_par' dir='ltr' id='par_1_92' title="bbox 1916 3227 2585 3299">
     <span class='ocr_line' id='line_1_92' title="bbox 1916 3227 2585 3299; baseline 0 -18"><span class='ocrx_word' id='word_1_664' title='bbox 1916 3244 2077 3281; x_wconf 89' lang='lat' dir='ltr'>more</span> <span class='ocrx_word' id='word_1_665' title='bbox 2108 3232 2360 3299; x_wconf 87' lang='lat' dir='ltr'>agantur</span> <span class='ocrx_word' id='word_1_666' title='bbox 2391 3227 2585 3282; x_wconf 91' lang='lat' dir='ltr'>solito.</span> 
     </span>
    </p>
   </div>
   <div class='ocr_carea' id='block_1_93' title="bbox 2053 3317 3442 3385">
    <p class='ocr_par' dir='ltr' id='par_1_93' title="bbox 2053 3317 3442 3385">
     <span class='ocr_line' id='line_1_93' title="bbox 2053 3317 3442 3385; baseline 0.004 -16"><span class='ocrx_word' id='word_1_667' title='bbox 2053 3317 2293 3384; x_wconf 83' lang='lat' dir='ltr'>Qualtter</span> <span class='ocrx_word' id='word_1_668' title='bbox 2319 3317 2544 3381; x_wconf 86' lang='lat' dir='ltr'>diurna,</span> <span class='ocrx_word' id='word_1_669' title='bbox 2573 3318 2689 3371; x_wconf 82' lang='lat' dir='ltr'>sive</span> <span class='ocrx_word' id='word_1_670' title='bbox 2713 3324 2999 3385; x_wconf 84' lang='lat' dir='ltr'>nocturna,</span> <span class='ocrx_word' id='word_1_671' title='bbox 3030 3318 3153 3372; x_wconf 89' lang='lat' dir='ltr'>laus</span> <span class='ocrx_word' id='word_1_672' title='bbox 3181 3318 3442 3374; x_wconf 83' lang='lat' dir='ltr'>Paschali</span> 
     </span>
    </p>
   </div>
   <div class='ocr_carea' id='block_1_94' title="bbox 2476 3390 3007 3459">
    <p class='ocr_par' dir='ltr' id='par_1_94' title="bbox 2476 3390 3007 3459">
     <span class='ocr_line' id='line_1_94' title="bbox 2476 3390 3007 3459; baseline 0 -17"><span class='ocrx_word' id='word_1_673' title='bbox 2476 3390 2768 3459; x_wconf 78' lang='lat' dir='ltr'>festivitate</span> <span class='ocrx_word' id='word_1_674' title='bbox 2790 3397 3007 3459; x_wconf 87' lang='lat' dir='ltr'>agatur.</span> 
     </span>
    </p>
   </div>
   <div class='ocr_carea' id='block_1_95' title="bbox 1986 3476 3573 3533">
    <p class='ocr_par' dir='ltr' id='par_1_95' title="bbox 1986 3476 3573 3533">
     <span class='ocr_line' id='line_1_95' title="bbox 1986 3476 3573 3533; baseline 0.001 -2"><span class='ocrx_word' id='word_1_675' title='bbox 1986 3477 2239 3531; x_wconf 90' lang='lat' dir='ltr'>Sabbato</span> <span class='ocrx_word' id='word_1_676' title='bbox 2268 3480 2471 3531; x_wconf 89' lang='lat' dir='ltr'>sancto</span> <span class='ocrx_word' id='word_1_677' title='bbox 2502 3476 2644 3531; x_wconf 88' lang='lat' dir='ltr'>hora</span> <span class='ocrx_word' id='word_1_678' title='bbox 2674 3493 2830 3531; x_wconf 91' lang='lat' dir='ltr'>nona</span> <span class='ocrx_word' id='word_1_679' title='bbox 2858 3476 3123 3531; x_wconf 87' lang='lat' dir='ltr'>veniente</span> <span class='ocrx_word' id='word_1_680' title='bbox 3155 3478 3365 3533; x_wconf 87' lang='lat' dir='ltr'>abbate</span> <span class='ocrx_word' id='word_1_681' title='bbox 3396 3478 3453 3532; x_wconf 91' lang='lat' dir='ltr'>in</span> <span class='ocrx_word' id='word_1_682' title='bbox 3484 3494 3573 3533; x_wconf 86' lang='lat' dir='ltr'>ee-</span> 
     </span>
    </p>
   </div>
   <div class='ocr_carea' id='block_1_96' title="bbox 1914 3564 3570 3637">
    <p class='ocr_par' dir='ltr' id='par_1_96' title="bbox 1914 3564 3570 3637">
     <span class='ocr_line' id='line_1_96' title="bbox 1914 3564 3570 3637; baseline 0.001 -17"><span class='ocrx_word' id='word_1_683' title='bbox 1914 3564 2153 3620; x_wconf 89' lang='lat' dir='ltr'>clesiam</span> <span class='ocrx_word' id='word_1_684' title='bbox 2185 3580 2319 3619; x_wconf 90' lang='lat' dir='ltr'>cum</span> <span class='ocrx_word' id='word_1_685' title='bbox 2352 3564 2649 3631; x_wconf 84' lang='lat' dir='ltr'>fratribus,</span> <span class='ocrx_word' id='word_1_686' title='bbox 2674 3569 2960 3632; x_wconf 90' lang='lat' dir='ltr'>novus,ut</span> <span class='ocrx_word' id='word_1_687' title='bbox 2989 3582 3169 3637; x_wconf 88' lang='lat' dir='ltr'>supra</span> <span class='ocrx_word' id='word_1_688' title='bbox 3202 3566 3426 3621; x_wconf 89' lang='lat' dir='ltr'>dictum</span> <span class='ocrx_word' id='word_1_689' title='bbox 3457 3569 3570 3633; x_wconf 86' lang='lat' dir='ltr'>est,</span> 
     </span>
    </p>
   </div>
   <div class='ocr_carea' id='block_1_97' title="bbox 1914 3652 3567 3725">
    <p class='ocr_par' dir='ltr' id='par_1_97' title="bbox 1914 3652 3567 3725">
     <span class='ocr_line' id='line_1_97' title="bbox 1914 3652 3567 3725; baseline 0.001 -16"><span class='ocrx_word' id='word_1_690' title='bbox 1914 3654 2192 3709; x_wconf 78' lang='lat' dir='ltr'>alferatur</span> <span class='ocrx_word' id='word_1_691' title='bbox 2220 3652 2603 3725; x_wconf 89' lang='lat' dir='ltr'>ignis.Posito</span> <span class='ocrx_word' id='word_1_692' title='bbox 2637 3666 2771 3708; x_wconf 89' lang='lat' dir='ltr'>vero</span> <span class='ocrx_word' id='word_1_693' title='bbox 2811 3670 2975 3708; x_wconf 90' lang='lat' dir='ltr'>cereo</span> <span class='ocrx_word' id='word_1_694' title='bbox 2997 3658 3131 3708; x_wconf 88' lang='lat' dir='ltr'>ante</span> <span class='ocrx_word' id='word_1_695' title='bbox 3152 3652 3437 3721; x_wconf 85' lang='lat' dir='ltr'>altare,ex</span> <span class='ocrx_word' id='word_1_696' title='bbox 3468 3653 3567 3711; x_wconf 92' lang='lat' dir='ltr'>illo</span> 
     </span>
    </p>
   </div>
   <div class='ocr_carea' id='block_1_98' title="bbox 1915 3740 3570 3813">
    <p class='ocr_par' dir='ltr' id='par_1_98' title="bbox 1915 3740 3570 3813">
     <span class='ocr_line' id='line_1_98' title="bbox 1915 3740 3570 3813; baseline -0.001 -14"><span class='ocrx_word' id='word_1_697' title='bbox 1915 3743 2269 3799; x_wconf 88' lang='lat' dir='ltr'>accendatur</span> <span class='ocrx_word' id='word_1_698' title='bbox 2296 3741 2451 3813; x_wconf 87' lang='lat' dir='ltr'>igne.</span> <span class='ocrx_word' id='word_1_699' title='bbox 2484 3742 2667 3807; x_wconf 88' lang='lat' dir='ltr'>Quem</span> <span class='ocrx_word' id='word_1_700' title='bbox 2698 3740 2980 3797; x_wconf 89' lang='lat' dir='ltr'>diaconus</span> <span class='ocrx_word' id='word_1_701' title='bbox 3008 3759 3168 3797; x_wconf 89' lang='lat' dir='ltr'>more</span> <span class='ocrx_word' id='word_1_702' title='bbox 3200 3741 3370 3799; x_wconf 89' lang='lat' dir='ltr'>solito</span> <span class='ocrx_word' id='word_1_703' title='bbox 3400 3743 3570 3798; x_wconf 86' lang='lat' dir='ltr'>bene-</span> 
     </span>
    </p>
   </div>
   <div class='ocr_carea' id='block_1_99' title="bbox 1915 3828 3567 3902">
    <p class='ocr_par' dir='ltr' id='par_1_99' title="bbox 1915 3828 3567 3902">
     <span class='ocr_line' id='line_1_99' title="bbox 1915 3828 3567 3902; baseline 0.001 -18"><span class='ocrx_word' id='word_1_704' title='bbox 1915 3829 2136 3896; x_wconf 89' lang='lat' dir='ltr'>dicens,</span> <span class='ocrx_word' id='word_1_705' title='bbox 2172 3828 2323 3884; x_wconf 89' lang='lat' dir='ltr'>hanc</span> <span class='ocrx_word' id='word_1_706' title='bbox 2351 3828 2673 3883; x_wconf 89' lang='lat' dir='ltr'>orationem</span> <span class='ocrx_word' id='word_1_707' title='bbox 2705 3828 2876 3899; x_wconf 89' lang='lat' dir='ltr'>quasi</span> <span class='ocrx_word' id='word_1_708' title='bbox 2904 3845 3042 3885; x_wconf 92' lang='lat' dir='ltr'>voce</span> <span class='ocrx_word' id='word_1_709' title='bbox 3089 3828 3337 3902; x_wconf 86' lang='lat' dir='ltr'>legentis</span> <span class='ocrx_word' id='word_1_710' title='bbox 3377 3829 3567 3902; x_wconf 84' lang='lat' dir='ltr'>profe-</span> 
     </span>
    </p>
   </div>
   <div class='ocr_carea' id='block_1_100' title="bbox 1916 3918 3567 3989">
    <p class='ocr_par' dir='ltr' id='par_1_100' title="bbox 1916 3918 3567 3989">
     <span class='ocr_line' id='line_1_100' title="bbox 1916 3918 3567 3989; baseline 0.001 -16"><span class='ocrx_word' id='word_1_711' title='bbox 1916 3936 2050 3974; x_wconf 89' lang='lat' dir='ltr'>rens</span> <span class='ocrx_word' id='word_1_712' title='bbox 2097 3918 2300 3972; x_wconf 86' lang='lat' dir='ltr'>dicat:</span> <span class='ocrx_word' id='word_1_713' title='bbox 2333 3918 2551 3973; x_wconf 68' lang='lat' dir='ltr'>Exultet</span> <span class='ocrx_word' id='word_1_714' title='bbox 2594 3918 2718 3989; x_wconf 88' lang='lat' dir='ltr'>jam</span> <span class='ocrx_word' id='word_1_715' title='bbox 2781 3918 3028 3988; x_wconf 86' lang='lat' dir='ltr'>angelica</span> <span class='ocrx_word' id='word_1_716' title='bbox 3078 3918 3239 3974; x_wconf 89' lang='lat' dir='ltr'>turba</span> <span class='ocrx_word' id='word_1_717' title='bbox 3289 3919 3567 3975; x_wconf 74' lang='lat' dir='ltr'>caelorum.</span> 
     </span>
    </p>
   </div>
   <div class='ocr_carea' id='block_1_101' title="bbox 1915 4005 3570 4074">
    <p class='ocr_par' dir='ltr' id='par_1_101' title="bbox 1915 4005 3570 4074">
     <span class='ocr_line' id='line_1_101' title="bbox 1915 4005 3570 4074; baseline 0 -12"><span class='ocrx_word' id='word_1_718' title='bbox 1915 4008 2079 4063; x_wconf 86' lang='lat' dir='ltr'>Tunc</span> <span class='ocrx_word' id='word_1_719' title='bbox 2106 4022 2245 4062; x_wconf 90' lang='lat' dir='ltr'>voce</span> <span class='ocrx_word' id='word_1_720' title='bbox 2276 4005 2616 4061; x_wconf 89' lang='lat' dir='ltr'>sublimiore</span> <span class='ocrx_word' id='word_1_721' title='bbox 2654 4006 2831 4074; x_wconf 83' lang='lat' dir='ltr'>dicat,</span> <span class='ocrx_word' id='word_1_722' title='bbox 2855 4006 3087 4062; x_wconf 87' lang='lat' dir='ltr'>Sursum</span> <span class='ocrx_word' id='word_1_723' title='bbox 3123 4006 3307 4073; x_wconf 86' lang='lat' dir='ltr'>corda,</span> <span class='ocrx_word' id='word_1_724' title='bbox 3338 4011 3403 4064; x_wconf 74' lang='lat' dir='ltr'>et</span> <span class='ocrx_word' id='word_1_725' title='bbox 3436 4006 3570 4063; x_wconf 87' lang='lat' dir='ltr'>reli-</span> 
     </span>
    </p>
   </div>
   <div class='ocr_carea' id='block_1_102' title="bbox 1918 4093 3569 4167">
    <p class='ocr_par' dir='ltr' id='par_1_102' title="bbox 1918 4093 3569 4167">
     <span class='ocr_line' id='line_1_102' title="bbox 1918 4093 3569 4167; baseline 0.002 -18"><span class='ocrx_word' id='word_1_726' title='bbox 1918 4112 2054 4167; x_wconf 89' lang='lat' dir='ltr'>qua.</span> <span class='ocrx_word' id='word_1_727' title='bbox 2088 4094 2280 4150; x_wconf 86' lang='lat' dir='ltr'>Finita</span> <span class='ocrx_word' id='word_1_728' title='bbox 2330 4093 2733 4150; x_wconf 90' lang='lat' dir='ltr'>benedictione</span> <span class='ocrx_word' id='word_1_729' title='bbox 2772 4096 3127 4157; x_wconf 86' lang='lat' dir='ltr'>accendatur</span> <span class='ocrx_word' id='word_1_730' title='bbox 3171 4095 3318 4152; x_wconf 88' lang='lat' dir='ltr'>alter</span> <span class='ocrx_word' id='word_1_731' title='bbox 3345 4112 3569 4164; x_wconf 80' lang='lat' dir='ltr'>cereus,</span> 
     </span>
    </p>
   </div>
   <div class='ocr_carea' id='block_1_103' title="bbox 1918 4184 3574 4247">
    <p class='ocr_par' dir='ltr' id='par_1_103' title="bbox 1918 4184 3574 4247">
     <span class='ocr_line' id='line_1_103' title="bbox 1918 4184 3574 4247; baseline 0.004 -8"><span class='ocrx_word' id='word_1_732' title='bbox 1918 4190 1975 4240; x_wconf 90' lang='lat' dir='ltr'>et</span> <span class='ocrx_word' id='word_1_733' title='bbox 2004 4189 2144 4240; x_wconf 89' lang='lat' dir='ltr'>tunc</span> <span class='ocrx_word' id='word_1_734' title='bbox 2172 4184 2582 4239; x_wconf 86' lang='lat' dir='ltr'>illuminantur</span> <span class='ocrx_word' id='word_1_735' title='bbox 2612 4185 2727 4241; x_wconf 93' lang='lat' dir='ltr'>duo</span> <span class='ocrx_word' id='word_1_736' title='bbox 2762 4184 2911 4240; x_wconf 90' lang='lat' dir='ltr'>cerei</span> <span class='ocrx_word' id='word_1_737' title='bbox 2962 4185 3301 4242; x_wconf 88' lang='lat' dir='ltr'>tenentibus</span> <span class='ocrx_word' id='word_1_738' title='bbox 3341 4184 3574 4247; x_wconf 67' lang='lat' dir='ltr'>duobus</span> 
     </span>
    </p>
   </div>
   <div class='ocr_carea' id='block_1_104' title="bbox 1919 4272 3574 4346">
    <p class='ocr_par' dir='ltr' id='par_1_104' title="bbox 1919 4272 3574 4346">
     <span class='ocr_line' id='line_1_104' title="bbox 1919 4272 3574 4346; baseline 0.001 -18"><span class='ocrx_word' id='word_1_739' title='bbox 1919 4272 2223 4346; x_wconf 73' lang='lat' dir='ltr'>acolythis,</span> <span class='ocrx_word' id='word_1_740' title='bbox 2240 4290 2395 4328; x_wconf 92' lang='lat' dir='ltr'>unus</span> <span class='ocrx_word' id='word_1_741' title='bbox 2434 4273 2493 4327; x_wconf 92' lang='lat' dir='ltr'>in</span> <span class='ocrx_word' id='word_1_742' title='bbox 2542 4273 2743 4329; x_wconf 88' lang='lat' dir='ltr'>dextro</span> <span class='ocrx_word' id='word_1_743' title='bbox 2785 4290 2966 4329; x_wconf 90' lang='lat' dir='ltr'>cornu</span> <span class='ocrx_word' id='word_1_744' title='bbox 2998 4272 3196 4342; x_wconf 88' lang='lat' dir='ltr'>alaris,</span> <span class='ocrx_word' id='word_1_745' title='bbox 3226 4277 3285 4330; x_wconf 88' lang='lat' dir='ltr'>et</span> <span class='ocrx_word' id='word_1_746' title='bbox 3322 4273 3468 4329; x_wconf 86' lang='lat' dir='ltr'>alter</span> <span class='ocrx_word' id='word_1_747' title='bbox 3512 4272 3574 4329; x_wconf 85' lang='lat' dir='ltr'>in</span> 
     </span>
    </p>
   </div>
   <div class='ocr_carea' id='block_1_105' title="bbox 1918 4360 3573 4433">
    <p class='ocr_par' dir='ltr' id='par_1_105' title="bbox 1918 4360 3573 4433">
     <span class='ocr_line' id='line_1_105' title="bbox 1918 4360 3573 4433; baseline 0 -15"><span class='ocrx_word' id='word_1_748' title='bbox 1918 4361 2179 4418; x_wconf 88' lang='lat' dir='ltr'>sinistro.</span> <span class='ocrx_word' id='word_1_749' title='bbox 2196 4360 2601 4417; x_wconf 90' lang='lat' dir='ltr'>Benedictione</span> <span class='ocrx_word' id='word_1_750' title='bbox 2624 4366 2861 4433; x_wconf 88' lang='lat' dir='ltr'>peracta</span> <span class='ocrx_word' id='word_1_751' title='bbox 2879 4362 3159 4417; x_wconf 88' lang='lat' dir='ltr'>ascendat</span> <span class='ocrx_word' id='word_1_752' title='bbox 3186 4360 3573 4418; x_wconf 89' lang='lat' dir='ltr'>subdiaconu-</span> 
     </span>
    </p>
   </div>
   <div class='ocr_carea' id='block_1_106' title="bbox 1920 4448 3573 4521">
    <p class='ocr_par' dir='ltr' id='par_1_106' title="bbox 1920 4448 3573 4521">
     <span class='ocr_line' id='line_1_106' title="bbox 1920 4448 3573 4521; baseline -0.001 -15"><span class='ocrx_word' id='word_1_753' title='bbox 1920 4451 2255 4515; x_wconf 89' lang='lat' dir='ltr'>ambonem,</span> <span class='ocrx_word' id='word_1_754' title='bbox 2308 4449 2462 4521; x_wconf 85' lang='lat' dir='ltr'>legat</span> <span class='ocrx_word' id='word_1_755' title='bbox 2520 4448 2831 4504; x_wconf 89' lang='lat' dir='ltr'>lectionem</span> <span class='ocrx_word' id='word_1_756' title='bbox 2886 4449 3159 4520; x_wconf 88' lang='lat' dir='ltr'>qrimam,</span> <span class='ocrx_word' id='word_1_757' title='bbox 3193 4448 3253 4502; x_wconf 83' lang='lat' dir='ltr'>In</span> <span class='ocrx_word' id='word_1_758' title='bbox 3296 4449 3573 4520; x_wconf 79' lang='lat' dir='ltr'>principio</span> 
     </span>
    </p>
   </div>
   <div class='ocr_carea' id='block_1_107' title="bbox 1918 4535 3574 4608">
    <p class='ocr_par' dir='ltr' id='par_1_107' title="bbox 1918 4535 3574 4608">
     <span class='ocr_line' id='line_1_107' title="bbox 1918 4535 3574 4608; baseline -0.001 -14"><span class='ocrx_word' id='word_1_759' title='bbox 1918 4540 2150 4605; x_wconf 84' lang='lat' dir='ltr'>creavit;</span> <span class='ocrx_word' id='word_1_760' title='bbox 2184 4538 2450 4608; x_wconf 90' lang='lat' dir='ltr'>sequitur</span> <span class='ocrx_word' id='word_1_761' title='bbox 2495 4538 2678 4592; x_wconf 87' lang='lat' dir='ltr'>oratio</span> <span class='ocrx_word' id='word_1_762' title='bbox 2720 4553 2755 4591; x_wconf 90' lang='lat' dir='ltr'>a</span> <span class='ocrx_word' id='word_1_763' title='bbox 2801 4536 3013 4607; x_wconf 90' lang='lat' dir='ltr'>priore,</span> <span class='ocrx_word' id='word_1_764' title='bbox 3039 4535 3262 4591; x_wconf 86' lang='lat' dir='ltr'>Oremus</span> <span class='ocrx_word' id='word_1_765' title='bbox 3292 4536 3433 4592; x_wconf 79' lang='lat' dir='ltr'>Deus</span> <span class='ocrx_word' id='word_1_766' title='bbox 3476 4538 3574 4608; x_wconf 85' lang='lat' dir='ltr'>qui</span> 
     </span>
    </p>
   </div>
   <div class='ocr_carea' id='block_1_108' title="bbox 1919 4625 3573 4695">
    <p class='ocr_par' dir='ltr' id='par_1_108' title="bbox 1919 4625 3573 4695">
     <span class='ocr_line' id='line_1_108' title="bbox 1919 4625 3573 4695; baseline -0.001 -12"><span class='ocrx_word' id='word_1_767' title='bbox 1919 4628 2271 4683; x_wconf 84' lang='lat' dir='ltr'>mirabiliter.</span> <span class='ocrx_word' id='word_1_768' title='bbox 2294 4625 3005 4692; x_wconf 85' lang='lat' dir='ltr'>Secundalectio,Faetum</span> <span class='ocrx_word' id='word_1_769' title='bbox 3029 4632 3109 4680; x_wconf 88' lang='lat' dir='ltr'>est</span> <span class='ocrx_word' id='word_1_770' title='bbox 3136 4627 3197 4679; x_wconf 84' lang='lat' dir='ltr'>in</span> <span class='ocrx_word' id='word_1_771' title='bbox 3214 4626 3439 4695; x_wconf 83' lang='lat' dir='ltr'>vigilia;</span> <span class='ocrx_word' id='word_1_772' title='bbox 3461 4629 3573 4681; x_wconf 82' lang='lat' dir='ltr'>tra-</span> 
     </span>
    </p>
   </div>
   <div class='ocr_carea' id='block_1_109' title="bbox 1922 4712 3573 4785">
    <p class='ocr_par' dir='ltr' id='par_1_109' title="bbox 1922 4712 3573 4785">
     <span class='ocr_line' id='line_1_109' title="bbox 1922 4712 3573 4785; baseline -0.001 -14"><span class='ocrx_word' id='word_1_773' title='bbox 1922 4716 2364 4783; x_wconf 82' lang='lat' dir='ltr'>ctus,Cantemus</span> <span class='ocrx_word' id='word_1_774' title='bbox 2386 4715 2633 4769; x_wconf 89' lang='lat' dir='ltr'>Domino.</span> <span class='ocrx_word' id='word_1_775' title='bbox 2650 4712 2930 4785; x_wconf 84' lang='lat' dir='ltr'>Sequitur</span> <span class='ocrx_word' id='word_1_776' title='bbox 2949 4713 3155 4781; x_wconf 90' lang='lat' dir='ltr'>oratio,</span> <span class='ocrx_word' id='word_1_777' title='bbox 3171 4713 3418 4782; x_wconf 84' lang='lat' dir='ltr'>Oremus,</span> <span class='ocrx_word' id='word_1_778' title='bbox 3431 4715 3573 4770; x_wconf 67' lang='grc' dir='ltr'>ουτω</span> 
     </span>
    </p>
   </div>
   <div class='ocr_carea' id='block_1_110' title="bbox 1918 4800 3572 4877">
    <p class='ocr_par' dir='ltr' id='par_1_110' title="bbox 1918 4800 3572 4877">
     <span class='ocr_line' id='line_1_110' title="bbox 1918 4800 3572 4877; baseline 0 -17"><span class='ocrx_word' id='word_1_779' title='bbox 1918 4807 2071 4877; x_wconf 85' lang='lat' dir='ltr'>cujus</span> <span class='ocrx_word' id='word_1_780' title='bbox 2100 4806 2327 4875; x_wconf 86' lang='lat' dir='ltr'>antiqua</span> <span class='ocrx_word' id='word_1_781' title='bbox 2356 4803 2658 4867; x_wconf 85' lang='lat' dir='ltr'>miracula;</span> <span class='ocrx_word' id='word_1_782' title='bbox 2689 4802 2861 4857; x_wconf 89' lang='lat' dir='ltr'>tertia</span> <span class='ocrx_word' id='word_1_783' title='bbox 2897 4800 3029 4857; x_wconf 89' lang='lat' dir='ltr'>lect.</span> <span class='ocrx_word' id='word_1_784' title='bbox 3062 4803 3182 4858; x_wconf 72' lang='lat' dir='ltr'>llazc</span> <span class='ocrx_word' id='word_1_785' title='bbox 3225 4811 3305 4859; x_wconf 89' lang='lat' dir='ltr'>est</span> <span class='ocrx_word' id='word_1_786' title='bbox 3347 4802 3572 4861; x_wconf 65' lang='lat' dir='ltr'>haeredi-</span> 
     </span>
    </p>
   </div>
   <div class='ocr_carea' id='block_1_111' title="bbox 1917 4891 3576 4962">
    <p class='ocr_par' dir='ltr' id='par_1_111' title="bbox 1917 4891 3576 4962">
     <span class='ocr_line' id='line_1_111' title="bbox 1917 4891 3576 4962; baseline 0.001 -13"><span class='ocrx_word' id='word_1_787' title='bbox 1917 4894 2097 4960; x_wconf 86' lang='lat' dir='ltr'>ditas;</span> <span class='ocrx_word' id='word_1_788' title='bbox 2129 4892 2543 4959; x_wconf 85' lang='lat' dir='ltr'>collecta,Deus</span> <span class='ocrx_word' id='word_1_789' title='bbox 2574 4892 2670 4962; x_wconf 87' lang='lat' dir='ltr'>qui</span> <span class='ocrx_word' id='word_1_790' title='bbox 2697 4891 2992 4945; x_wconf 78' lang='lat' dir='ltr'>Ecclesium</span> <span class='ocrx_word' id='word_1_791' title='bbox 3012 4898 3163 4947; x_wconf 88' lang='lat' dir='ltr'>tuam</span> <span class='ocrx_word' id='word_1_792' title='bbox 3173 4913 3194 4960; x_wconf 83' lang='lat'>,-</span> <span class='ocrx_word' id='word_1_793' title='bbox 3217 4896 3444 4949; x_wconf 89' lang='lat' dir='ltr'>tractus</span> <span class='ocrx_word' id='word_1_794' title='bbox 3463 4893 3576 4951; x_wconf 79' lang='lat' dir='ltr'>Sic-</span> 
     </span>
    </p>
   </div>
   <div class='ocr_carea' id='block_1_112' title="bbox 1917 4979 3577 5052">
    <p class='ocr_par' dir='ltr' id='par_1_112' title="bbox 1917 4979 3577 5052">
     <span class='ocr_line' id='line_1_112' title="bbox 1917 4979 3577 5052; baseline 0.001 -15"><span class='ocrx_word' id='word_1_795' title='bbox 1917 4990 1979 5037; x_wconf 90' lang='lat' dir='ltr'>ut</span> <span class='ocrx_word' id='word_1_796' title='bbox 2006 4998 2225 5047; x_wconf 80' lang='lat' dir='ltr'>cervus;</span> <span class='ocrx_word' id='word_1_797' title='bbox 2257 4980 2524 5051; x_wconf 86' lang='lat' dir='ltr'>sequitur</span> <span class='ocrx_word' id='word_1_798' title='bbox 2553 4979 2761 5047; x_wconf 88' lang='lat' dir='ltr'>oratio,</span> <span class='ocrx_word' id='word_1_799' title='bbox 2780 4979 3035 5047; x_wconf 81' lang='lat' dir='ltr'>Concede,</span> <span class='ocrx_word' id='word_1_800' title='bbox 3052 4995 3389 5052; x_wconf 48' lang='lat' dir='ltr'>quaesumus,</span> <span class='ocrx_word' id='word_1_801' title='bbox 3405 4984 3577 5040; x_wconf 81' lang='lat' dir='ltr'>omni-</span> 
     </span>
    </p>
   </div>
   <div class='ocr_carea' id='block_1_113' title="bbox 1915 5068 3576 5142">
    <p class='ocr_par' dir='ltr' id='par_1_113' title="bbox 1915 5068 3576 5142">
     <span class='ocr_line' id='line_1_113' title="bbox 1915 5068 3576 5142; baseline 0.001 -16"><span class='ocrx_word' id='word_1_802' title='bbox 1915 5080 2100 5142; x_wconf 75' lang='lat' dir='ltr'>potens</span> <span class='ocrx_word' id='word_1_803' title='bbox 2132 5072 2290 5124; x_wconf 87' lang='lat' dir='ltr'>Deus.</span> <span class='ocrx_word' id='word_1_804' title='bbox 2328 5068 2519 5123; x_wconf 79' lang='lat' dir='ltr'>Finita</span> <span class='ocrx_word' id='word_1_805' title='bbox 2547 5069 2827 5137; x_wconf 88' lang='lat' dir='ltr'>oratione,</span> <span class='ocrx_word' id='word_1_806' title='bbox 2864 5068 3216 5125; x_wconf 77' lang='lat' dir='ltr'>inchoantur</span> <span class='ocrx_word' id='word_1_807' title='bbox 3245 5070 3459 5127; x_wconf 70' lang='lat' dir='ltr'>litania:</span> <span class='ocrx_word' id='word_1_808' title='bbox 3486 5089 3576 5128; x_wconf 86' lang='lat' dir='ltr'>se-</span> 
     </span>
    </p>
   </div>
   <div class='ocr_carea' id='block_1_114' title="bbox 1918 5156 3580 5234">
    <p class='ocr_par' dir='ltr' id='par_1_114' title="bbox 1918 5156 3580 5234">
     <span class='ocr_line' id='line_1_114' title="bbox 1918 5156 3580 5234; baseline 0 -19"><span class='ocrx_word' id='word_1_809' title='bbox 1918 5166 2103 5234; x_wconf 68' lang='lat' dir='ltr'>ptena:</span> <span class='ocrx_word' id='word_1_810' title='bbox 2134 5159 2206 5214; x_wconf 90' lang='lat' dir='ltr'>ad</span> <span class='ocrx_word' id='word_1_811' title='bbox 2256 5156 2567 5213; x_wconf 87' lang='lat' dir='ltr'>introitum</span> <span class='ocrx_word' id='word_1_812' title='bbox 2598 5160 2735 5211; x_wconf 87' lang='lat' dir='ltr'>ante</span> <span class='ocrx_word' id='word_1_813' title='bbox 2768 5156 2971 5212; x_wconf 88' lang='lat' dir='ltr'>altare.</span> <span class='ocrx_word' id='word_1_814' title='bbox 3007 5158 3214 5214; x_wconf 89' lang='lat' dir='ltr'>Postea</span> <span class='ocrx_word' id='word_1_815' title='bbox 3258 5159 3580 5216; x_wconf 84' lang='lat' dir='ltr'>descendat</span> 
     </span>
    </p>
   </div>
   <div class='ocr_carea' id='block_1_115' title="bbox 1919 5245 3581 5318">
    <p class='ocr_par' dir='ltr' id='par_1_115' title="bbox 1919 5245 3581 5318">
     <span class='ocr_line' id='line_1_115' title="bbox 1919 5245 3581 5318; baseline -0.002 -12"><span class='ocrx_word' id='word_1_816' title='bbox 1919 5250 2103 5305; x_wconf 86' lang='lat' dir='ltr'>abbas</span> <span class='ocrx_word' id='word_1_817' title='bbox 2132 5264 2267 5303; x_wconf 90' lang='lat' dir='ltr'>cum</span> <span class='ocrx_word' id='word_1_818' title='bbox 2301 5245 2459 5301; x_wconf 86' lang='lat' dir='ltr'>scola</span> <span class='ocrx_word' id='word_1_819' title='bbox 2480 5250 2757 5301; x_wconf 87' lang='lat' dir='ltr'>canentes</span> <span class='ocrx_word' id='word_1_820' title='bbox 2788 5245 3028 5302; x_wconf 88' lang='lat' dir='ltr'>litanias</span> <span class='ocrx_word' id='word_1_821' title='bbox 3054 5246 3268 5318; x_wconf 86' lang='lat' dir='ltr'>quinas</span> <span class='ocrx_word' id='word_1_822' title='bbox 3290 5248 3363 5303; x_wconf 88' lang='lat' dir='ltr'>ad</span> <span class='ocrx_word' id='word_1_823' title='bbox 3389 5249 3581 5305; x_wconf 84' lang='lat' dir='ltr'>fontes</span> 
     </span>
    </p>
   </div>
   <div class='ocr_carea' id='block_1_116' title="bbox 1918 5334 3578 5407">
    <p class='ocr_par' dir='ltr' id='par_1_116' title="bbox 1918 5334 3578 5407">
     <span class='ocr_line' id='line_1_116' title="bbox 1918 5334 3578 5407; baseline -0.001 -14"><span class='ocrx_word' id='word_1_824' title='bbox 1918 5336 2371 5393; x_wconf 89' lang='lat' dir='ltr'>benedicendos.</span> <span class='ocrx_word' id='word_1_825' title='bbox 2391 5336 2688 5406; x_wconf 85' lang='lat' dir='ltr'>Sequitur,</span> <span class='ocrx_word' id='word_1_826' title='bbox 2706 5334 3057 5406; x_wconf 78' lang='lat' dir='ltr'>Omnipotens</span> <span class='ocrx_word' id='word_1_827' title='bbox 3076 5337 3404 5407; x_wconf 64' lang='lat' dir='ltr'>sempiterna</span> <span class='ocrx_word' id='word_1_828' title='bbox 3416 5336 3578 5404; x_wconf 74' lang='lat' dir='ltr'>Dem,</span> 
     </span>
    </p>
   </div>
   <div class='ocr_carea' id='block_1_117' title="bbox 1918 5423 3583 5499">
    <p class='ocr_par' dir='ltr' id='par_1_117' title="bbox 1918 5423 3583 5499">
     <span class='ocr_line' id='line_1_117' title="bbox 1918 5423 3583 5499; baseline -0.001 -16"><span class='ocrx_word' id='word_1_829' title='bbox 1918 5431 1975 5483; x_wconf 89' lang='lat' dir='ltr'>et</span> <span class='ocrx_word' id='word_1_830' title='bbox 2007 5426 2300 5499; x_wconf 66' lang='lat' dir='ltr'>praefatio;</span> <span class='ocrx_word' id='word_1_831' title='bbox 2336 5424 2430 5478; x_wconf 90' lang='lat' dir='ltr'>his</span> <span class='ocrx_word' id='word_1_832' title='bbox 2461 5423 2702 5496; x_wconf 78' lang='lat' dir='ltr'>expletis</span> <span class='ocrx_word' id='word_1_833' title='bbox 2735 5425 2982 5480; x_wconf 89' lang='lat' dir='ltr'>redeunt</span> <span class='ocrx_word' id='word_1_834' title='bbox 3001 5425 3074 5479; x_wconf 88' lang='lat' dir='ltr'>ad</span> <span class='ocrx_word' id='word_1_835' title='bbox 3098 5423 3277 5480; x_wconf 86' lang='lat' dir='ltr'>altare</span> <span class='ocrx_word' id='word_1_836' title='bbox 3297 5442 3433 5480; x_wconf 89' lang='lat' dir='ltr'>cum</span> <span class='ocrx_word' id='word_1_837' title='bbox 3455 5423 3583 5481; x_wconf 79' lang='lat' dir='ltr'>lita-</span> 
     </span>
    </p>
   </div>
   <div class='ocr_carea' id='block_1_118' title="bbox 1918 5512 3579 5585">
    <p class='ocr_par' dir='ltr' id='par_1_118' title="bbox 1918 5512 3579 5585">
     <span class='ocr_line' id='line_1_118' title="bbox 1918 5512 3579 5585; baseline -0.002 -13"><span class='ocrx_word' id='word_1_838' title='bbox 1918 5518 2018 5572; x_wconf 91' lang='lat' dir='ltr'>nia</span> <span class='ocrx_word' id='word_1_839' title='bbox 2050 5522 2233 5581; x_wconf 90' lang='lat' dir='ltr'>terna,</span> <span class='ocrx_word' id='word_1_840' title='bbox 2251 5517 2308 5568; x_wconf 90' lang='lat' dir='ltr'>et</span> <span class='ocrx_word' id='word_1_841' title='bbox 2338 5518 2653 5585; x_wconf 88' lang='lat' dir='ltr'>antequam</span> <span class='ocrx_word' id='word_1_842' title='bbox 2700 5518 2971 5568; x_wconf 86' lang='lat' dir='ltr'>cantatur</span> <span class='ocrx_word' id='word_1_843' title='bbox 3016 5512 3202 5581; x_wconf 78' lang='lat' dir='ltr'>Gloria</span> <span class='ocrx_word' id='word_1_844' title='bbox 3248 5513 3310 5566; x_wconf 87' lang='lat' dir='ltr'>in</span> <span class='ocrx_word' id='word_1_845' title='bbox 3350 5513 3579 5568; x_wconf 69' lang='lat' dir='ltr'>excelsis</span> 
     </span>
    </p>
   </div>
   <div class='ocr_carea' id='block_1_119' title="bbox 1914 5598 3577 5675">
    <p class='ocr_par' dir='ltr' id='par_1_119' title="bbox 1914 5598 3577 5675">
     <span class='ocr_line' id='line_1_119' title="bbox 1914 5598 3577 5675; baseline -0.005 -12"><span class='ocrx_word' id='word_1_846' title='bbox 1914 5607 2039 5673; x_wconf 88' lang='lat' dir='ltr'>Deo,</span> <span class='ocrx_word' id='word_1_847' title='bbox 2057 5603 2339 5675; x_wconf 88' lang='lat' dir='ltr'>magister</span> <span class='ocrx_word' id='word_1_848' title='bbox 2369 5600 2580 5657; x_wconf 69' lang='lat' dir='ltr'>scholm</span> <span class='ocrx_word' id='word_1_849' title='bbox 2619 5602 2778 5657; x_wconf 84' lang='lat' dir='ltr'>dicat</span> <span class='ocrx_word' id='word_1_850' title='bbox 2808 5601 2927 5656; x_wconf 88' lang='lat' dir='ltr'>alta</span> <span class='ocrx_word' id='word_1_851' title='bbox 2954 5617 3113 5668; x_wconf 89' lang='lat' dir='ltr'>voce,</span> <span class='ocrx_word' id='word_1_852' title='bbox 3146 5598 3458 5655; x_wconf 71' lang='lat' dir='ltr'>Accendite.</span> <span class='ocrx_word' id='word_1_853' title='bbox 3504 5599 3577 5654; x_wconf 88' lang='lat' dir='ltr'>Et</span> 
     </span>
    </p>
   </div>
   <div class='ocr_carea' id='block_1_120' title="bbox 1914 5686 3572 5765">
    <p class='ocr_par' dir='ltr' id='par_1_120' title="bbox 1914 5686 3572 5765">
     <span class='ocr_line' id='line_1_120' title="bbox 1914 5686 3572 5765; baseline -0.004 -13"><span class='ocrx_word' id='word_1_854' title='bbox 1914 5700 2055 5752; x_wconf 88' lang='lat' dir='ltr'>tunc</span> <span class='ocrx_word' id='word_1_855' title='bbox 2085 5689 2496 5753; x_wconf 85' lang='lat' dir='ltr'>illuminentur</span> <span class='ocrx_word' id='word_1_856' title='bbox 2524 5689 2723 5749; x_wconf 84' lang='lat' dir='ltr'>omnia</span> <span class='ocrx_word' id='word_1_857' title='bbox 2752 5687 3069 5747; x_wconf 80' lang='lat' dir='ltr'>luminaria</span> <span class='ocrx_word' id='word_1_858' title='bbox 3099 5686 3376 5765; x_wconf 51' lang='lat' dir='ltr'>ecclesiis,</span> <span class='ocrx_word' id='word_1_859' title='bbox 3394 5690 3449 5743; x_wconf 90' lang='lat' dir='ltr'>et</span> <span class='ocrx_word' id='word_1_860' title='bbox 3476 5686 3572 5746; x_wconf 77' lang='lat' dir='ltr'>ab-</span> 
     </span>
    </p>
   </div>
  </div>
