3912 6358
341 375 461 438 495

1368 375 1432 434 S.
1481 373 1878 435 DUNSTANI
1923 373 2292 446 ARCHIEP.
2339 375 2730 438 CAN'I‘UAR.

3639 371 3766 441 496

343 510 476 566 hate
523 509 835 582 incipiente
894 509 1074 564 Gloria
1124 511 1180 562 in
1241 507 1468 561 excelsis
1526 507 1651 572 Deo,
1687 504 1998 576 pulsentur
2025 505 2082 574 Α
2112 507 2514 574 ostendentes,
2546 506 2701 578 quod
2732 505 3053 562 surrexerit
3085 505 3468 575 Dominus,et
3480 505 3610 578 jam
3641 523 3764 561 non

342 598 544 654 omnia.
569 596 1050 670 signa.Sequitur
1073 595 1490 662 collecta,Deus
1521 595 1616 666 qui
1645 593 1788 649 hanc
1822 609 2000 651 sacra-

343 687 613 742 tissimam
637 693 866 740 noctem.
893 685 1112 740 Deinde
1144 683 1358 754 legitur
1388 680 1744 754 Epistola,8i
1781 699 2000 738 consur-

341 775 585 842 remistis,
621 777 678 828 et
727 777 999 829 cantatur
1046 773 1304 837 Alleluia,
1354 772 1690 842 conﬁtemini
1743 773 1996 841 Domino,

342 866 402 920 et
429 864 652 918 tractus
684 862 920 918 Laudato
947 864 1258 918 Dominum.
1292 863 1438 916 Ante
1470 861 1850 932 Evangelium
1882 880 1998 918 non

343 954 653 1025 portantur
697 951 1013 1007 luminaria
1059 952 1118 1006 in
1169 952 1297 1023 ipsa
1336 955 1524 1018 nocte,
1559 953 1658 1006 sed
1693 951 1999 1008 incensum

343 1043 596 1097 tantum.
639 1041 827 1098 Finito
854 1041 1357 1114 Evangelio,dieat
1407 1041 1886 1109 abbas,Dominus
1919 1059 2002 1098 vos

343 1131 573 1196 hiscum,
589 1129 845 1198 Oremus;
875 1131 935 1186 in
967 1130 1094 1202 ipso
1115 1131 1208 1185 die
1233 1148 1346 1185 non
1369 1133 1639 1184 cantatur
1655 1129 2001 1202 0/ferwrium

342 1236 450 1276 nec
479 1221 661 1292 Agnus
692 1223 808 1289 Dei,
843 1238 948 1276 nec
979 1221 1395 1288 Communio,et
1413 1236 1616 1290 pacem
1640 1237 1754 1274 non
1787 1221 2003 1275 debent

341 1309 502 1376 dare,
535 1309 651 1364 nisi
681 1310 752 1363 iis
783 1310 885 1381 qui
918 1308 1386 1376 communicant;
1421 1309 1522 1364 sed
1573 1307 1806 1364 interim
1856 1310 1999 1364 dum

343 1399 878 1464 communicantur,
895 1399 1150 1466 Alleluia,
1169 1403 1224 1452 ct
1247 1397 1464 1452 lamlate
1486 1403 1618 1454 Dom
1629 1399 1681 1453 in
1693 1416 1783 1453 um
1817 1416 2000 1456 omnes

342 1495 523 1558 gentes
577 1491 867 1557 cantatur,
899 1487 1109 1542 dehinc
1168 1487 1494 1558 antiphoua
1556 1488 1776 1560 l'espere
1821 1496 2003 1545 autem

343 1577 568 1636 Sabbati
597 1582 656 1632 et
685 1577 1016 1649 Magniﬁcat.
1050 1577 1144 1632 Sic
1176 1576 1449 1631 sacerdos
1494 1577 1739 1632 missam
1779 1595 1846 1633 ac
1873 1593 2001 1634 ves-

345 1665 692 1736 pertinalem
725 1666 990 1739 synaxim
1022 1670 1140 1721 un‘a
1169 1663 1458 1736 compleat
1481 1666 1772 1734 oratione;
1797 1667 2001 1723 eadem

342 1771 478 1811 vero
515 1755 610 1811 die
656 1758 918 1828 tempore
947 1754 1209 1810 mandati
1263 1771 1416 1826 aqua
1463 1756 1739 1812 manibus
1769 1759 2002 1812 tantum

346 1843 487 1900 data
514 1860 550 1900 a
579 1843 848 1900 ministro
879 1844 1159 1900 fratribus
1183 1843 1486 1900 charitatis
1518 1845 1710 1902 ofﬁcio
1745 1846 2001 1918 prebea-

343 1937 461 1991 tur.
493 1931 954 2006 Cempleterium
985 1933 1276 1990 sonoriter
1298 1933 1624 1991 celebretur
1644 1951 1805 1990 more
1836 1951 2004 1991 cano-

347 2021 636 2082 nieorum.

418 2111 482 2167 In
515 2110 608 2167 die
657 2115 859 2168 sancto
906 2111 1138 2168 Pascha:
1190 2118 1411 2186 septem
1443 2114 1734 2170 canonica:
1783 2114 1937 2170 hora:
1969 2131 2004 2170 a

345 2197 654 2256 monachis
675 2198 734 2254 in
756 2198 1001 2257 ecclesia
1021 2200 1122 2256 Dei
1145 2217 1305 2256 more
1328 2202 1744 2258 canonicorum
1767 2207 2004 2275 propter

347 2285 756 2346 auctoritatem
787 2286 942 2343 beati
968 2287 1230 2360 Gregorii
1262 2306 1423 2361 papze
1455 2290 1612 2346 sedis
1647 2289 1998 2362 apostolicae,

348 2392 528 2449 quam
559 2377 686 2450 ipse
709 2376 1135 2448 Antiphonario
1159 2377 1401 2433 dictavit
1431 2376 1791 2434 celebrandas
1839 2383 1999 2434 sunt.

347 2466 627 2538 Ejusdem
648 2470 910 2539 tempore
933 2467 1120 2522 noctis
1144 2472 1459 2538 antequam
1481 2466 1907 2522 matutinorum
1931 2466 2005 2524 si-

347 2571 466 2627 gna
493 2559 858 2625 moveantur,
880 2560 1120 2612 sumant
1144 2555 1342 2612 ωᾱὶῐυὶ
1365 2573 1598 2612 crucem
1621 2559 1677 2612 et
1699 2561 1919 2628 ponant
1940 2557 2001 2612 in

347 2643 474 2700 loco
491 2643 603 2701 sibi
621 2660 899 2718 congruo;
917 2645 1208 2718 imprimis
1225 2645 1296 2700 ad
1314 2645 1672 2701 Nocturnum
1683 2644 1756 2700 ab
1771 2645 1999 2715 abbate,

348 2749 453 2791 seu
485 2733 748 2806 quolibet
777 2734 1098 2805 sacerdote,
1121 2734 1264 2790 dum
1289 2734 1472 2790 initur
1510 2735 1664 2791 Laus
1694 2733 1796 2791 Dei
1818 2734 1878 2792 in
1908 2751 2002 2792 ec-

348 2821 546 2892 clesia,
581 2823 830 2880 dicatur.
892 2826 1122 2880 Domine
1173 2823 1319 2880 labia
1377 2841 1496 2881 mea
1556 2826 1786 2899 aperies,
1821 2822 2002 2882 semel

349 2915 604 2970 tantum.
639 2912 1058 2982 Postea,~Deus,
1085 2915 1144 2968 in
1175 2912 1511 2985 adjutorium
1554 2930 1736 2970 meum
1785 2912 2004 2969 intende

346 3017 483 3060 cum
515 3001 719 3057 Gloria.
741 3000 970 3057 Psalmo
995 3007 1213 3070 autem,
1229 3005 1478 3071 Domine,
1496 3001 1628 3074 quid
1649 3002 2004 3072 multiplicati

339 3097 489 3157 sunt,
503 3087 773 3157 dimisso,
791 3091 993 3143 cantor
1008 3088 1251 3158 incipiat
1267 3087 1687 3144 invitatorium.
1704 3090 2000 3144 Tunctros

341 3175 672 3248 antiphonm
691 3192 826 3230 cum
848 3176 1039 3230 tribus
1060 3174 1328 3246 psalmis,
1346 3176 1562 3248 quibus
1591 3176 1776 3232 ﬁnitis
1795 3194 2001 3236 versus

2109 594 2186 648 sit
2216 593 2316 651 illo
2351 593 2670 662 involutus,
2706 593 2860 649 hanc
2892 598 3108 650 canant
3147 593 3536 666 antiphonam
3569 611 3584 650 :
3617 595 3766 652 Sur-

2109 686 2254 740 rexit
2281 686 2554 740 Dominus
2583 683 2650 740 de
2679 684 2950 756 sepulcro,
2975 688 3490 756 superponantque
3510 683 3768 742 linteum

2111 771 2311 840 altari;
2338 773 2507 828 [inita
2529 773 2854 846 antiphona
2875 773 3423 845 priorcongaudens
3439 791 3544 845 pro
3561 773 3774 832 trium-

2110 861 2226 932 pho
2257 862 2415 934 regis
2450 862 2659 931 nostri,
2680 863 2836 935 quod
2867 863 3095 917 devicta
3127 866 3314 918 morte
3336 862 3774 930 surrexit,inci-

2111 951 2234 1022 piat
2284 951 2572 1024 hymnum
2609 967 2620 1006 :
2660 953 2724 1007 Te
2753 956 2934 1008 Deum
2983 951 3292 1019 laudamus,
3327 968 3443 1024 quo
3511 952 3772 1025 incmpto

2111 1056 2228 1094 una
2259 1039 2577 1112 pulsantur
2597 1040 2795 1097 omnia
2826 1041 3017 1114 signa,
3052 1044 3186 1112 post
3212 1041 3382 1112 cujus
3405 1041 3584 1097 ﬁnem
3609 1042 3776 1100 dicat

2111 1129 2384 1184 sacerdos
2440 1145 2677 1186 versum
2731 1146 2745 1184 :
2798 1129 2861 1184 In
2917 1132 3315 1185 resurrectione
3367 1137 3482 1198 tua,
3529 1129 3772 1198 Christe,

2109 1218 2485 1286 verbotenus,
2519 1223 2578 1274 et
2604 1217 2802 1274 initiat
2846 1218 3188 1287 Matutinas,
3222 1218 3426 1275 dicens
3457 1235 3472 1274 ε
3507 1223 3680 1288 Deus,
3711 1221 3774 1274 in

2109 1305 2451 1376 adjutori-um
2477 1323 2660 1363 meum
2694 1307 2931 1376 intende,
2946 1311 3004 1362 et
3033 1326 3067 1362 a
3098 1312 3333 1363 cantore
3358 1306 3514 1363 illico
3534 1308 3776 1364 inchoe-

2111 1400 2208 1452 tur
2237 1395 2560 1467 antiphona
2589 1413 2725 1452 cum
2759 1395 2986 1468 psalmo
3017 1399 3284 1453 Dominus
3325 1399 3590 1468 regna—ait,
3625 1398 3778 1469 quia

2109 1488 2256 1541 Deus
2285 1487 2611 1540 misereatur
2639 1487 2838 1554 nostri,
2856 1485 2964 1540 hoc
2996 1502 3111 1540 non
3144 1486 3378 1541 canitur
3406 1486 3468 1541 in
3498 1485 3647 1555 loco,
3665 1485 3776 1542 sed

2111 1589 2247 1629 cum
2296 1579 2466 1645 Deus,
2497 1578 2643 1630 Deus
2690 1590 2865 1643 meus,
2897 1574 2967 1630 ad
3015 1583 3064 1630 te
3111 1574 3176 1630 de
3236 1575 3372 1644 luce,
3403 1575 3776 1647 conjunctim

2111 1663 2529 1719 canonicorum
2562 1680 2744 1719 more.
2779 1663 3046 1735 Quinque
3078 1662 3324 1736 psalmis
3347 1664 3484 1736 jure
3515 1665 3780 1736 peractis

2113 1768 2250 1808 eum
2261 1751 2598 1824 antiphenis
2618 1751 2733 1808 sibi
2748 1751 2858 1809 rite
2871 1753 3301 1825 pertinentibus
3322 1753 3580 1826 capitulo
3593 1753 3781 1817 etiam

2111 1857 2146 1897 a
2174 1842 2536 1914 presbytero,
2570 1858 2861 1914 versuque
2892 1844 3150 1899 Surrexit
3178 1845 3451 1904 Dominus
3479 1844 3546 1900 de
3577 1845 3782 1918 sepul-

2112 1948 2222 2002 cro,
2255 1935 2320 1988 ut
2349 1948 2478 1988 mos
2509 1935 2598 1988 est
2629 1948 2666 1987 a
2696 1947 2876 2004 puero
2919 1932 3098 2001 dicto,
3131 1931 3400 1990 initietur
3447 1933 3784 2006 antiphona

2115 2021 2176 2076 in
2243 2020 2564 2094 evangelia,
2624 2038 2743 2094 qua
2799 2027 3036 2094 peracta
3095 2021 3328 2080 dicatur
3381 2021 3630 2084 collecta
3705 2023 3782 2082 de

2113 2109 2388 2167 omnibus
2420 2110 2642 2166 sanctis
2691 2126 2852 2166 more
2906 2109 3100 2166 solito.
3137 2110 3240 2167 His
3287 2115 3513 2185 septem
3560 2111 3783 2172 diebus

2113 2216 2228 2255 non
2261 2198 2550 2256 canimus.

2180 2288 2267 2344 Ad
2308 2289 2558 2344 Primam
2610 2304 2667 2344 ιν
2714 2287 2948 2360 psalmi,
2995 2292 3140 2346 Deus
3193 2290 3253 2344 in
3299 2291 3522 2346 nomine
3569 2298 3686 2361 tuo,
3723 2295 3784 2348 et

2114 2377 2457 2450 Conﬁtemini
2485 2378 2757 2446 Domino;
2792 2377 2984 2450 prima
3015 2382 3250 2434 tantum
3281 2378 3444 2448 feria,
3477 2379 3656 2449 Beati,
3683 2381 3784 2438 Re-

2113 2467 2287 2525 tribue
2333 2483 2468 2524 cum
2518 2466 2775 2534 Alleluia,
2809 2470 2866 2522 et
2897 2465 3152 2538 capitulo
3183 2470 3241 2522 et
3267 2483 3439 2524 versu
3487 2467 3616 2526 Haec
3655 2467 3778 2526 die:

2061 2622 2070 2630 ,
2113 2555 2333 2614 directo
2364 2572 2397 2611 a
2427 2572 2608 2628 puero
2633 2555 2880 2628 prolato,
2907 2554 3120 2612 deinde
3147 2557 3317 2628 Hyrie
3335 2556 3632 2626 eleison,et
3649 2573 3780 2618 ora-

2112 2645 2194 2703 tio
2223 2644 2530 2704 Dominiea
2549 2661 2684 2702 cum
2717 2643 3003 2719 symbolo,
3021 2661 3126 2703 nec
3157 2662 3274 2702 non
3299 2649 3358 2705 et
3386 2662 3587 2719 preces
3627 2645 3778 2705 soli-

2111 2738 2170 2790 to
2203 2733 2756 2806 ritu,subsequento
2776 2732 3140 2790 eollecta.Ad
3170 2737 3429 2804 Tertiam,
3445 2733 3775 2806 psalmum,

2112 2826 2302 2896 Legem
2327 2839 2486 2896 pone,
2517 2822 2718 2879 Memor
2746 2830 2854 2880 esto
2877 2821 3188 2890 bonitatem,
3241 2839 3378 2880 cum
3416 2824 3686 2892 Alleluia,
3720 2828 3780 2882 et

2111 2913 2277 2987 grad.
2305 2929 2318 2967 :
2342 2900 2472 2968 "me
2499 2910 2616 2966 dies
2646 2910 2774 2966 sine
2804 2909 3058 2980 capitulo
3087 2914 3146 2964 et
3173 2910 3673 2970 versu.Similiter
3701 2911 3779 2972 ad

2109 3002 2348 3068 Sextum,
2382 2999 2455 3055 ad
2502 2999 2732 3066 Nouem,
2782 2997 2855 3052 ad
2902 2998 3205 3068 Vesperam,
3256 2999 3418 3054 Dixit
3452 3003 3781 3070 Dominus;

2113 3087 2435 3160 conﬁtebor,
2461 3089 2660 3144 Beatus
2687 3088 2774 3142 vir
2800 3102 2934 3141 cum
2966 3086 3290 3158 antiphona
3327 3087 3456 3143 sine
3482 3087 3776 3160 capitulo,

2109 3177 2272 3250 grad.
2312 3193 2325 3230 :
2358 3178 2481 3233 Hwe
2507 3175 2624 3231 dies
2654 3174 2780 3230 sine
2811 3191 3002 3244 versu,
3035 3175 3273 3232 Alleluia
3316 3193 3452 3232 cum
3482 3193 3685 3248 versu,
3716 3184 3777 3236 et

341 3264 692 3322 conveniens
709 3263 965 3333 dicatur;
991 3263 1201 3319 deinde
1223 3267 1308 3320 tot
1324 3263 1601 3320 lectiones
1619 3282 1751 3320 cum
1765 3283 2000 3338 respon-
2029 3251 2072 3320 Ο
2113 3265 2438 3338 sequentia.
2455 3265 2659 3321 Postea
2680 3263 2989 3320 inchoetur
3006 3265 3329 3336 antiphena
3348 3265 3408 3321 in
3427 3266 3775 3340 Evangelio,

339 3353 512 3411 seriis
530 3353 603 3410 ad
625 3351 733 3408 hoc
751 3352 858 3408 rite
879 3351 1338 3424 pertinentibus;
1363 3354 1505 3408 dum
1528 3353 1700 3409 tertia
1720 3355 2000 3411 recitatur

339 3442 534 3515 lectio,
548 3447 800 3516 quatuor
818 3443 1028 3498 fratres
1049 3441 1298 3498 induant
1315 3460 1396 3510 se,
1413 3460 1664 3515 quorum
1690 3461 1844 3498 unus
1865 3444 1998 3500 alba

340 3532 590 3590 indutus
619 3550 687 3589 ac
718 3531 769 3588 si
801 3533 874 3588 ad
906 3530 1066 3588 aliud
1097 3533 1392 3604 agendum
1421 3532 1806 3605 ingrediatur,
1819 3538 1996 3606 atque

339 3620 590 3679 latenter
617 3621 873 3695 sepulcri
902 3620 1098 3678 locum
1131 3623 1318 3692 adeat,
1343 3622 1541 3695 ibique
1573 3640 1752 3679 manu
1791 3628 1998 3680 tenens

339 3710 600 3785 palmam
648 3711 885 3784 quietus
943 3713 1165 3781 sedeat,
1196 3713 1456 3784 dumque
1515 3712 1755 3768 tertium
1800 3730 1995 3785 perec-

335 3799 604 3858 lebratur
633 3801 1074 3874 responsiorum
1105 3801 1322 3858 residui
1357 3807 1474 3858 tres
1497 3803 1845 3871 succedant;
1869 3819 1993 3859 om-

337 3905 446 3948 nes
475 3889 714 3962 quidem
745 3890 949 3963 cappis
973 3889 1165 3946 induti
1214 3888 1521 3946 thuribula
1567 3907 1702 3946 cum
1749 3889 1995 3949 incensa

339 3977 616 4035 manibus
661 3982 981 4051 gestantes,
1013 3995 1080 4036 ac
1128 3979 1484 4050 pedetentim
1523 3980 1595 4035 ad
1655 3979 1994 4038 similitudi-

339 4081 474 4124 nem
505 4065 897 4137 quierentium
948 4067 1109 4140 quid,
1142 4068 1382 4124 veniant
1428 4069 1501 4124 ad
1553 4068 1748 4126 locum
1799 4071 1993 4143 sepul-

339 4153 423 4210 cri
456 4170 470 4210 :
504 4159 762 4228 aguntur
818 4156 975 4212 enim
1033 4155 1157 4212 ὶιωο
1216 4157 1288 4212 ad
1367 4157 1752 4216 imitationem
1801 4160 1994 4232 angeli

337 4243 598 4302 sedentis
626 4243 687 4300 in
718 4249 1124 4312 monumento,
1144 4250 1319 4318 atque
1351 4247 1667 4303 mulierum
1699 4265 1833 4304 cum
1865 4265 1992 4304 aro-

337 4331 598 4390 matibus
625 4334 986 4392 venientium
1021 4341 1086 4392 ut
1106 4341 1393 4408 ungerent
1424 4353 1635 4408 corpus
1665 4337 1828 4394 Jesu.
1847 4337 1994 4394 Cum

336 4438 474 4496 ergo
522 4422 622 4480 ille
671 4425 934 4482 residens
985 4430 1104 4482 tres
1149 4424 1311 4481 velut
1359 4441 1633 4482 erroneos
1663 4443 1730 4482 ac
1771 4425 1994 4499 aliquid

338 4518 666 4583 querentes
713 4514 926 4571 viderit
972 4514 1084 4570 sibi
1126 4513 1553 4586 adproximare,
1585 4513 1829 4587 incipiat
1871 4532 1993 4573 me-

2107 3359 2164 3412 et
2193 3354 2464 3424 collecta;
2499 3353 2712 3410 dehinc
2741 3359 2909 3410 eatur
2939 3354 3011 3410 ad
3056 3354 3267 3422 fontes,
3283 3354 3580 3426 psalmum
3629 3359 3774 3416 Lau-

2107 3445 2228 3500 dato
2249 3446 2434 3516 pueri,
2465 3461 2600 3500 cum
2631 3443 2952 3516 antiphona
2973 3449 3270 3511 canentes,
3287 3461 3464 3516 quem
3481 3451 3773 3518 sequatur

2107 3533 2368 3590 collecta.
2412 3533 2554 3589 Inde
2583 3550 2719 3590 vero
2752 3535 3105 3588 revertentes
3136 3533 3382 3590 chorum
3428 3533 3517 3590 vel
3568 3539 3768 3592 orato-

2106 3623 2282 3692 rium,
2299 3623 2454 3696 quod
2467 3622 2551 3678 eis
2569 3625 2906 3694 competens
2919 3621 3211 3678 videbitur
3223 3621 3769 3695 adeant,psalmum

2104 3713 2171 3769 In
2201 3715 2355 3768 exitu
2384 3713 2556 3768 Israel
2585 3712 2986 3781 decantantes,
3019 3727 3195 3782 quem
3218 3711 3454 3784 propria
3481 3717 3769 3785 sequatur

2107 3801 2367 3860 collecta.
2377 3800 2833 3873 Cempleterium
2846 3816 3008 3856 more
3022 3804 3336 3872 peragatur
3345 3801 3766 3859 canonicorum

2105 3908 2209 3964 per
2219 3891 2437 3948 omnia.
2455 3889 2663 3947 Finitis
2683 3889 2841 3946 enim
2864 3887 3110 3960 psalmis
3131 3889 3530 3960 subsequatur
3543 3889 3768 3963 capitu-

2103 3981 2229 4038 lum
2261 3985 2320 4037 et
2347 3996 2552 4036 versus
2572 3995 2585 4034 :
2607 3977 2814 4035 exhinc
2830 3977 2986 4032 Nunc
3013 3976 3244 4034 dimittis
3275 3995 3412 4034 cum
3443 3978 3768 4052 antiphona

2104 4069 2438 4128 concinitur
2467 4065 2966 4140 consequentibus
2993 4067 3150 4123 hom
3182 4066 3454 4138 precibus
3483 4083 3620 4144 cum
3636 4066 3764 4124 col-

2104 4159 2254 4217 lecta
2281 4163 2339 4216 et
2385 4157 2810 4214 benedictione.
2848 4156 2952 4214 Hic
2995 4157 3057 4212 in
3104 4156 3346 4229 reliquis
3391 4174 3491 4214 sex
3549 4156 3762 4214 diebus

2107 4252 2374 4306 teneatur
2404 4247 2568 4304 ordo.

2111 4356 2358 4424 Qualiter
2387 4355 2710 4412 Octavarum
2753 4351 2984 4409 Sabbato
3029 4351 3261 4410 Pascha:
3307 4359 3518 4425 totoque
3551 4354 3762 4412 aestatis

2693 4433 2930 4496 tempore
2955 4431 3170 4496 agatur.

2173 4516 2429 4589 Vespera
2456 4531 2590 4572 vero
2612 4517 2949 4570 octavarum
2974 4512 3208 4569 Pascha:
3227 4513 3370 4570 ordo
3384 4513 3512 4586 jam
3536 4513 3760 4588 regula-

337 4600 519 4658 diocri
549 4619 687 4660 voce
716 4601 1018 4659 dulcisono
1048 4607 1302 4670 cantare,
1340 4608 1517 4676 Quem
1565 4607 1837 4676 quaeritis.
1871 4607 1993 4671 Quo
2023 4631 2071 4697 Ι)
2104 4606 2185 4664 ris
2203 4603 2870 4679 pleniterinchoetur,et
2893 4618 3011 4658 una
3028 4606 3260 4658 tantum
3280 4601 3452 4658 lectio
3481 4601 3757 4662 memori.-

335 4688 644 4748 decantato
674 4691 986 4760 tinetenus,
1021 4692 1376 4764 respondent
1423 4693 1482 4746 bi
1524 4696 1642 4749 tres
1692 4711 1809 4750 uno
1846 4711 1942 4750 ore
1977 4711 1988 4750 :

331 4776 517 4833 Iesum
544 4779 922 4846 Nazarenam,-
953 4779 1168 4851 quibus
1191 4780 1285 4836 ille
1321 4798 1332 4836 :
1367 4781 1483 4836 Non
1515 4791 1595 4838 est
1621 4783 1991 4851 hie,s-urre.1:it

332 4867 478 4921 sicut
491 4867 852 4938 prazdirecrat.
867 4868 960 4936 Ite,
974 4871 1241 4936 nuntiate,
1259 4873 1392 4942 quia
1417 4881 1661 4928 sm'raett
1682 4891 1716 4928 a
1735 4875 1986 4930 mortuis.

333 4953 517 5027 Cujus
547 4956 848 5012 missionis
880 4974 1018 5014 voce
1047 4964 1276 5014 vertant
1304 4978 1365 5016 se
1389 4959 1470 5015 illi
1505 4967 1621 5018 tres
1651 4963 1723 5018 ad
1745 4962 1989 5018 chorum

333 5043 615 5113 dicentes,
641 5045 899 5115 Alleluia,
932 5050 1178 5103 surrexit
1204 5052 1491 5106 Dominus.
1527 5049 1690 5106 Dicto
1722 5051 1832 5107 hoc
1863 5070 1990 5108 rur-

331 5149 436 5190 sus
465 5131 564 5188 ille
596 5134 860 5190 residens
888 5135 1066 5192 veluti
1093 5155 1368 5194 revocans
1397 5138 1530 5195 illos
1553 5139 1708 5196 dicat
1731 5141 1995 5214 antiphe-

335 5238 494 5291 nam,
522 5223 722 5291 Venite,
753 5233 807 5280 et
833 5225 1004 5282 videte
1036 5228 1230 5282 locum.
1267 5228 1396 5284 Ηίθο
1435 5246 1568 5284 vero
1612 5229 1812 5287 dicens
1863 5248 1991 5286 sur-

334 5315 453 5384 gat,
503 5311 708 5384 erigat,
737 5313 954 5381 velum,
987 5317 1371 5388 ostendatque
1429 5318 1513 5374 eis
1571 5317 1766 5375 locum
1823 5335 1994 5376 cruce

335 5399 647 5470 nudatum,
693 5402 794 5457 sed
840 5408 1069 5459 tantum
1130 5404 1471 5461 linteamina
1529 5407 1720 5477 posita
1777 5409 1993 5480 quibus

336 5504 479 5545 crux
505 5489 765 5547 involuta
811 5497 956 5565 erat,
993 5511 1106 5564 quo
1155 5495 1278 5549 viso
1324 5495 1619 5566 deponant
1667 5495 1994 5584 thuribula,

337 5593 463 5649 qua:
502 5584 884 5650 gestavcrunt
931 5583 990 5638 in
1042 5584 1244 5638 eodem
1305 5584 1595 5656 sepulcro,
1639 5583 1996 5658 sumantque

337 5665 610 5760 linteum,
653 5676 710 5730 et
765 5673 1080 5732 extendant
1139 5678 1343 5734 contra
1403 5673 1646 5747 clerum,
1695 5691 1762 5732 ac
1821 5674 1997 5734 veluti

2102 4701 2192 4753 ter
2213 4711 2278 4752 ac
2300 4695 2470 4750 breve
2491 4692 2935 4764 responsiorum
2953 4691 3176 4747 festivis
3199 4691 3408 4748 diebus
3425 4691 3497 4747 ad
3519 4691 3759 4748 Noctur-

2098 4801 2237 4842 nam
2269 4783 2354 4838 uti
2386 4781 2591 4854 regula
2610 4780 2874 4854 praecipit
2903 4785 3027 4837 tota
3047 4786 3248 4836 testate
3269 4781 3560 4837 dicantur.
3577 4781 3642 4837 In
3661 4797 3758 4837 na-

2098 4873 2305 4930 talitiis
2330 4877 2526 4928 tamen
2558 4876 2917 4938 sanctorum,
2935 4871 2994 4925 in
3018 4870 3235 4942 quibus
3251 4870 3325 4926 ab
3347 4870 3538 4943 operis
3559 4869 3756 4928 labore

2101 4981 2217 5018 non
2239 4960 2652 5030 cessatur,tria
2682 4958 3073 5032 reSponsoria,
3109 4964 3165 5016 et
3187 4964 3308 5016 tres
3353 4959 3634 5016 lectiones
3681 4958 3752 5015 ad

2101 5053 2291 5124 ipsius
2323 5051 2511 5107 sancti
2537 5050 2969 5107 venerationem
2991 5049 3163 5120 cujus
3184 5048 3530 5104 memoriam
3553 5047 3752 5104 recoli-

2103 5159 2236 5198 mus
2264 5139 2624 5213 pertinentes
2649 5139 2890 5212 prolixe,
2925 5139 2975 5195 si
3009 5139 3090 5194 ita
3120 5143 3356 5210 tempus
3401 5136 3749 5210 permiserit,

2101 5230 2394 5304 leguntur.
2433 5230 2495 5285 In
2527 5229 2660 5286 aliis
2687 5245 2819 5286 vero
2851 5228 3270 5285 festivitatibus
3301 5226 3402 5283 ubi
3443 5228 3518 5284 ab
3563 5225 3754 5301 operis

2102 5319 2300 5377 labore
2321 5324 2604 5389 cessatur,
2623 5336 2703 5374 xu
2725 5318 3006 5374 lectiones
3028 5333 3163 5373 cum
3193 5317 3437 5374 totidem
3455 5331 3754 5388 responso-

2105 5409 2227 5480 riis,
2243 5415 2300 5466 et
2322 5409 2568 5482 psalmis
2587 5407 3058 5480 competentibus
3089 5405 3176 5461 uti
3207 5406 3417 5463 diebus
3438 5401 3750 5462 Dominicis

2105 5498 2516 5556 decentissime
2547 5496 2742 5553 aestivo
2764 5497 2919 5552 sicut
2934 5494 3171 5550 hiemali
3188 5499 3449 5566 tempore
3463 5491 3748 5565 legantur,

2105 5587 2464 5660 quotidianis
2497 5603 2629 5643 vero
2651 5584 3018 5653 noctibus,in
3051 5584 3268 5656 quibus
3290 5601 3368 5638 xu
3389 5577 3752 5655 responsoria

2106 5679 2350 5751 minime
2361 5680 2672 5750 canuntur,
2687 5673 3001 5735 Nocturnis
3025 5673 3208 5734 ﬁnitis
3228 5673 3648 5752 parvissimum
3669 5667 3752 5730 uti
