3912 6364
348 400 468 466 499

1364 402 1428 464 S.
1475 399 1868 466 DUNSTANI
1914 397 2280 460 ARCHIEP.
2327 398 2728 462 CANTUAR.

3659 397 3768 461 500

351 535 650 606 dicuntur,
684 539 895 610 agatur
911 534 1130 609 vigilia,
1163 551 1292 608 quae
1325 551 1428 606 pro
1466 533 1747 589 brevitate
1773 531 2003 587 dierum
2031 529 2088 598 Α
2118 531 2360 586 straudo
2393 547 2698 587 occurrere
2727 531 3045 588 desiderat.
3080 529 3599 588 Proficiscentibus
3643 549 3764 590 vero

351 641 590 698 vespere
621 642 738 681 non
767 627 996 697 poterat
1025 623 1120 697 agi
1152 623 1268 678 nisi
1301 622 1395 678 his
1426 625 1657 678 tantum
1692 619 1898 676 diebus
1930 619 2008 675 fe-

355 713 710 787 stis,quibu%
731 712 1018 770 coenaturi
1051 715 1193 770 sunt
1223 711 1639 768 fratres.Tune
1658 711 1817 767 enim
1849 727 2014 766 omna

353 802 507 858 facta
538 805 677 874 agat
703 801 966 875 vigiliam
997 799 1290 857 ministris
1335 799 1572 856 interim
1623 799 2010 868 comantibus,

352 893 420 946 ut
450 891 826 964 postmodum
849 891 1024 962 juxta
1053 889 1268 963 regulae
1299 889 1528 944 dictum
1559 905 1768 945 omnes
1817 905 2017 944 occur-

353 983 489 1036 rant
535 981 608 1036 ad
659 978 1050 1036 collationem.
1087 979 1190 1034 Hic
1247 979 1389 1034 ordo
1445 975 1657 1050 vigiliae
1716 993 1903 1050 usque
1941 977 2013 1031 ad

353 1072 532 1143 caput
579 1067 1053 1142 Quadragesima:
1104 1067 1188 1123 ita
1237 1071 1526 1122 teneatur.
1572 1067 1636 1122 In
1687 1067 2018 1137 Quadrage-

354 1157 509 1214 sima
537 1173 671 1214 vero
702 1161 837 1230 post
867 1157 1180 1225 coenam,et
1201 1155 1286 1212 sic
1318 1155 1558 1211 demum
1592 1153 1651 1210 in
1684 1153 1870 1210 totius
1899 1153 2020 1208 lon-

353 1247 622 1319 gitudine
655 1245 876 1304 aestatis
906 1261 1146 1318 vespere
1176 1244 1557 1300 custodiatur
1605 1248 1738 1315 post
1768 1259 2014 1310 comam,

355 1340 460 1394 aut
487 1341 622 1410 post
647 1334 1097 1409 vespertinalem
1129 1334 1364 1390 laudem
1399 1332 1448 1387 si
1479 1349 1644 1388 coena
1675 1331 1944 1387 defuerit.

429 1429 690 1492 Quatuor
747 1423 1136 1498 temporibus,
1187 1439 1315 1494 quae
1377 1421 1770 1478 ecclesiastice
1829 1423 2020 1475 custo—

355 1515 604 1571 diuntur
632 1515 704 1570 ad
737 1513 934 1570 missae
961 1509 1660 1578 celebrationem,dicitur
1688 1529 1722 1565 a
1751 1509 2020 1578 diacono,

355 1603 660 1661 Flectamus
706 1619 908 1676 genua,
943 1599 1445 1674 quadragesimali
1489 1615 1673 1668 more,
1707 1604 1766 1654 et
1796 1616 2022 1654 eorum-

356 1695 774 1767 dem,quorum
793 1693 856 1748 in
887 1690 1353 1763 Quadragesima
1382 1689 1739 1746 abstinentia
1755 1688 2019 1745 ciborum

357 1801 496 1840 eum
529 1799 746 1854 magna
773 1779 1142 1838 custodiatur
1171 1777 1498 1852 diligentia,
1525 1781 1764 1850 excepto
1795 1779 1936 1833 dum
1961 1777 2021 1832 in

355 1873 728 1964 Pentecostes
780 1869 1154 1964 hebdqmada
1208 1867 1865 1964 evenerit,.tum.enim
1913 1865 2019 1922 ali-
2049 1899 2100 1964 Β

357 1956 715 2033 quantulum
747 1954 1057 2012 remissius
1086 1971 1190 2026 pro
1221 1958 1398 2010 tanta:
1432 1953 1828 2010 solemnitatis
1861 1969 2017 2010 reve-

359 2047 548 2106 rentia
576 2047 670 2120 agi
701 2049 1095 2119 opportunum
1125 2043 1422 2100 duximus.

362 2153 610 2222 Qualiter
661 2151 981 2207 mandatum
1030 2149 1364 2222 quotidiani:
1421 2149 1610 2222 diebus
1657 2165 1694 2204 a
1731 2149 2020 2222 fratribus

431 2223 756 2280 exhibeatur
806 2220 1164 2294 pauperibus,
1195 2229 1246 2277 et
1275 2237 1380 2294 quo
1437 2220 1631 2277 ordine
1683 2221 1850 2276 abbas
1893 2237 2022 2294 erga

430 2295 744 2368 peregrinos
773 2301 918 2364 agat.

435 2401 782 2458 Mandatum
813 2399 968 2473 quod
1002 2416 1070 2456 ex
1094 2396 1400 2454 Dominico
1430 2401 1702 2455 tenemus
1731 2399 2016 2472 exemplo,

364 2507 543 2548 sacrae
573 2489 757 2546 etiam
784 2487 997 2561 regulae
1037 2487 1286 2557 monitu,
1319 2505 1386 2544 eo
1418 2491 1676 2560 excepto,
1710 2489 1866 2560 quod
1907 2487 2021 2546 sibi

362 2577 610 2635 invicem
643 2577 919 2634 exhibent
946 2577 1174 2644 fratres,
1209 2575 1568 2650 pauperibus
1619 2594 1856 2632 summa
1883 2595 2020 2634 cum

365 2665 668 2740 diligentia
695 2667 1042 2740 praebeatur,
1077 2665 1136 2720 in
1165 2667 1383 2738 quibus
1413 2665 1682 2722 Christus
1724 2667 2020 2740 adoretur,

365 2755 467 2830 qui
488 2759 546 2812 et
564 2753 1040 2828 suseipitur.Sint
1065 2754 1246 2829 igitur
1265 2753 1325 2810 in
1348 2771 1705 2828 unoquoque
1733 2761 2024 2813 monaste-

365 2845 452 2903 rio
483 2845 717 2920 singula
736 2845 866 2903 loca
885 2846 958 2902 ad
980 2845 1088 2901 hoc
1111 2845 1432 2902 constituta
1452 2845 1552 2902 ubi
1573 2863 1898 2919 pauperum
1922 2849 2024 2903 fiat

364 2935 660 3008 susceptio
687 2952 702 3003 ;
728 2935 1006 3007 omnique
1037 2933 1130 2990 die
1160 2934 1287 2990 sine
1337 2933 1778 2991 intermissione
1805 2940 1924 2990 tres
1953 2952 2023 2990 ex

362 3021 478 3094 his,
495 3023 593 3095 qui
618 3023 894 3079 continuo
915 3021 971 3076 in
994 3021 1348 3077 monasterio
1367 3025 1708 3093 pascuntur,
1733 3021 2024 3093 eligantur

365 3128 676 3184 pauperes,
706 3110 926 3183 quibus
955 3109 1221 3180 ejusdem
1253 3109 1515 3164 mandati
1549 3109 1890 3164 exhibentur
1919 3109 2021 3165 ob-

365 3197 886 3270 sequium,quique
915 3195 1136 3252 eisdem
1169 3200 1486 3268 pascantur
1505 3195 2022 3269 victualibus,qui-

364 3288 479 3342 bus
502 3287 712 3344 fratres
743 3289 1034 3341 utuntur:
1070 3284 1179 3340 hoc
1223 3300 1358 3355 ergo
1417 3285 1590 3341 modo
1647 3283 1787 3340 illuc
1843 3285 2021 3341 eundi

365 3374 632 3434 ordinem
664 3371 1344 3448 prosequantur,scilicet
1373 3373 1616 3428 sabbato
1637 3373 1800 3446 pueri
1834 3374 2020 3430 dextri

369 3463 532 3523 chori
553 3481 688 3522 cum
722 3481 837 3521 uno
867 3462 1109 3520 custode
1137 3460 1282 3517 illud
1314 3466 1622 3534 peragant:
1645 3462 1910 3534 sequenti
1929 3461 2023 3520 die

368 3554 674 3612 Dominica
693 3553 912 3610 residui
936 3551 1099 3626 pueri
1121 3550 1344 3608 sinistri
1369 3568 1505 3608 cum
1536 3549 1716 3607 altero
1748 3553 2016 3608 custode:

363 3644 572 3700 deinde
585 3641 1438 3717 singulisdiebushebdomadie
1453 3641 1526 3696 ad
1541 3657 2023 3714 unamquamque

362 3731 567 3789 feriam
591 3735 678 3788 tot
700 3731 1136 3788 constituantur
1156 3730 1364 3784 fratres
1387 3729 1457 3784 ad
1482 3728 1592 3784 hoc
1615 3729 1930 3801 agendum,
1957 3735 2025 3786 ut

363 3825 528 3878 extra
555 3821 825 3878 abbatem
875 3817 1077 3875 nullus
1107 3817 1178 3874 ab
1212 3817 1321 3873 hoc
1352 3817 1548 3873 debito
1607 3817 1907 3876 servitutis
1933 3837 2024 3876 ex-

364 3914 604 3966 cuselur
626 3927 640 3978 ;
663 3907 764 3980 qui
795 3912 990 3964 tamen
1023 3907 1206 3963 abbas
1231 3923 1346 3962 non
1371 3924 1488 3962 una
1507 3909 1738 3962 tantum
1760 3907 1906 3964 feria
1922 3909 2022 3964 sed

364 3999 578 4069 sapius
611 3998 753 4052 dum
783 3995 835 4051 ei
865 4012 1116 4051 vacuum
1149 3994 1345 4063 fuerit,
1380 4000 1560 4068 utque
1610 3997 2023 4068 opportunitas

363 4083 684 4152 dictaverit,
717 4098 846 4139 sese
876 4083 948 4138 ad
981 4083 1088 4138 hoc
1120 4084 1414 4155 agendum
1463 4083 1784 4156 impendat.
1820 4086 1900 4142 De
1923 4104 2024 4141 ca:-

363 4174 486 4229 tero
508 4170 1055 4244 supervenientibus
1085 4172 1410 4244 peregrinis
1440 4173 2022 4244 pauperibus,abbas

365 4277 500 4317 cum
531 4258 828 4327 fratribus,
848 4276 996 4332 quos
1017 4259 1259 4332 elegerit
1289 4261 1617 4316 secundum
1651 4261 1861 4336 regulae
1884 4279 2024 4335 prie-

366 4347 888 4422 ceptum,mandati
911 4347 1180 4404 exhibeat
1191 4348 1540 4422 obsequium
1568 4367 1580 4404 :
1601 4351 1799 4406 omnia
1821 4351 2019 4424 igitur,

365 4437 752 4496 humanitatis
772 4437 964 4494 ofﬁcia
983 4437 1042 4492 in
1066 4435 1318 4510 hospitio
1341 4441 1505 4510 pater
1525 4437 1648 4510 ipse
1666 4439 1712 4495 si
1729 4441 2021 4512 quomodo

367 4527 643 4600 potuerit,
671 4525 757 4582 vel
789 4526 1036 4582 fratrum
1071 4525 1316 4599 quilibet
1346 4527 1722 4584 devotissime
1745 4530 2018 4602 praebeat,

2121 619 2799 692 peregrinis,secundum
2822 621 2977 693 quod
2999 619 3109 676 loci
3133 621 3394 694 suppetit
3415 620 3664 678 facultas
3691 624 3766 679 eis

2120 705 2498 781 impendatur
2525 709 2872 767 vietualium
2905 709 3204 766 solatium.

2125 815 2237 883 Quo
2284 817 2478 874 ordine
2523 817 2750 874 Sabbato
2771 889 2774 890 ν
2793 819 2993 890 fratres
3043 815 3348 874 munditias
3394 827 3699 886 exerceant,
3727 828 3772 876 et

2257 905 2488 961 quaeque
2521 891 2705 961 ofﬁcia
2729 889 2801 946 ob
2821 891 3028 946 animm
3055 890 3288 945 salutem
3311 891 3646 960 persolvant.

2196 976 2802 1042 Sabbato,secundum
2823 977 3038 1050 regulae
3062 981 3416 1049 prazceptum
3431 980 3772 1035 mandatum

2125 1069 2183 1120 et
2215 1065 2536 1121 munditias
2586 1066 2849 1140 diligenti
2901 1084 3045 1122 cura
3081 1070 3422 1122 excerceant
3451 1071 3510 1123 et
3531 1067 3776 1140 qualiter

2127 1154 2252 1209 ﬁeri
2284 1155 2534 1210 debeant
2580 1155 2680 1226 qui
2733 1154 2925 1210 adhuc
2967 1153 3238 1210 nesciunt
3265 1153 3498 1211 solliciti
3530 1155 3773 1224 discant,

2128 1241 2300 1297 solito
2323 1259 2484 1298 more
2505 1243 2753 1298 studiosi
2777 1243 2826 1298 si
2852 1242 3217 1315 compleant:
3243 1242 3455 1300 Nullus
3477 1245 3775 1318 quippiam

2128 1331 2396 1402 quamvis
2433 1349 2643 1403 parum
2673 1349 2783 1387 sua
2812 1349 2878 1387 ac
2909 1333 3076 1404 quasi
3109 1332 3346 1404 propria
3374 1333 3778 1391 adinventioue

2129 1436 2298 1492 agere
2328 1425 2664 1492 praesumat,
2699 1437 2803 1475 nec
2835 1423 2894 1475 in
2927 1420 3171 1478 ecclesia
3218 1421 3393 1478 horas
3436 1421 3778 1480 celebrando

2130 1509 2620 1576 constitutas,nec
2639 1509 2896 1566 claustro
2930 1509 3013 1564 uti
3048 1509 3252 1582 regula
3281 1511 3781 1586 praecipitegredi,

2130 1615 2236 1654 nec
2276 1615 2482 1670 parum
2525 1599 2667 1671 quid
2701 1597 2827 1654 sine
2859 1598 3072 1670 prioris
3103 1597 3340 1654 licentia
3370 1601 3660 1672 superbiae
3689 1607 3782 1657 tu-

2129 1701 2291 1741 more
2321 1685 2562 1742 inﬂatus
2584 1687 2815 1742 audeat.
2831 1685 3373 1744 Calceamentorum
3395 1686 3784 1757 unctio,vesti-

2129 1778 2463 1830 mentorum
2489 1773 2798 1839 ablutio,et
2819 1791 2982 1848 aqua:
3004 1774 3585 1845 administratio,non
3597 1793 3786 1848 asper-

2131 1865 2324 1931 natur,
2359 1863 2461 1918 sed
2482 1863 2555 1919 ab
2579 1863 2890 1932 universis,
2908 1863 2958 1920 si
2993 1863 3226 1920 Domini
3261 1865 3452 1938 gratia
3469 1863 3622 1922 vires
3651 1882 3784 1922 con-

2128 1952 2390 2024 ecsserit,
2420 1958 2681 2026 tempore
2729 1959 3060 2026 opportuno
3117 1959 3394 2010 consuete
3451 1960 3784 2028 peragatur.

2129 2042 2425 2115 Coquinae,
2459 2057 2525 2097 ac
2563 2041 2846 2114 pistrinte,
2873 2047 3332 2114 cmterarumque
3353 2059 3551 2098 rerum
3572 2043 3786 2112 ofﬁcia,

2129 2131 2213 2186 uti
2238 2135 2444 2186 sancta
2463 2129 2666 2204 regula
2687 2128 2968 2202 praecipit,
2996 2130 3412 2204 unusquisque
3443 2138 3618 2204 prout
3635 2132 3788 2189 vires

2129 2223 2448 2293 suppetant
2476 2218 2945 2292 gratulabundus
2973 2219 3260 2288 exhibeat,
3295 2237 3367 2276 ne
3397 2219 3610 2294 regulae
3645 2238 3788 2295 pra:-

2129 2315 2430 2382 ceptorum
2479 2309 2727 2364 minima
2773 2307 3244 2380 parvipendendo
3287 2311 3609 2382 praetereat,
3647 2327 3716 2366 ac
3741 2309 3790 2366 si

2130 2399 2360 2454 dicente
2379 2397 2655 2470 Apostolo
2677 2397 2944 2454 omnium
2967 2397 3404 2468 mandatorum,
3429 2399 3585 2470 quod
3609 2399 3789 2468 absit,

2130 2505 2266 2545 reus
2296 2487 2526 2544 existat.

2133 2593 2402 2664 Quomodo
2450 2595 2600 2670 circa
2645 2600 2908 2670 a’grotu-m
2943 2595 3176 2664 fratrem
3203 2603 3421 2670 agatur,
3438 2597 3796 2670 qualiterque

2450 2665 2767 2736 defunctum
2789 2665 2954 2720 humo
2984 2668 3269 2722 conveniat
3291 2667 3462 2724 reddi.

2203 2754 2349 2810 Cum
2373 2753 2444 2808 ad
2469 2753 2730 2808 debitum
2755 2753 3089 2810 communis
3121 2754 3458 2826 fragilitatis
3487 2756 3797 2813 exsolven-

2133 2845 2274 2900 dum
2299 2841 2432 2915 quis
2461 2844 2702 2896 vocatus
2725 2841 2922 2910 fuerit,
2943 2842 3086 2897 dum
3123 2843 3371 2899 senserit
3395 2861 3458 2900 se
3488 2845 3679 2902 nimia
3707 2845 3798 2901 in-

2130 2931 2465 2988 valetudine
2500 2928 2832 3001 pergravari
2853 2929 2935 2984 ita
2955 2934 3020 2984 ut
3030 2931 3160 3002 jam
3183 2947 3297 2986 non
3328 2933 3518 3004 possit
3547 2935 3796 3007 portari,

2130 3019 2325 3076 veniat
2347 3020 2524 3072 frater
2543 3016 2640 3072 ille
2661 3021 2797 3071 ante
2819 3017 3089 3073 abbatem
3122 3018 3208 3073 vel
3245 3024 3518 3076 cunctam
3547 3039 3799 3097 congre-

2132 3108 2448 3182 gationem,
2470 3109 2527 3160 et
2547 3105 2910 3162 infirmitatis
2932 3123 3051 3161 sua:
3083 3124 3294 3163 causas
3313 3116 3584 3180 exponat,
3619 3118 3684 3168 et
3717 3114 3799 3170 sic

2133 3195 2399 3253 omnium
2431 3196 2668 3265 accepta
2697 3193 3102 3251 benedictions
3132 3195 3495 3268 ingrediatur
3543 3199 3800 3258 domum

2051 3265 2096 3334 C
2133 3286 2504 3341 infirmorum
2536 3281 2812 3338 omnibus
2851 3299 2954 3355 pro
2979 3299 3044 3340 eo
3067 3283 3334 3341 sollicitis
3361 3285 3420 3340 in
3453 3286 3578 3344 suis
3610 3287 3799 3346 inter-

2130 3372 2502 3430 ventionibus
2527 3388 2541 3436 ;
2569 3371 2628 3426 in
2660 3389 2730 3426 ea
2756 3371 2958 3444 itaque
2997 3373 3170 3429 domo
3201 3374 3510 3432 servitores
3540 3376 3665 3434 sint
3695 3378 3798 3436 Dei

2131 3462 2341 3519 timore
2383 3461 2756 3532 fraternoque
2787 3477 2985 3517 amore
3016 3462 3320 3531 ferventes,
3356 3463 3453 3536 qui
3485 3465 3535 3521 ei
3566 3464 3629 3521 in
3661 3467 3798 3540 qui-

2133 3552 2481 3622 buscunqne
2513 3548 2832 3622 indiguerit
2879 3551 3276 3624 suppeditent,
3309 3555 3411 3608 aut
3440 3552 3489 3608 si
3523 3571 3796 3611 necessc-

2135 3639 2314 3696 fuerit
2361 3656 2495 3694 cum
2548 3637 2797 3696 sollicito
2843 3639 3020 3695 fratre
3051 3639 3410 3698 famulorum
3441 3641 3804 3700 adhibeatur

2133 3728 2502 3800 obsequium.
2541 3728 2740 3783 Frater
2783 3731 2981 3784 autem
3014 3728 3111 3784 ille
3133 3729 3428 3796 infirmus,
3461 3730 3510 3786 si
3542 3732 3803 3788 senserit

2134 3835 2302 3875 suam
2357 3817 2608 3872 crevisse
2665 3815 3152 3888 imbecillitatem,
3187 3817 3484 3874 indicetur
3511 3817 3621 3874 hoc
3654 3837 3799 3876 con-

2111 3905 2332 3964 'ventui
2370 3923 2405 3960 a
2436 3905 2614 3960 fratre
2660 3903 2823 3961 illius
2856 3907 3132 3974 custode;
3167 3923 3237 3961 ex
3266 3923 3332 3962 eo
3365 3922 3501 3980 ergo
3535 3907 3804 3980 quotidie

2134 3999 2266 4069 post
2297 3991 2705 4049 matutinalem
2755 3993 3000 4049 missam
3051 3995 3326 4050 sacerdos
3356 3994 3558 4051 casula
3585 4001 3804 4053 exutus

2134 4101 2268 4140 cum
2293 4082 2534 4154 reliquis
2557 4081 2715 4138 illius
2738 4081 3028 4138 ministris
3051 4081 3707 4148 missaz,Eucharistiam
3732 4087 3806 4141 fo-

2133 4176 2327 4230 rentes
2351 4171 2816 4244 praecedentibus
2838 4171 3020 4227 cereis
3044 4176 3101 4226 et
3128 4171 3450 4240 thuribulo,
3467 4189 3602 4228 cum
3636 4174 3805 4230 omni

2133 4248 2585 4335 congregatione
2603 4265 2739 4314 eant
2761 4261 2835 4316 ad
2867 4259 3224 4316 visitandum
3257 4260 3562 4316 inﬁrmum
3585 4277 3802 4318 canen-

2132 4354 2218 4406 tes
2251 4349 2512 4422 psalmos
2553 4347 2981 4420 pmnitentiales
3036 4352 3430 4421 consequente
3475 4347 3709 4420 litania,
3745 4355 3802 4407 et

2132 4439 2497 4495 orationibus
2519 4455 2586 4494 ac
2606 4437 2884 4493 unctione
2903 4436 3013 4493 olei
3043 4437 3234 4510 prima
3259 4441 3492 4494 tantum
3524 4439 3619 4496 die
3654 4457 3670 4496 :
3705 4441 3800 4498 de-

2132 4544 2298 4582 mum
2331 4525 2838 4592 communieetur;
2870 4525 3026 4596 quod
3077 4525 3126 4581 si
3172 4525 3488 4582 inﬁrmitas
3536 4526 3801 4603 lenigata

365 4632 438 4672 ne
460 4616 682 4688 aliquid
705 4615 764 4670 in
787 4631 991 4670 eorum
1013 4614 1296 4686 obsequio
1319 4616 1477 4687 quod
1503 4616 1704 4689 regula
1736 4617 2017 4690 praecipit,
2050 4633 2100 4700 D
2135 4616 2324 4682 fuerit,
2363 4614 2788 4670 intermittatur
2817 4618 2874 4669 et
2901 4613 3010 4669 hoc
3037 4632 3049 4683 ;
3080 4614 3172 4670 sin
3205 4613 3371 4683 alias,
3405 4621 3802 4689 prosequatur

364 4706 594 4760 tumore
627 4703 905 4759 seductus
935 4701 1020 4758 vel
1054 4701 1343 4758 oblivione
1373 4720 1544 4760 nemo
1575 4705 1852 4778 deceptus
1877 4705 2020 4761 insi-

366 4790 594 4862 pienter
620 4790 1030 4862 praetermittat
1056 4808 1068 4859 ;
1103 4791 1212 4845 hoc
1243 4791 1803 4866 solummodo,quod
1830 4795 2016 4850 sancti

367 4878 566 4933 Patres
597 4879 672 4933 ob
701 4879 910 4934 anima:
943 4879 1195 4935 salutem
1253 4879 1660 4953 virtutumque
1691 4883 1888 4954 potius
1919 4899 2018 4938 cu-

363 4966 618 5023 stodiam
642 4967 714 5021 ad
738 4968 949 5040 regula:
981 4973 1382 5039 contemptum
1406 4971 1668 5042 synodali
1694 4976 2022 5028 statuerant

365 5054 632 5122 concilio,
664 5073 1016 5128 magnopere
1067 5057 1360 5113 custodito
1411 5063 1476 5113 ut
1499 5059 1769 5114 videlicet
1800 5061 1858 5115 in
1895 5079 2017 5116 mo-

366 5143 624 5199 nasterio
670 5145 888 5217 degens
927 5150 1088 5202 extra
1117 5147 1486 5202 refectorium
1521 5165 1626 5204 nec
1660 5148 1781 5220 ipse
1814 5149 2018 5218 abbas,

364 5249 470 5288 nec
493 5233 738 5288 fratrum
771 5235 1066 5306 quispiam
1101 5235 1210 5291 nisi
1253 5254 1432 5291 causa
1470 5237 1832 5292 infirmitatis
1857 5256 2021 5292 man-

363 5321 556 5388 ducet,
591 5320 678 5376 vel
721 5322 884 5377 bibat
915 5340 928 5377 :
963 5328 1169 5378 eastern
1208 5325 1425 5391 omnia,
1456 5326 1540 5380 uti
1573 5325 1848 5393 diximus,
1883 5345 2018 5382 cum

363 5425 580 5483 magna
605 5410 786 5466 animi
821 5411 1120 5468 alacritate
1149 5413 1567 5469 devotissimus
1602 5413 1876 5485 impleat:
1914 5433 2018 5471 nec

361 5499 720 5570 pauperibus
751 5501 946 5555 mterni
981 5501 1192 5557 Christi
1226 5503 1480 5558 vicarius
1504 5501 1559 5556 in
1594 5501 1845 5574 hospitio
1865 5521 2019 5559 corn-

358 5586 579 5660 petenti
612 5589 814 5646 tardus
837 5607 902 5644 ac
935 5589 1166 5662 tepidus
1200 5590 1535 5645 ministrare
1559 5591 1882 5646 differendo
1908 5594 2015 5649 de-

359 5676 550 5746 sistat,
587 5676 685 5750 qui
725 5677 878 5735 celer
907 5695 972 5736 ac
1004 5678 1257 5736 fervidus
1281 5678 1561 5736 divitibus
1585 5679 1822 5735 caducis
1846 5682 2012 5738 mini-

2132 4703 2386 4761 visitatio
2439 4720 2626 4776 usque
2680 4703 2751 4758 ad
2801 4703 3024 4757 exitum
3059 4719 3072 4758 :
3107 4719 3174 4758 eo
3205 4703 3386 4776 igitur
3428 4706 3487 4759 in
3517 4707 3800 4764 extremis

2133 4799 2339 4868 agente
2387 4792 2657 4866 pulsetur
2705 4790 2906 4848 tabula
2955 4792 3421 4865 conveniuntque
3465 4809 3674 4850 omnes
3723 4797 3797 4852 ad

2131 4883 2417 4940 tuendum
2441 4881 2659 4936 exitum
2684 4881 2836 4952 ejus,
2861 4883 2918 4936 et
2950 4879 3190 4936 initiens
3221 4881 3800 4939 commendationem

2131 4970 2685 5037 animm,Subvenite,
2707 4970 2887 5024 sancti
2914 4970 3156 5038 Domini,
3183 4974 3241 5026 et
3262 4969 3490 5042 reliqua
3501 4971 3676 5042 juxta
3703 4989 3801 5028 or-

2131 5062 2327 5116 dinem
2355 5057 2906 5114 commendationis.
2925 5059 3208 5130 Exempto
3229 5063 3428 5114 autem
3451 5058 3694 5116 homine
3712 5059 3802 5118 la-

2130 5153 2296 5206 vetur
2317 5165 2530 5220 corpus
2560 5165 2593 5201 a
2624 5145 3091 5218 quibusjussum
3117 5147 3323 5202 fuerit:
3359 5145 3547 5202 lotum
3580 5147 3798 5205 indua-

2134 5244 2230 5296 tur
2277 5237 2516 5292 mundis
2563 5234 2950 5299 vestimentis,
2983 5235 3040 5289 id
3090 5238 3179 5290 est
3226 5234 3497 5304 interula,
3533 5236 3794 5308 cuculia,

2131 5325 3002 5399 caligis,caleeis,eujuseunque
3029 5324 3106 5379 sit
3128 5323 3371 5394 ordinis,
3409 5324 3546 5393 nisi,
3572 5326 3620 5380 si
3655 5343 3793 5382 vero

2131 5417 2304 5469 fuerit
2333 5413 2625 5480 sacerdos,
2643 5411 3042 5466 circumdatur
3056 5411 3104 5467 ei
3121 5411 3273 5466 stola
3295 5429 3472 5484 super
3491 5412 3790 5469 cucullam

2127 5505 2174 5560 si
2220 5505 2303 5558 ita
2353 5503 2498 5557 ratio
2531 5500 2873 5568 dictaverit;
2909 5501 3042 5556 inde
3073 5501 3332 5556 defertur
3360 5500 3420 5556 in
3453 5501 3790 5572 ecclesiam,

2126 5591 2514 5666 psallentibns
2537 5589 2790 5658 cunctis,
2807 5589 3098 5662 motisque
3121 5589 3398 5646 omnibus
3414 5589 3794 5662 signis,quod

2123 5683 2170 5739 si
2190 5679 2321 5738 ante
2345 5679 2537 5736 lucem
2562 5680 2748 5746 nocte,
2775 5681 2876 5733 aut
2899 5678 3082 5734 [initis
3105 5679 3362 5734 tenebris
3385 5678 3445 5734 in
3471 5679 3790 5738 matutino.
