3912 6366
102 414 209 481 501

1221 417 1325 479 DE
1368 418 1749 479 REGIMINE
1792 414 2373 480 MONACHORUM.

3384 414 3500 476 502

104 546 689 621 obieritsisepulturaa
716 548 1109 621 impendenda
1130 550 1441 622 praaparari
1466 554 1732 622 possunt,
1766 551 1821 619 Α
1850 548 2081 606 nalibus
2114 551 2390 619 ﬂammis,
2425 568 2598 623 quem
2646 549 2908 621 ejusdem
2958 549 3085 606 Filii
3136 550 3220 606 tui
3270 548 3504 607 Dommi

102 642 224 695 ante
255 638 619 694 refectionem
644 639 893 693 fratrum
921 637 1238 710 sepeliatur
1260 640 1510 710 peractis
1538 640 1749 693 missa-

102 746 220 783 rum
253 728 769 795 celebrationibus;
796 728 885 782 sin
918 728 1117 783 minus
1147 729 1494 783 ordinentur
1514 729 1744 796 fratres,

103 818 190 891 qui
212 818 335 873 sine
359 816 797 871 intermissione
819 816 1159 889 psalmodia:
1184 819 1744 883 vacent,residcntes

101 908 243 961 circa
270 922 478 977 corpus
511 906 603 961 die
627 910 921 978 noctuque
949 906 1238 977 sequenti,
1265 906 1446 961 donec
1474 924 1642 960 mane
1670 907 1746 961 fa-

101 1002 185 1051 cto
202 1013 408 1067 corpus
426 1001 588 1050 terra}
612 996 1090 1050 commendetur:
1114 998 1541 1051 consummatis
1563 997 1747 1050 omni-

102 1085 203 1140 bus
224 1102 346 1157 quae
364 1084 679 1156 sepulturae
698 1085 889 1139 oﬁicio
907 1086 1212 1152 debentur,
1232 1084 1447 1139 ibidem
1468 1084 1745 1157 incipien-

101 1178 180 1231 tes
230 1178 448 1245 septem
510 1172 864 1245 pcenitentia:
925 1172 1186 1245 psalmos
1246 1178 1611 1228 revertantur
1670 1174 1742 1228 ad

102 1263 414 1331 ecclesiam,
447 1267 505 1318 et
538 1263 813 1335 prostrati
849 1280 1043 1318 coram
1077 1268 1279 1317 sancto
1303 1261 1469 1316 altari
1513 1262 1737 1317 ﬁniant.

102 1353 321 1409 eosdem
343 1350 606 1423 psalmos
626 1369 730 1423 pro
756 1353 929 1406 fratre
951 1352 1222 1427 defuncto
1247 1368 1259 1405 :
1288 1351 1499 1405 dehinc
1524 1369 1625 1421 per
1646 1369 1739 1404 se-

100 1446 243 1514 ptem
273 1441 583 1496 continuos
610 1441 737 1495 dies
768 1441 1026 1513 plenario
1050 1445 1259 1513 agatur
1276 1439 1475 1511 vigilia
1503 1441 1741 1495 otferen-

99 1531 245 1586 tibus
274 1530 508 1586 cunctis
540 1530 611 1585 ad
642 1528 1049 1584 matutinalem
1086 1530 1351 1596 missam,
1377 1533 1432 1582 ct
1463 1529 1738 1583 omnibus

98 1619 243 1675 horis
276 1618 647 1689 regularibus
680 1618 861 1674 ﬁnitis
894 1636 1074 1673 unum
1108 1635 1176 1672 ex
1208 1618 1563 1690 praescriptis
1606 1635 1737 1688 pro

98 1709 249 1764 strati
278 1712 502 1764 canant
532 1707 852 1780 psalmum,
889 1711 1167 1779 sequente
1200 1707 1460 1761 oratione
1492 1723 1504 1759 :
1531 1706 1739 1761 exinde

97 1814 268 1870 usque
296 1797 367 1852 ad
401 1796 780 1869 trigesimum
812 1795 965 1850 diem
999 1812 1159 1850 more
1188 1794 1357 1849 solito
1380 1812 1514 1849 cum
1549 1793 1737 1849 tribus

97 1885 432 1942 lectionibus
466 1889 678 1957 agatur
722 1884 922 1957 vigilia
967 1884 1245 1940 offerente
1294 1901 1410 1939 uno
1456 1884 1632 1938 choro
1665 1885 1735 1938 ad
1773 1927 1821 1992 Β

98 1975 345 2043 missam,
380 1974 690 2047 trigesimo
718 1990 853 2029 vero
885 1974 977 2028 die
1010 1973 1220 2028 iterum
1252 1972 1629 2045 plenarie,his
1653 1976 1736 2027 ta-

99 2080 219 2118 men
246 2081 353 2118 xxx
385 2063 601 2117 diebus
633 2061 893 2134 quotidie
925 2064 1295 2117 sacerdotum
1329 2062 1739 2133 unusquisque

100 2153 319 2209 secretis
348 2150 591 2208 oratorii
624 2150 767 2206 locis
790 2150 1116 2223 specialiter
1136 2168 1238 2223 pro
1260 2167 1326 2205 eo
1352 2150 1565 2205 missas
1590 2150 1738 2203 cele-

100 2241 211 2297 bret
234 2258 247 2296 :
273 2240 510 2297 diaconi
528 2257 661 2297 vero
684 2239 1025 2311 psalterium
1046 2256 1112 2294 ex
1130 2239 1376 2310 integro,
1394 2238 1739 2294 subdiaconi

102 2346 310 2403 quoque
340 2328 928 2403 quinquagenarium
960 2327 1335 2383 devotissime
1385 2326 1657 2399 psallant,
1692 2325 1740 2381 si

102 2423 275 2473 autem
301 2417 576 2490 occupati
596 2434 713 2472 una
729 2416 822 2471 die
843 2416 1211 2488 nequiverint
1229 2416 1343 2470 alia
1369 2415 1701 2488 persolvant
1725 2432 1737 2468 :

102 2508 545 2564 mittaturetiam
560 2505 805 2579 epistola
819 2507 888 2560 ad
908 2506 1098 2561 vicina
1119 2521 1363 2578 qumque
1388 2504 1742 2559 monasteria

103 2597 340 2667 ejusdem
370 2594 764 2670 depositionis
797 2595 1214 2651 denuntiatura
1246 2595 1421 2663 diem,
1445 2598 1509 2648 ut
1536 2595 1641 2649 iste
1668 2593 1744 2648 sit

103 2702 289 2743 88118118
320 2702 335 2741 ἶ

162 2775 410 2829 Domnus
427 2774 501 2829 N.
520 2773 705 2829 abbas
730 2772 1066 2828 monasterii
1087 2773 1154 2827 Ν.
1171 2771 1397 2827 cunctis
1421 2776 1631 2826 sanctce
1647 2772 1745 2827 Ec-

107 2861 271 2919 clesiae
318 2862 604 2919 ﬁdelibus
650 2866 771 2917 tam
824 2861 1099 2933 praalatis,
1134 2878 1311 2934 quam
1363 2866 1419 2916 et
1468 2860 1740 2915 subditis.

111 2951 276 3007 «Cum
292 2952 527 3008 cunctis
552 2955 789 3006 maneat
804 2968 929 3005 sors
943 2949 1339 3005 irrevocabilis
1357 2951 1744 3017 horre,notum

112 3040 252 3098 vobis
272 3059 398 3099 csse
419 3040 702 3113 cupimus
716 3040 785 3094 de
799 3040 1053 3112 quodam
1076 3040 1249 3093 fratre
1274 3044 1471 3094 nostro
1493 3038 1745 3109 N.quem

114 3129 371 3187 Dominus
402 3132 474 3186 de
496 3128 798 3202 ergastulo
820 3129 999 3201 hujus
1026 3127 1222 3183 smeuli
1248 3145 1448 3183 vocare
1471 3129 1745 3199 dignatus

115 3222 187 3274 est
211 3220 296 3276 die
324 3221 415 3289 N.,
451 3236 565 3292 pro
596 3235 711 3291 quo
734 3218 1110 3273 obsecramus
1131 3217 1338 3272 obnixe
1363 3220 1426 3270 ut
1448 3216 1578 3270 sitis
1601 3222 1746 3270 stre-

1860 641 2041 695 nostri
2075 641 2214 697 Jesu
2246 640 2458 695 Christi
2482 641 2733 713 glorioso
2759 641 3045 713 sanguine
3070 637 3507 707 redefnisti.Qui

1858 734 2074 798 tecum,
2106 734 2327 785 etcum
2380 731 2600 801 Spiritu
2655 735 2877 799 sancto,
2908 729 3046 783 vivit
3096 734 3152 784 et
3203 734 3407 802 regnat
3445 731 3505 785 in

1857 818 2067 873 saecula
2099 819 2466 874 szeeulorum.
2501 842 2527 867 η

1927 909 1996 962 Et
2027 912 2236 979 agatur
2267 926 2367 979 pro
2391 925 2455 961 eo
2478 907 2884 978 1‘u~ima,tertia,
2914 908 3180 979 septima,
3204 908 3507 980 trigesima

1855 996 1979 1051 dies
2014 996 2288 1067 pleuarie,
2323 996 2563 1067 reliquis
2598 998 2707 1050 sub
2740 998 3037 1063 brevitate,
3063 1002 3119 1051 et
3143 1014 3350 1051 nomen
3375 997 3504 1068 ejus

1856 1089 2090 1157 notetur
2121 1084 2175 1138 in
2205 1085 2642 1153 anniversariis,
2678 1091 2736 1139 at
2764 1104 2831 1140 ex
2866 1087 3059 1157 ignoto
3093 1090 3320 1142 tantum
3344 1104 3503 1142 com-

1854 1173 2150 1228 mendatio
2182 1174 2409 1241 animae,
2445 1178 2501 1229 et
2532 1193 2647 1228 una
2680 1174 2823 1229 dies.

1927 1262 1983 1316 Si
2020 1266 2214 1316 autem
2249 1262 2328 1329 hi,
2364 1264 2462 1333 qui
2504 1262 2666 1317 valde
2720 1265 3029 1319 necessarii
3086 1268 3223 1319 sunt
3273 1265 3391 1320 sive
3440 1266 3499 1320 in

1854 1350 2279 1422 spiritualibus,
2299 1352 2416 1406 sive
2434 1352 2491 1405 in
2514 1352 2912 1423 corporalibus
2937 1353 3118 1407 nimia
3140 1372 3499 1425 praegravan-

1854 1446 1950 1495 tur
1982 1440 2339 1508 inﬁrmitate,
2374 1442 2515 1495 dum
2548 1441 2602 1495 id
2641 1460 2673 1495 a
2707 1442 2908 1514 gerulo
2939 1443 3274 1496 nuntiatum
3307 1442 3499 1511 fuerit,

1854 1530 2006 1584 illico
2036 1528 2269 1601 pulsata
2304 1531 2712 1585 tantummodo
2744 1530 2944 1585 tabula
2976 1548 3178 1587 omnes
3218 1532 3288 1586 ad
3320 1531 3501 1588 eccle-

1851 1618 1998 1673 siam
2032 1617 2376 1673 conveniant
2408 1636 2472 1672 ac
2496 1636 2570 1672 v11
2602 1619 2954 1689 pmnitentia:
2986 1619 3246 1691 psalmos
3275 1639 3409 1676 cum
3432 1621 3502 1676 li-

1851 1707 2046 1773 taniis,
2081 1711 2137 1762 et
2163 1707 2523 1761 orationibus
2552 1708 2827 1779 congruis
2860 1726 2962 1780 pro
2995 1708 3079 1764 eis
3110 1727 3243 1764 cum
3287 1727 3503 1783 magna

1850 1795 2151 1868 diligentia
2178 1801 2483 1866 perorant;
2518 1796 2586 1850 de
2619 1795 2748 1851 aliis
2779 1814 2914 1852 veoo
2944 1796 3195 1853 inﬁrmis
3228 1801 3290 1853 ut
3320 1815 3500 1872 supra

1851 1886 2073 1940 dictum
2105 1889 2193 1939 est
2224 1888 2448 1955 agatur.

1924 1975 2201 2029 Przefatus
2224 1975 2461 2045 quidem
2482 1991 2578 2030 rex
2598 1980 2658 2029 ut
2681 1975 2859 2047 hujus
2883 1975 3063 2032 libelli
3086 1977 3498 2051 epilogum,uti

1852 2064 2196 2135 prommium
2224 2062 2375 2116 ﬁdeli
2394 2081 2458 2118 ac
2482 2063 2811 2119 rationabili
2834 2065 3251 2121 exhortationis
3274 2068 3497 2123 monitu

1852 2153 2038 2225 ca'pit,
2072 2152 2388 2207 orthodoxe
2420 2152 2812 2219 concluderet,
2849 2154 3123 2225 prudenti
3175 2155 3499 2212 discutiens

1852 2241 2116 2297 examine
2148 2258 2281 2294 cum
2317 2257 2529 2312 magno
2561 2258 2679 2295 sua:
2713 2241 2879 2313 regiae
2908 2244 3212 2313 potestatis
3254 2243 3500 2317 imperio

1854 2330 2205 2384 interdicens
2249 2346 2601 2401 magnopere
2642 2330 2844 2401 jussit,
2883 2336 2949 2386 ut
2998 2349 3168 2387 nemo
3218 2333 3500 2390 abbatum

1851 2419 1935 2474 vel
1971 2418 2405 2473 abbatissarum
2428 2418 2537 2473 sibi
2561 2418 2831 2474 locellum
2856 2422 2926 2475 ad
2953 2422 3058 2476 hoc
3084 2422 3505 2479 thesaurizaret

1854 2512 2172 2573 terrenum,
2210 2512 2273 2561 ut
2305 2507 2512 2561 solitus
2547 2526 2778 2575 census,
2805 2528 2978 2580 quem
3004 2511 3287 2584 indigena:
3317 2514 3507 2568 Heriu-

1854 2606 1947 2652 tua
1979 2595 2261 2650 usualiter
2291 2596 2563 2664 vocitant,
2590 2598 2687 2668 qui
2714 2616 2815 2669 pro
2839 2598 3015 2669 hujus
3039 2601 3236 2671 patriae
3262 2601 3508 2673 potenti-

1854 2687 1965 2740 bus
1998 2690 2128 2755 post
2159 2684 2383 2738 obitum
2418 2685 2649 2756 regibus
2684 2688 2807 2741 dari
2858 2686 3025 2755 solet,
3060 2690 3214 2743 unde
3264 2706 3368 2760 pro
3418 2690 3503 2747 eis

1856 2772 2223 2828 smeularium
2258 2772 2582 2828 imitatione
2615 2774 2737 2829 dari
2772 2779 2987 2845 posset,
3014 2776 3318 2845 haberent,
3343 2780 3399 2831 et
3417 2777 3503 2834 sic

1852 2861 2087 2917 Ananire
2120 2864 2177 2915 et
2208 2860 2465 2931 Saphirae
2497 2863 2866 2919 anathemate
2896 2868 3231 2920 corruentes
3270 2866 3343 2921 ad
3378 2882 3502 2922 ma-

1855 2966 2037 3022 gnum
2072 2966 2187 3004 sum
2219 2949 2426 3004 anima:
2451 2950 2870 3006 detrimentum
2896 2958 3106 3008 sancta:
3132 2953 3342 3025 regula:
3365 2972 3504 3027 pra:-

1856 3043 2022 3110 cepta
2052 3036 2365 3109 peculiaria
2394 3038 2592 3093 omnia
2623 3040 2993 3111 prohibentia
3022 3041 3504 3111 annularent,sed

1856 3128 1965 3182 hoc
1998 3131 2116 3182 tam
2152 3127 2285 3195 sibi,
2320 3144 2496 3199 quam
2529 3129 2753 3183 cunctis
2782 3132 3222 3187 successoribus
3252 3132 3376 3188 suis
3403 3150 3507 3205 pro

1859 3218 2068 3271 abbate
2098 3216 2183 3270 vel
2215 3217 2517 3271 abbatissa
2548 3218 2693 3285 dari,
2730 3219 2788 3272 in
2822 3219 3056 3288 Christi,
3092 3221 3262 3293 cujus
3308 3222 3510 3278 vicarii

115 3310 197 3363 nui
227 3308 651 3365 interventores
680 3308 752 3361 ad
786 3306 1099 3361 Dominum
1134 3306 1461 3378 sentiatque
1486 3306 1542 3359 in
1577 3305 1747 3360 inter-
1778 3299 1820 3365 C
1862 3310 2021 3373 sunt,
2053 3306 2299 3376 ejusque
2329 3305 2629 3377 genitricis
2660 3308 2870 3374 Mariae,
2899 3326 2962 3363 ac
2986 3310 3252 3365 omnium
3275 3314 3510 3367 sancto-

114 3399 352 3454 ventione
383 3398 612 3471 quibus
644 3396 833 3451 fuerat
863 3396 1067 3450 unitus
1100 3395 1160 3451 in
1210 3394 1433 3449 ordinis
1484 3411 1748 3449 commu-

117 3486 279 3543 nione.
312 3509 340 3539 η

175 3578 320 3643 Quod
344 3577 392 3632 si
423 3593 495 3633 ex
512 3575 632 3633 alio
652 3573 1005 3630 monasterio
1030 3578 1165 3629 noto
1189 3590 1254 3628 ac
1276 3573 1549 3629 familiari
1576 3573 1752 3628 frater

121 3666 231 3736 quis
258 3667 568 3721 nuntiatus
594 3663 771 3719 fuerit
792 3663 1123 3730 defunctus,
1149 3662 1494 3718 conveniant
1520 3661 1753 3734 pulsata

121 3754 292 3811 tabula
312 3754 577 3827 undique
602 3753 834 3820 fratres,
850 3753 1042 3819 motis,
1060 3752 1142 3806 uti
1170 3750 1754 3823 przediximus,omni-

122 3841 214 3897 bus
240 3843 440 3917 signis,
469 3860 553 3899 vn
584 3841 937 3913 pcnnitentize
970 3841 1243 3913 prostrati
1271 3840 1326 3895 in
1350 3840 1600 3895 oratorio
1626 3857 1753 3894 mo-

125 3930 374 3988 dulentur
401 3931 695 4007 psalmos,
720 3930 841 3986 haec
865 3931 1259 4001 subsequente
1284 3929 1542 3983 oratione
1566 3946 1578 3983 :
1609 3952 1635 3977 ‹‹
1660 3929 1756 3984 Sa-

122 4019 349 4077 tisfaciat
367 4023 498 4090 tibi,
516 4020 769 4076 Domine
790 4020 942 4075 Deus
967 4023 1184 4086 noster,
1205 4036 1309 4091 pro
1332 4018 1529 4072 anima
1560 4018 1756 4072 fratris

127 4110 286 4165 nostri
314 4111 380 4165 N.
413 4112 603 4166 beata:
634 4108 865 4163 Domini
917 4106 1218 4180 genitricis
1267 4124 1612 4179 semperque
1646 4104 1755 4160 vir-

129 4196 257 4268 ginis
311 4199 530 4267 Marize,
579 4202 635 4254 et
680 4198 867 4253 sancti
927 4196 1078 4252 Petri
1136 4195 1385 4269 apostoli
1442 4196 1525 4250 tui
1586 4199 1758 4267 atque

131 4288 290 4343 sancti
318 4287 621 4345 Benedicti
644 4285 999 4341 confessoris
1023 4284 1105 4340 tui
1131 4285 1514 4357 omniumque
1536 4288 1758 4339 sancto-

131 4388 240 4430 rum
265 4380 501 4433 tuorum
536 4375 725 4431 oratio
757 4379 814 4430 et
844 4373 1146 4447 praesentis
1170 4372 1403 4428 familim
1428 4378 1537 4427 tum
1556 4373 1761 4428 devota

1863 3412 1995 3449 rum
2028 3395 2262 3448 nomine
2295 3400 2505 3449 azterno
2540 3396 2841 3466 prohibuit
2873 3396 3140 3469 imperio,
3174 3399 3281 3453 hoc
3314 3403 3510 3455 autem

1862 3481 2139 3538 benevola
2178 3482 2496 3537 intentione
2548 3482 2831 3539 hortando
2881 3487 3086 3556 suasit,
3122 3491 3187 3541 ut
3216 3490 3511 3543 monaste-

1863 3571 2079 3626 riorum
2114 3575 2328 3642 patres,
2363 3577 2697 3643 matresque
2729 3590 3092 3645 qurecunque
3141 3592 3318 3646 super
3367 3593 3511 3632 usus

1864 3660 2222 3715 necessarios
2274 3659 2635 3727 restaverint,
2670 3680 2772 3733 per
2823 3680 3035 3718 manus
3082 3681 3409 3737 pauperum
3448 3664 3510 3720 in

1863 3749 2125 3804 ccelestes
2156 3764 2287 3802 eum
2321 3765 2534 3819 magna
2564 3751 2769 3822 etjugi
2813 3753 3260 3823 compunctionc
3307 3771 3510 3809 recon-

1865 3840 2005 3894 dant
2036 3838 2360 3904 thesauros,
2396 3856 2508 3908 quo
2541 3856 2779 3910 corpore
2812 3839 2869 3894 in
2904 3846 3057 3896 terra
3082 3842 3345 3914 degente,
3381 3842 3509 3898 ani-

1866 3945 2000 3981 mus
2033 3926 2110 3980 ibi
2143 3928 2537 3981 conversanth
2571 3929 2939 4001 subsequens
2970 3935 3223 3999 maneat,
3257 3932 3358 3987 ubi
3390 3932 3512 3989 the.

1867 4033 2071 4070 sauros
2121 4016 2322 4070 ordine
2371 4016 2652 4087 prmmisit
2698 4018 3053 4089 justissimo.
3088 4019 3147 4075 Si
3197 4039 3323 4094 quae
3373 4039 3509 4079 vero

1867 4106 2057 4178 priore
2089 4106 2339 4161 abeunte
2371 4107 2787 4178 superfuerint,
2820 4110 3188 4181 subsequens
3233 4111 3414 4167 abbas
3446 4115 3514 4168 ut

1868 4194 2061 4250 Sancti
2105 4194 2348 4266 spiritus
2393 4196 2579 4268 gratia
2626 4195 2987 4264 instruxerit,
3022 4216 3137 4254 non
3168 4199 3515 4271 propinquis

1868 4282 2202 4338 carnalibus
2215 4282 2301 4338 vel
2327 4284 2588 4356 tyrannis
2611 4285 2990 4342 sazcularibus
3013 4288 3337 4342 secundum
3360 4293 3520 4344 ante-

1870 4371 2039 4426 rioris
2072 4372 2355 4427 dictatum
2403 4373 2733 4442 dividendo,
2770 4376 2872 4430 sed
2922 4375 3370 4430 necessitatibus
3400 4374 3516 4430 fra-
3570 4435 3579 4443 κ

132 4464 473 4538 supplicatio,
507 4468 578 4520 ut
609 4466 983 4536 peccatorum
1015 4462 1282 4517 omnium
1320 4461 1552 4517 veniam
1585 4477 1762 4533 quam
1795 4455 1840 4520 D
1871 4465 2027 4516 trum
2058 4477 2124 4515 ac
2155 4477 2479 4532 pauperum
2505 4462 2920 4531 subveniendo,
2948 4463 3227 4519 ordinans
3251 4478 3387 4518 cum
3407 4463 3519 4519 fra-

132 4562 427 4625 precamur,
448 4554 739 4621 obtineat,
757 4568 860 4608 nec
871 4568 1007 4608 eum
1022 4551 1265 4625 patiaris
1284 4550 1532 4607 cruciari
1554 4549 1766 4623 gehen-

1872 4553 2030 4605 trum
2062 4548 2324 4615 consilio,
2361 4549 2654 4621 sapienter
2683 4550 2978 4622 disponat.
