3912 6368
322 407 439 467 515

860 531 1210 588 EPISTULA
1248 531 1430 587 XXXI.

964 636 1038 674 AD
1076 634 1339 675 EUMDEM.

395 711 565 767 Omni
581 708 930 764 difﬁcultate
951 723 1146 762 rerum
1170 724 1203 761 a
1218 710 1405 778 coepto
1425 707 1629 762 itinere
1649 706 1976 775 interclusi,

322 798 709 873 expetendum
742 796 1083 851 censuimus
1113 799 1346 867 portum
1380 794 1769 849 salutis.Nam
1795 794 1980 850 decli-

319 888 482 944 vium
511 885 804 941 montium
828 886 1112 939 torrentes
1136 882 1398 938 continui
1422 882 1981 955 intercipiunt,eam-

321 976 542 1049 pestria
572 974 656 1029 sic
680 975 854 1045 juges
887 989 1050 1045 aquae
1082 970 1359 1038 vestiunt,
1386 974 1449 1025 ut
1479 970 1633 1025 villis
1663 987 1797 1025 cum
1820 970 1979 1026 habi-

320 1065 610 1121 tatoribus
642 1059 1205 1128 sublatis,armentis
1239 1060 1765 1127 enectis,terrorem
1815 1059 1977 1131 inge-

320 1158 455 1210 rant
484 1151 687 1208 diluvii
721 1148 1033 1205 renovandi
1056 1165 1189 1220 :spe
1210 1148 1470 1203 melioris
1492 1165 1645 1203 aura:
1668 1165 1701 1201 a
1721 1149 1977 1220 physicis

319 1242 571 1299 sublata.
584 1239 928 1311 Refugimus
956 1237 1154 1309 itaque
1168 1237 1237 1292 ad
1254 1254 1356 1291 vos
1370 1240 1670 1308 tamquam
1686 1236 1757 1291 ad
1781 1252 1977 1291 arcam

318 1332 458 1398 Noe,
492 1329 907 1399 Treverimque
940 1326 1187 1381 invisere
1225 1326 1363 1379 totis
1392 1325 1615 1380 viribus
1647 1342 1931 1380 conamur
1958 1341 1973 1379 :

319 1418 473 1475 beati
507 1416 734 1472 Uttonis
767 1433 869 1487 per
896 1414 1013 1469 vim
1048 1417 1271 1468 extorta
1301 1413 1585 1484 obsequia
1613 1412 1672 1467 in
1708 1412 1856 1467 beati
1883 1413 1978 1467 Pe-

319 1508 396 1564 tri
448 1503 845 1579 apostolorum
896 1502 1177 1575 principis
1210 1502 1573 1556 devotionem
1610 1500 1869 1556 relaturi:

848 1592 1195 1648 EPISTULA
1245 1591 1457 1645 XXXlI.

746 1699 827 1737 AD
876 1696 1554 1737 COMPROVINCIALES.

390 1772 577 1828 Multa
607 1787 784 1843 super
816 1774 975 1825 statu
1008 1768 1390 1824 ecclesiarum
1413 1766 1867 1835 Domini,multa
1886 1784 1979 1823 su-

316 1877 423 1935 per
451 1859 706 1934 publicis
736 1858 1095 1932 privatisque
1126 1855 1376 1929 negotiis
1408 1856 1976 1924 ratiocinaturi,cum

317 1954 529 2007 nostrae
552 1950 869 2005 diceeescos
900 1945 1295 2003 confratribus
1326 1944 1675 2001 cbarissimo
1705 1962 1808 2001 vos
1839 1944 1979 2000 invi-

315 2044 516 2097 temus
546 2038 779 2104 affectu,
809 2053 924 2093 non
960 2039 1190 2091 tantum
1234 2035 1443 2102 nostri,
1476 2038 1765 2106 quantum
1795 2033 1974 2090 vestri

316 2145 499 2184 causa
527 2125 767 2183 honoris
799 2143 867 2181 ac
896 2123 1191 2180 utilitatis.
1237 2124 1425 2179 Locus
1471 2122 1774 2195 loquendi,
1807 2123 1975 2177 Mons

315 2221 532 2274 sanctze
566 2216 760 2271 Mariae
792 2212 1206 2282 Tcrdonensis,
1241 2216 1475 2284 tempus
1511 2228 1575 2267 ιιι
1610 2212 1817 2267 Iduum
1866 2211 1973 2266 De-

316 2305 506 2362 cemb.
530 2302 751 2360 Valete.

829 2391 1182 2447 EPISTULA
1219 2390 1460 2447 XXXIII.

351 2471 361 2482 ἠ
387 2498 461 2538 AD
499 2497 853 2536 RO’I‘HARDUM
893 2496 1394 2535 ARCHIEPISCOPUM
1432 2495 1905 2534 CAMERACENSEM.

333 2610 345 2620 .
391 2571 492 2627 His
523 2569 737 2626 litteris
767 2569 1025 2641 acceptis
1057 2567 1434 2635 Balduinum,
1468 2584 1639 2639 quem
1660 2584 1848 2639 nuper
1876 2584 1970 2623 ex-

315 2656 1511 2724 communicavimus,excommunicate,ob
1543 2674 1709 2712 suam
1731 2672 1967 2712 uxorem

315 2749 469 2806 male
500 2747 860 2816 derelictam,
895 2752 953 2802 et
999 2747 1154 2818 quod
1210 2745 1567 2818 negligentia
1615 2744 1838 2801 diutius
1883 2749 1973 2801 est

315 2838 588 2905 dilatum,
616 2836 951 2893 obedientia
981 2834 1328 2907 corrigatur.
1362 2833 1636 2905 Nihilque
1686 2833 1799 2889 sibi
1831 2850 1970 2905 pro-

316 2926 493 2983 fuerit
524 2927 770 2982 Romam
802 2923 1016 2992 adisse,
1051 2924 1358 2978 dominum
1392 2940 1604 2995 papam
1647 2921 1971 2977 mendaciis

315 3013 776 3081 delusisse,cum
802 3011 1016 3067 Paulus
1037 3012 1192 3066 dicat
1225 3028 1237 3065 :
1270 3011 1335 3066 Si
1364 3013 1487 3083 quis
1514 3011 1663 3066 vobis
1691 3009 1847 3065 aliud
1868 3027 1970 3064 an-

314 3104 654 3159 nuntiaverit
707 3109 1073 3172 praterquam
1130 3100 1431 3170 accepistis,
1490 3101 1655 3154 etiam
1719 3100 1969 3169 angelus,

314 3193 605 3249 anathema
633 3193 723 3246 sit.
756 3194 951 3245 Estote
1000 3206 1136 3261 ergo
1187 3188 1493 3243 nobiscum
1527 3188 1857 3242 divinarum
1890 3187 1970 3243 le-

1355 399 1904 462 ADALBERUNIS
1949 400 2315 465 ARCIIIEP.
2363 408 2704 471 REMENS.

2006 1902 2054 1968 B

3622 411 3746 473 516

1998 534 2053 599 Α
2083 534 2259 589 tionis
2297 539 2352 592 in
2388 539 2600 611 palatio
2635 542 2955 615 lngelheim
3004 548 3061 599 et
3104 545 3295 600 videte
3333 545 3383 601 si
3415 546 3574 617 quod
3608 562 3741 617 pro.

2090 623 2223 680 misi
2271 628 2438 683 vobis
2488 630 2557 684 de
2608 647 2749 702 pace
2799 631 2950 688 inter
2995 648 3161 704 reges
3201 634 3303 689 diu
3336 634 3581 706 qumsita
3613 650 3745 706 per-

2089 717 2283 769 actum
2317 720 2423 771 est.
2458 717 2697 773 Interim
2746 720 2996 778 fideliter
3038 722 3344 790 admoneo,
3380 726 3445 778 ut
3473 722 3743 796 reginam

2088 818 2154 855 ac
2184 802 2525 876 episcopum
2557 808 2880 862 secundum
2904 809 3253 882 dignitatem
3280 814 3538 866 vestram
3569 811 3750 867 lenis-

2088 890 2236 946 sime
2266 894 2529 950 tractatis
2559 899 2615 951 et
2644 913 2717 952 ne
2744 914 2846 954 vos
2877 898 3146 955 concludi
3168 899 3320 955 inter
3348 900 3566 956 mania
3596 898 3749 956 ulla-

2089 985 2262 1036 tenus
2294 982 2621 1053 patiamini.

2599 1075 2951 1131 EPISTULA
2989 1075 3228 1132 XXXVI.

2485 1179 2557 1218 AD
2597 1171 2866 1219 comm/uir
2905 1182 3335 1221 meorumnam.

2159 1248 2399 1319 Semper
2422 1250 2659 1322 quidem
2688 1252 2929 1308 utilitati
2956 1258 3159 1309 vestrm
3202 1254 3531 1327 prospicere
3578 1255 3746 1311 volu-

2089 1352 2242 1403 mus,
2278 1354 2344 1393 ac
2376 1340 2785 1412 prospiciendo
2816 1342 3144 1412 gaudemus
3176 1358 3189 1397 :
3221 1343 3437 1416 quippe
3484 1342 3585 1415 qui
3637 1362 3750 1400 nos

2088 1429 2403 1498 nostraque
2433 1429 2633 1483 omnia
2660 1434 2861 1485 vestrae
2896 1430 3158 1486 servituti
3203 1431 3627 1486 devoverimus.
3664 1433 3750 1488 Ex

2086 1517 2247 1568 tanto
2280 1532 2415 1587 ergo
2443 1517 2651 1572 atl‘ectu
2685 1523 2965 1590 tantoque
2997 1536 3214 1587 amore,
3240 1537 3273 1574 a
3301 1520 3478 1575 vestri
3509 1521 3749 1576 muniﬁ-

2087 1602 2277 1657 centia
2307 1606 2721 1675 praesumimus
2752 1612 2946 1679 petere
2978 1609 3132 1679 quod
3168 1608 3389 1663 scimus
3408 1624 3511 1679 per
3530 1609 3750 1666 ﬁdissi-

2088 1707 2215 1747 mos
2249 1693 2486 1748 nuntios
2518 1693 2657 1749 olim
2690 1696 2861 1751 nobis
2888 1712 3232 1752 concessum
3261 1713 3389 1752 esse
3424 1714 3437 1752 :
3473 1697 3532 1752 id
3554 1702 3647 1753 est
3693 1698 3749 1754 si

2087 1779 2147 1835 in
2179 1797 2491 1853 regnorum
2521 1783 2774 1839 confinio
2804 1784 3067 1856 quolibet
3105 1784 3351 1841 ecclesia
3377 1789 3610 1841 vacaret
3638 1802 3747 1858 pa-

2086 1872 2260 1937 store,
2296 1870 2354 1925 in
2382 1887 2451 1927 ea
2480 1888 2595 1927 non
2627 1872 2810 1929 alium
2860 1874 3357 1944 constituendum,
3400 1874 3515 1931 nisi
3561 1891 3745 1947 quem

2084 1962 2287 2015 vestrae
2310 1959 2552 2016 utilitati
2575 1961 2911 2018 omnimodo
2932 1967 3137 2034 aptum
3160 1979 3302 2020 sano
3333 1963 3553 2036 judicio
3584 1964 3744 2022 dele-

2084 2048 2365 2119 gerimus.
2401 2050 2471 2105 Et
2511 2050 2653 2123 quia
2698 2051 2975 2108 omnibus
3024 2051 3482 2123 provincialibus
3529 2056 3743 2111 notum

2085 2136 2252 2193 Italia
2278 2138 2613 2211 expulsum,
2661 2142 2761 2196 sed
2810 2139 2870 2195 in
2919 2141 3032 2197 ﬁde
3062 2158 3177 2197 non
3210 2141 3347 2197 ficta
3375 2144 3743 2214 perstantem

2083 2225 2371 2283 habemus
2399 2228 2669 2284 abbatem
2693 2229 3491 2297 Gerbertum,huncecclesize
3519 2232 3741 2304 praefici

2084 2314 2274 2371 modis
2305 2316 2521 2387 quibus
2552 2334 2873 2390 possumus
2902 2319 3275 2385 oramus.Qui
3309 2318 3478 2374 nobis
3496 2319 3740 2391 quidem

2081 2409 2172 2460 est
2199 2421 2371 2461 verus
2403 2405 2750 2474 ﬁlius,vobis
2770 2424 2903 2464 vero
2934 2424 3036 2479 per
3054 2408 3253 2463 omnia
3274 2408 3743 2481 obsequentissi-

2082 2510 2217 2549 mus
2248 2494 2664 2566 servus.Cujus
2696 2496 2966 2552 absentia
2984 2496 3094 2551 etsi
3118 2496 3367 2552 nimium
3398 2513 3737 2570 gravamur,

2082 2588 2280 2638 tamen
2331 2584 2403 2639 ob
2452 2584 2790 2641 communia
2837 2584 3121 2641 beneficia
3168 2586 3391 2658 privata
3420 2586 3739 2659 posthabe-

2082 2690 2236 2727 mus.
2271 2672 2458 2745 Super
2487 2672 2581 2729 his
2608 2677 2868 2730 vestrum
2899 2672 3046 2731 velle
3092 2674 3335 2746 experiri
3385 2670 3740 2747 quantocius

2081 2762 2263 2817 sacris
2292 2761 2589 2835 rescriptis
2620 2762 2828 2818 obnixe
2860 2763 3274 2835 emagitamus.

2579 2850 2930 2907 EPISTULA
2968 2852 3233 2910 XXXVII.

2452 2956 2525 2995 AD
2563 2956 2795 2996 CLEIIUM
2834 2957 2901 2995 ET
2939 2957 3235 2997 PUPULUM.
3281 2983 3294 2997 .
3335 2979 3352 2999 ο

2152 3027 2402 3083 Multum
2436 3028 2702 3085 mmroris
2753 3028 3127 3102 multumque
3174 3031 3486 3087 anxietatis
3532 3032 3736 3089 intulit

2080 3116 2251 3171 nobis
2282 3117 2490 3172 acerba
2516 3134 2676 3173 mors
2702 3117 2877 3173 vestri
2909 3116 3095 3175 Patris
3128 3119 3431 3192 nostrique
3463 3121 3734 3178 dilectis-

2080 3205 2212 3260 simi
2248 3205 2462 3261 fratris.
2497 3206 2662 3261 Nunc
2686 3207 2882 3279 itaque
2915 3212 3067 3266 Deus
3094 3207 3232 3263 totis
3263 3208 3591 3283 pulsandus
3612 3228 3734 3267 me-

314 3298 455 3355 gum
487 3280 843 3348 defensores,
867 3278 967 3351 qui
1001 3276 1381 3333 sacerdotalis
1411 3277 1714 3349 dignitatis
1746 3278 1936 3349 gaude

2150 3293 2278 3361 IIIIS,
2308 3299 2374 3350 ut
2399 3294 2565 3350 vobis
2598 3273 2824 3351 Patrem
2858 3313 2925 3352 ac
2956 3296 3125 3352 nobis
3148 3273 3421 3353 idoneum
3454 3300 3736 3357 restituat

313 3370 393 3426 tis
430 3385 558 3425 esse
590 3368 923 3441 participes.

827 3456 1177 3512 EPISTULA
1216 3455 1453 3511 XXXIV.

972 3563 1303 3602 ΛΙ).....

381 3634 850 3693 Molestiavestra
861 3634 1068 3706 dejecti
1088 3634 1437 3690 relevatione
1470 3633 1707 3690 relevati
1731 3651 1963 3703 sumus,

310 3725 671 3795 addidimus,
704 3725 880 3781 etiam
911 3729 969 3779 et
998 3724 1285 3780 addemus
1320 3722 1777 3796 supplicationes
1818 3741 1968 3796 quas

309 3813 651 3887 poterimus,
686 3817 743 3868 et
776 3813 825 3869 si
859 3812 998 3885 quid
1032 3829 1128 3869 ars
1163 3812 1480 3867 medicinae
1530 3810 1714 3868 labori
1766 3817 1966 3869 nostro

308 3906 604 3977 suggeret,
635 3918 811 3974 quam
845 3900 1106 3973 proxime
1149 3900 1501 3974 dirigemus.
1556 3900 1970 3958 Permovemur

309 3995 509 4047 autem
540 3989 978 4062 aliquantulum
1010 3990 1162 4062 quod
1194 3994 1316 4045 tam
1348 4006 1475 4045 sero
1506 4005 1633 4061 quae
1665 3989 1820 4045 circa
1865 4006 1967 4046 vos

310 4084 508 4136 essent
537 4079 710 4135 nobis
742 4077 1146 4151 signiﬁcastis.
1178 4081 1235 4133 et
1281 4077 1536 4134 maxime
1583 4095 1760 4150 super
1788 4095 1968 4135 causa

309 4168 510 4225 fratris
542 4185 608 4224 ac
638 4167 867 4240 nepotis
899 4166 1245 4223 nostri.Mox
1275 4166 1492 4239 quippe
1518 4170 1584 4222 ut
1610 4172 1803 4223 vestra
1831 4166 1968 4241 legi-

310 4273 467 4325 mus,
499 4272 564 4312 ac
597 4259 864 4312 nostrum
896 4253 1156 4327 legatum
1189 4271 1223 4309 a
1253 4252 1467 4325 palatio
1500 4254 1964 4327 accepimus,qui

309 4344 507 4402 omnia
539 4362 665 4417 quae
698 4343 966 4401 fuissent.
1002 4343 1099 4397 Ar.
1134 4342 1323 4397 {ilium
1355 4343 1485 4414 ejus
1515 4342 1672 4414 regio
1694 4343 1845 4398 dono
1877 4359 1967 4399 ac-

310 4436 534 4509 cepisse
563 4435 843 4490 ﬁrmaret.
880 4433 941 4489 In
969 4448 1085 4505 quo
1119 4431 1280 4487 aliud
1312 4430 1589 4487 solatium
1622 4448 1737 4487 non
1786 4431 1964 4487 habe-

312 4542 465 4593 mus,
500 4524 611 4578 nisi
646 4522 801 4596 quod
834 4522 1053 4577 milites
1084 4520 1405 4592 plurimum
1454 4520 1525 4576 ab
1557 4537 1623 4576 eo
1654 4520 1965 4576 dissentire

312 4614 556 4669 scimus.
605 4613 780 4669 Porro
814 4617 871 4668 et
902 4612 959 4666 in
994 4611 1101 4667 hoc
1132 4609 1589 4675 elaborabimus,
1639 4610 1699 4665 in
1750 4610 1966 4681 quibus

308 4707 568 4758 vestrum
597 4701 743 4757 velle
774 4717 1216 4773 cognoscemus.

838 4789 1187 4845 EPISTULA
1226 4788 1436 4843 XXXV.

818 4893 890 4932 AD
928 4894 1198 4933 CAROLUM
1240 4894 1454 4932 DUCEM.

346 5014 351 5017 .
383 4966 441 5020 Si
476 4965 615 5036 quid
649 4964 1001 5020 excellentia:
1040 4970 1243 5021 vestra:
1294 4971 1497 5021 nostra
1540 4967 1792 5022 servitus
1821 4983 1964 5022 con-

311 5054 460 5111 ferre
491 5057 701 5124 potest,
737 5054 792 5107 in
826 5052 935 5108 hoc
978 5053 1299 5125 plurimum
1342 5055 1690 5125 gaudemus.
1725 5056 1795 5110 Et
1827 5055 1965 5126 quia

313 5158 469 5198 nunc
494 5141 565 5196 ad
584 5158 684 5197 vos
702 5143 1025 5197 secundum
1058 5142 1372 5214 imperium
1394 5148 1653 5198 vestrum
1678 5161 1790 5203 non
1812 5144 1967 5199 veni-

312 5248 467 5298 mus,
503 5228 759 5284 militum
799 5234 1125 5285 vestrorum
1175 5230 1285 5285 hac
1334 5229 1583 5303 illacque
1633 5232 1964 5288 discurren-

312 5322 462 5377 tium
492 5323 680 5373 terror
708 5317 917 5371 effecit.
955 5318 1127 5373 Porro
1158 5322 1377 5385 autem,
1413 5319 1461 5372 si
1496 5320 1565 5373 de
1598 5325 1799 5375 nostra
1828 5338 1967 5392 prae-

313 5408 503 5465 sentia
534 5406 882 5473 curatis,eos
913 5406 1124 5460 mittite
1155 5423 1407 5478 quorum
1441 5408 1572 5463 ﬁdei
1597 5425 1704 5463 nos
1734 5410 1965 5464 credere

315 5499 983 5567 audeamus,quousque
1016 5494 1196 5551 duces
1224 5494 1451 5549 itineris
1483 5512 1619 5551 cum
1651 5497 1964 5552 securitate

314 5588 528 5644 habere
561 5582 878 5656 possimus.
912 5582 981 5634 Et
1011 5586 1072 5636 ut
1108 5582 1449 5654 intelligetis
1496 5582 1619 5638 haac
1668 5583 1780 5638 dici
1827 5600 1963 5640 cum

315 5691 531 5753 magna
560 5673 695 5747 ﬁde,
726 5669 1116 5730 recordamini
1146 5670 1376 5732 consilii
1409 5670 1680 5741 nostri,et
1710 5670 1960 5732 collocu-

2079 3383 2339 3439 fratrem.
2375 3383 2464 3439 Sit
2495 3383 2729 3440 interim
2760 3389 2953 3441 vestra
2982 3385 3223 3459 pervigil
3255 3403 3396 3444 cura
3425 3392 3492 3443 ut
3521 3404 3735 3445 secun-

2079 3472 2220 3527 dum
2244 3472 2471 3528 divinas
2488 3476 2543 3528 et
2559 3472 2851 3529 humanas
2871 3472 3028 3545 leges
3045 3491 3137 3530 res
3167 3474 3426 3531 defuncti
3448 3475 3732 3549 episcopi,

2078 3566 2198 3618 tam
2232 3560 2478 3616 mobiles
2509 3578 2689 3633 quam
2722 3561 3074 3630 immobiles,
3121 3563 3314 3619 futuro
3363 3569 3739 3620 reserventur

2077 3648 2348 3722 episcopo
2382 3665 2395 3705 :
2432 3666 2503 3704 ne
2535 3650 2607 3717 si,
2639 3650 2795 3722 quod
2828 3650 3004 3719 absit,
3021 3650 3172 3708 male
3203 3656 3433 3708 cautem
3467 3653 3734 3721 fuerit,in

2077 3738 2443 3811 negligentes
2474 3755 2606 3794 cum
2642 3739 2856 3812 regalis
2886 3756 3153 3809 censura,
3201 3744 3329 3796 tum
3378 3741 3556 3798 etiam
3605 3758 3737 3815 gra-

2075 3829 2201 3885 vior
2230 3827 2579 3885 adhibeatur
2607 3827 2805 3884 divina
2834 3829 3145 3885 sententia.

2557 3917 2910 3975 EPISTULA
2948 3917 3240 3975 XXXVIII.

2406 4023 2479 4063 AD
2515 4023 2915 4063 TREVIRENSEM
2952 4024 3008 4063 V.
3049 4024 3106 4064 ν.
3147 4024 3205 4065 D.
3247 4025 3303 4064 Κ.
3344 4027 3399 4064 Α.

2146 4101 2271 4153 Non
2303 4100 2521 4152 temere
2541 4112 2669 4152 esse
2690 4097 3047 4153 credendum
3065 4097 3403 4155 rumoribus
3416 4114 3555 4155 cum
3578 4116 3734 4173 sepe

2076 4185 2207 4242 sitis
2238 4184 2645 4258 experti,nunc
2670 4185 3035 4259 experimini.
3069 4186 3275 4242 Divina
3305 4187 3521 4259 quippe
3540 4188 3735 4260 gratia

2074 4276 2479 4347 praeveniente,
2506 4292 2572 4331 ac
2604 4292 2844 4348 precum
2867 4278 3193 4331 vestrarum
3215 4275 3497 4332 instantia
3525 4276 3734 4333 suffra-

2075 4364 2553 4437 gante,omnibus
2583 4363 2864 4436 episcopii
2896 4363 3071 4420 rebus
3092 4362 3353 4436 petimur
3371 4368 3438 4420 ut
3460 4367 3735 4434 ante,nee

2075 4454 2398 4525 quidquam
2421 4468 2489 4508 ex
2519 4457 2685 4508 tanta
2716 4452 2872 4508 fama
2903 4451 3062 4508 aliud
3095 4453 3227 4518 fuit,
3260 4453 3374 4508 nisi
3405 4454 3565 4526 quod
3597 4459 3737 4526 post

2074 4541 2380 4598 meridiem
2412 4541 2713 4614 occupatis
2743 4540 3032 4598 militibus
3060 4542 3215 4614 regis
3245 4541 3379 4599 vino
3409 4546 3467 4598 et
3496 4558 3732 4611 somno,

1995 4641 2043 4706 Ι)
2076 4631 2350 4703 oppidani
2384 4631 2523 4686 totis
2548 4630 2769 4686 viribus
2800 4629 3164 4703 eruptionem
3199 4631 3739 4699 fecerunt,nostris-

2077 4737 2189 4793 que
2236 4719 2647 4775 resistentibus
2677 4735 2743 4773 ac
2775 4735 2873 4774 eos
2904 4719 3342 4792 repellentibus,
3376 4737 3411 4775 a
3440 4720 3737 4775 mendicis

2074 4812 2333 4864 cremata
2347 4810 2716 4875 suntcastra;
2753 4823 2868 4878 quo
2900 4807 3170 4865 incendio
3193 4808 3386 4863 omnis
3408 4812 3737 4881 apparatus

2073 4896 2398 4953 obsidionis
2431 4897 2781 4968 absumptus
2799 4899 3050 4963 est.0ua:
3073 4897 3290 4953 damna
3305 4915 3405 4953 vm
3434 4896 3735 4970 Kal.Sept.

2075 4984 2458 5056 multiplicius
2490 4985 2874 5041 restaurauda
2903 4989 3062 5041 sunt.
3097 4986 3424 5041 Immensas
3438 5002 3611 5057 porro
3632 5003 3738 5041 vo-

2073 5074 2165 5130 bis
2197 5074 2574 5145 rependimus
2600 5078 2817 5145 grates,
2850 5074 3010 5146 quod
3033 5078 3152 5128 tam
3183 5074 3475 5146 przecipuo
3518 5073 3739 5129 affectu

2074 5164 2256 5220 nostri
2285 5161 2488 5235 geritis
2520 5178 2744 5218 curam.
2779 5163 2942 5228 Quod
2974 5162 3305 5218 continuari
3339 5178 3474 5217 cum
3506 5163 3739 5218 sanctis

2074 5252 2457 5325 petitionibus
2487 5257 2545 5307 et
2576 5255 2851 5323 optamus
2882 5256 2940 5306 et
2968 5268 3230 5319 oramus,
3263 5252 3467 5307 eadem
3498 5254 3633 5306 voto
3667 5268 3741 5308 ac

2077 5341 2366 5399 desiderio
2398 5356 2584 5413 usque
2618 5340 2675 5395 in
2710 5342 2885 5396 finem
2910 5341 3263 5413 protensuri.

2590 5429 2941 5485 EPISTULA
2978 5428 3217 5485 XXXIX.

2516 5533 2598 5573 AD
2655 5532 2979 5572 CAROLUM
3037 5532 3290 5572 DUCBM.

2145 5606 2444 5673 Quomodo
2476 5622 2510 5660 a
2540 5621 2634 5659 me
2658 5605 2969 5660 consilium
3005 5604 3287 5677 quaeritis,
3322 5603 3425 5677 qui
3455 5620 3552 5660 me
3579 5602 3743 5661 inter

2073 5695 2459 5755 inﬁdissimos
2472 5694 2671 5753 hostes
2685 5693 2981 5769 deputatis
2994 5694 3022 5751 ‘I
3050 5695 3351 5763 Quomodo
3382 5698 3614 5773 patrem
3636 5710 3763 5769 no-_
