3912 6378
205 428 305 490 817

670 423 1200 487 INTRODUCTIO
1245 421 1792 485 MONACIIORUM
1839 421 1916 482 IN
1964 420 2541 485 MONASTERIUM
2587 422 3089 487 MOSOMENSE.

3466 423 3582 483 518

205 557 433 626 minatis,
451 557 545 613 cui
575 557 756 612 vitam
788 562 1129 630 extorquere
1157 556 1372 613 vultis?
1403 556 1663 627 Denique
1710 573 1822 608 non
1854 558 1908 622 Α
1940 553 2186 608 febrium
2254 555 2507 625 graviter
2562 558 2910 627 exagitatus,
2955 556 3252 612 sincerum
3309 556 3581 611 affectum

202 647 274 703 sic
292 645 714 719 promerui.sed
738 646 1104 719 perditorum
1132 645 1439 700 hominum
1472 643 1674 699 dolosa
1698 660 1828 699 con-

201 734 315 792 silia
341 750 567 808 semper
594 734 740 807 fugi,
775 752 842 791 ac
872 735 1053 808 fugio,
1088 753 1203 791 non
1246 736 1318 791 de
1345 734 1511 790 vobis
1541 734 1691 788 dico.
1718 733 1826 787 ite-

201 823 515 892 cordamini,
550 822 691 896 quia
719 823 913 880 dicitis
946 829 1009 879 ut
1039 825 1326 892 recorder,
1351 823 1491 895 quid
1522 822 1826 877 vobiscum

201 910 518 967 contulerim
553 913 625 968 de
661 916 856 967 vestra
884 912 1243 980 salute,cum
1277 911 1533 984 primum
1566 928 1671 966 nos
1703 910 1826 965 adi-

198 1000 308 1066 stis,
323 999 453 1073 quid
477 1000 709 1057 consilii
731 1000 993 1056 dederim
1025 1018 1202 1073 super
1222 1000 1507 1056 adeundis
1529 999 1687 1073 regni
1709 997 1825 1071 pri-

199 1088 449 1145 matibus.
478 1090 629 1145 Nam
662 1090 796 1163 quis
823 1106 1003 1156 eram,
1040 1094 1103 1144 ut
1135 1091 1295 1145 solus
1335 1106 1528 1161 regem
1568 1091 1826 1160 impone-

199 1194 303 1234 rem
328 1178 607 1237 Francis?
637 1177 877 1234 Publica
905 1183 1045 1233 sunt
1092 1178 1214 1233 haec
1252 1179 1502 1250 negotia,
1542 1196 1654 1232 non
1710 1176 1825 1249 pri-

196 1271 331 1321 vota.
361 1266 566 1325 Odisse
596 1283 690 1322 me
721 1266 942 1340 putatis
972 1267 1197 1339 regium
1234 1266 1459 1338 genus?
1489 1267 1696 1320 Testor
1727 1264 1830 1318 Re-

196 1354 535 1427 demptorem
572 1372 771 1409 meum
804 1355 943 1427 quia
976 1372 1090 1409 non
1122 1355 1239 1409 odi.
1273 1355 1419 1420 Quid
1454 1355 1825 1426 potissimum

196 1443 341 1498 vobis
367 1444 441 1498 sit
459 1444 795 1499 faciendum
821 1444 1102 1516 quaeritis.
1120 1444 1235 1497 Hoc
1259 1461 1391 1497 cum
1416 1443 1651 1497 diflieile
1670 1441 1827 1495 dictu

197 1531 391 1597 sit,nec
412 1532 559 1588 satis
581 1532 724 1601 scio,
750 1550 856 1587 nec
890 1533 938 1587 si
977 1533 1157 1586 sciam
1182 1532 1372 1587 dicere
1395 1531 1607 1585 ausim.
1624 1529 1830 1584 Amici-

188 1620 317 1676 tiam
337 1637 525 1677 meam
569 1622 927 1694 exposcitis?
962 1621 1196 1676 Utinam
1228 1622 1301 1675 ad
1356 1622 1430 1674 sit
1462 1638 1529 1674 ea
1558 1621 1683 1674 dies
1714 1635 1830 1690 qua

191 1707 410 1765 honeste
438 1709 618 1765 liceat
635 1709 847 1766 vestris
877 1709 1157 1765 interesse
1204 1708 1519 1780 obsequiis.
1556 1707 1831 1774 Quamvis

185 1797 332 1853 enim
360 1798 769 1855 sanctuarium
791 1797 1022 1854 Domini
1046 1797 1435 1871 pervaseritis,
1454 1797 1712 1870 reginam
1736 1796 1828 1851 cui

1936 658 2131 697 meum
2150 644 2306 699 circa
2323 648 2395 710 te,
2413 644 2753 701 dulcissimo
2775 647 2969 714 frater,
2984 644 3272 717 explicare
3301 662 3416 701 non
3440 646 3584 702 satis

1935 731 2115 787 valeo.
2142 733 2258 787 Hoc
2297 737 2525 789 tantum
2578 735 2865 807 signiﬁco,
2900 735 3143 807 impera,
3168 735 3582 806 obsequemur,

1937 820 2128 891 sitque
2177 825 2377 876 nostra
2424 822 2683 877 amicitia
2730 824 2934 878 eadem
2985 822 3128 878 velle
3174 828 3350 895 atque
3378 824 3580 878 eadem

1939 908 2193 964 nolle.Et
2217 910 2354 981 quia
2378 910 2530 965 inter
2548 928 2750 983 graves
2787 917 2965 967 aestus
3002 929 3275 967 curarum
3306 911 3431 968 sola
3454 910 3584 984 phi-

1937 995 2204 1069 losophia
2225 998 2393 1069 quasi
2417 1001 2710 1071 quoddam
2736 1001 3059 1055 remedium
3084 1018 3212 1057 esse
3239 999 3587 1073 potest,ubi—

1938 1102 2190 1157 cumque
2219 1092 2413 1157 partes
2443 1089 2571 1158 ejus
2601 1089 2969 1160 imperfectas
2990 1090 3296 1156 habemus,
3318 1089 3589 1162 suppleat

1938 1174 2230 1229 industria
2266 1182 2477 1230 vestra.
2498 1178 2579 1230 Ad
2615 1195 2869 1249 praesens
2900 1184 3094 1233 autem
3128 1178 3427 1234 rescribite
3458 1183 3585 1233 tan-

1939 1266 2065 1317 tum
2098 1264 2253 1334 quod
2286 1264 2448 1319 deest
2478 1265 2646 1318 nobis
2677 1266 2733 1319 in
2768 1266 2953 1336 primo
2993 1267 3285 1323 volumine
3317 1267 3587 1322 secundas

1939 1352 2213 1405 editionis
2238 1353 2417 1406 lloetii
2452 1354 2507 1406 in
2546 1352 2692 1408 libro
2718 1354 2865 1409 Petri
2888 1354 3367 1423 hermenias,hoc
3398 1358 3485 1410 est
3516 1355 3588 1409 ab

1940 1456 2006 1493 eo
2038 1440 2161 1494 loco
2189 1442 2282 1493 ubi
2308 1442 2593 1513 scriptum
2617 1447 2723 1496 est.
2747 1444 2860 1497 Non
2889 1446 3063 1499 currit
3091 1460 3210 1498 vero
3235 1452 3285 1499 et
3312 1459 3418 1497 non
3451 1443 3593 1497 labo-

1941 1537 2043 1583 rat.
2070 1530 2182 1583 Non
2220 1530 2437 1584 verbum
2469 1531 2587 1585 diro
2634 1550 2755 1586 mm
2803 1534 3077 1603 signiﬁcat
3115 1532 3332 1604 quidem
3363 1541 3591 1603 tempus,

1940 1635 2129 1688 usque
2151 1619 2222 1672 ad
2249 1636 2383 1673 eum
2425 1619 2617 1673 locum
2639 1619 2737 1674 ubi
2761 1620 2997 1688 dicitur,
3014 1622 3132 1692 ipsa
3160 1621 3377 1692 quidem
3399 1636 3591 1675 serun-

1938 1706 2070 1761 dum
2096 1723 2154 1761 se
2182 1707 2326 1763 dicta
2354 1709 2514 1763 verba
2542 1711 2767 1764 ηοτηιῖηίι
2791 1717 2939 1771 sunt,
2961 1718 3013 1764 et
3036 1712 3353 1780 signiﬁcant
3378 1707 3593 1781 aliquid

1939 1794 2029 1850 hic
2053 1799 2362 1867 praeceptis,
2394 1796 2549 1851 idem
2584 1802 2747 1869 parte
2782 1797 3107 1853 deficientis
3160 1795 3588 1853 commentarii.

190 1901 304 1957 qum
323 1886 873 1960 novimnsjurastis,
890 1886 1469 1959 comprehenderitis,
1489 1886 1828 1959 episcopum
1863 1927 1912 1993 B
1944 1884 2212 1939 Beneficii
2272 1886 2447 1940 vestri
2504 1903 2619 1942 non
2677 1886 2898 1942 erimus
2955 1886 3349 1953 immemores,
3413 1886 3591 1942 fidem

190 1973 333 1993 7-..!
672 1992 679 1993 κ
863 1976 873 1986 ⁸
982 1992 1031 1993 κη
1085 1974 1097 1986 ⁶
1184 1992 1233 1993 κν
1283 1974 1341 1993 ἰ·
1436 1992 1443 1993 κ
1502 1975 1511 1985 ⁸
1564 1992 1605 1993 ..
1674 1992 1681 1993 κ
1734 1991 1821 1993 HW-
1944 1978 2129 1993 _--_1-
2174 1979 2495 1993 _-,,__,a-d4
2588 1992 2593 1993 γ
2697 1976 2711 1993 1
2798 1992 2803 1993 γ
3080 1992 3083 1993 ν
3202 1977 3219 1993 I
3324 1975 3418 1993 I.A'
3532 1991 3579 1993 ._

189 1973 627 2033 Laudunensem
660 1976 876 2032 carceri
908 1974 1398 2048 mancipaveritis,
1423 1975 1830 2047 episcoporum

191 2064 489 2121 anathema
521 2063 915 2138 neglexeritis,
948 2069 1109 2120 taceo
1143 2064 1213 2118 de
1244 2063 1470 2119 seniore
1514 2080 1664 2131 meo,
1690 2080 1831 2119 con-

186 2156 268 2207 tra
296 2170 469 2226 quem
513 2153 669 2210 ultra
696 2153 847 2210 vires
880 2152 1178 2225 negotium
1210 2153 1556 2225 suscepistis
1589 2169 1601 2207 :
1635 2157 1831 2208 tamen

187 2240 597 2315 beneficii,quo
619 2244 873 2316 crga'me
895 2242 986 2298 usi
1026 2242 1170 2298 estis
1202 2258 1336 2299 cum
1386 2241 1519 2299 telis
1549 2242 1830 2310 hostium,

185 2347 301 2402 qua:
329 2330 1057 2398 subduxistis,immemor
1085 2348 1213 2387 esse
1243 2349 1357 2387 non
1382 2330 1835 2403 possum.Plura

186 2417 521 2489 dicerem,et
548 2420 706 2492 quod
739 2420 915 2476 vestri
947 2420 1203 2476 fautores
1227 2420 1519 2493 imprimis
1542 2421 1660 2475 sint
1676 2421 1836 2475 dece-

186 2511 390 2579 ptores,
411 2526 479 2565 ac
513 2526 761 2565 suorum
795 2508 1163 2581 negotiorum
1211 2526 1313 2582 per
1347 2526 1448 2565 vos
1488 2514 1552 2564 ut
1580 2507 1833 2581 experie-

185 2596 337 2664 mini,
364 2599 692 2654 effectores.
733 2598 843 2653 Sed
877 2614 992 2653 non
1023 2602 1112 2653 est
1142 2598 1322 2669 hujus
1355 2597 1653 2671 temporis.
1687 2598 1834 2652 Nam

184 2689 365 2743 metus
386 2691 478 2743 est
515 2687 644 2743 haec
682 2687 887 2742 eadem
929 2685 1146 2741 dixisse
1178 2702 1243 2742 ac
1275 2685 1569 2759 prioribus
1602 2685 1836 2759 scriptis

184 2776 379 2832 vestris
400 2794 519 2833 non
552 2774 949 2848 respondisse.
968 2775 1126 2831 Idem
1150 2775 1318 2831 estin
1341 2792 1539 2845 causa,
1558 2775 1836 2848 quoniam

183 2868 339 2920 caute
367 2869 647 2922 tenemus
677 2863 985 2937 scriptum.
1018 2864 1323 2936 Nusquam
1349 2868 1477 2919 tuta
1519 2865 1684 2919 ﬁdes.
1719 2865 1837 2920 Ra-

182 2950 357 3008 tiones
387 2954 609 3010 harum
658 2970 856 3009 rerum
896 2957 1168 3021 tractare,
1194 2954 1474 3021 conferre,
1509 2953 1837 3009 commnni-

185 3055 306 3099 care
334 3043 608 3116 quolibet
637 3043 811 3097 modo
868 3040 1087 3112 liceret,
1111 3040 1161 3097 si
1194 3041 1261 3097 R.
1295 3042 1363 3098 K.
1396 3041 1439 3099 Ι.
1473 3042 1541 3099 G.
1572 3041 1640 3100 H.
1674 3042 1741 3097 Η.
1768 3042 1835 3098 Τ.

182 3128 235 3183 Ζ.
252 3130 316 3186 ν.
341 3132 496 3189 datis
525 3131 838 3188 obsidibus
861 3132 931 3186 ad
966 3148 1073 3187 nos
1095 3148 1282 3203 usque
1303 3131 1603 3204 pervenire
1620 3136 1834 3203 posset,

182 3219 267 3274 cui
300 3221 440 3277 talia
477 3222 720 3277 credere
741 3222 831 3277 fas
858 3225 967 3286 est,
983 3220 1109 3275 sine
1132 3237 1247 3291 quo
1270 3220 1416 3275 nihil
1439 3220 1645 3275 talium
1670 3237 1839 3292 agere

182 3322 493 3378 possumus
523 3314 583 3366 et
612 3311 915 3366 debemus.
964 3306 975 3311 ’

762 3398 1112 3454 EPISTOLA
1150 3398 1264 3453 XL.

251 3506 322 3544 AD
359 3505 755 3546 TIIIETMARUM
797 3504 1182 3543 MOGUN'I‘INUI
1221 3504 1744 3543 ARCHIEPISCOPUM.

241 3577 460 3635 Labore
493 3577 826 3635 obsidionis
855 3576 915 3632 in
950 3575 1222 3632 Carolum
1256 3575 1632 3650 defatigatus,
1666 3594 1733 3633 ac
1780 3577 1834 3632 vi

1944 1978 2137 2028 mente
2166 1979 2504 2046 conceptam
2532 1992 2649 2031 non
2680 1976 3037 2044 deseremus,
3066 1977 3222 2048 quod
3252 1975 3457 2032 voletis
3487 1991 3591 2048 pro

1941 2061 2162 2117 viribus
2189 2079 2594 2134 exsequemur.

2508 2239 2858 2297 EPISTOLA
2884 2241 3025 2297 XLI.

2489 2366 2560 2404 AD
2600 2366 2945 2405 CONSTANTIN
2955 2368 3060 2407 ΠΜ.

2016 2510 2507 2582 Congratulamur
2537 2510 2663 2578 tibi,
2698 2510 3038 2566 dulcissime
3070 2512 3245 2565 frater
3293 2528 3597 2583 pervasere

1945 2603 2119 2671 atque
2138 2600 2301 2655 hoste
2325 2601 2658 2656 monasticae
2681 2600 2996 2673 religionis,
3012 2600 3081 2655 ad
3104 2600 3423 2655 multorum
3446 2599 3599 2656 salu-

1948 2693 2063 2742 tem
2095 2688 2372 2744 humanis
2404 2690 2578 2745 rebus
2609 2693 2894 2762 exempto.
2930 2690 3090 2744 Insta
3119 2694 3349 2761 ergo,et
3396 2690 3443 2744 si
3467 2691 3597 2760 jam

1948 2783 2171 2849 patrem
2204 2782 2306 2833 tua
2337 2795 2404 2833 ac
2453 2779 2700 2833 fratrum
2751 2778 3058 2833 dilectione
3102 2778 3349 2849 dignum
3389 2777 3592 2845 habes,

1947 2866 2269 2921 habeamus
2291 2884 2424 2922 eum
2447 2872 2503 2922 et
2525 2885 2630 2922 nos
2654 2872 2996 2939 przesentem
3020 2870 3121 2922 tua
3141 2882 3317 2938 opera
3334 2867 3596 2938 proxime

1947 2955 2007 3009 in
2052 2956 2196 3011 festo
2228 2955 2381 3011 beati
2416 2954 2684 3027 Remigii,
2712 2961 2778 3011 ut
2814 2956 3056 3011 affectus
3083 2960 3283 3011 noster
3312 2972 3346 3011 a
3378 2954 3595 3011 Floria-

1948 3044 2222 3101 censibus
2251 3050 2307 3100 te
2338 3045 2584 3100 faciente
2632 3044 2939 3116 paululum
2989 3044 3376 3112 abalienatus,
3410 3048 3468 3099 te
3513 3044 3596 3099 fa-

1948 3136 2135 3191 ciente
2167 3135 2243 3189 sit
2268 3134 2589 3207 plurimum
2622 3134 3051 3190 reconciliatus.
3071 3135 3231 3201 Quod
3255 3133 3305 3188 si
3336 3134 3457 3189 hac
3481 3150 3600 3189 om-

1949 3226 2048 3280 nia
2077 3224 2202 3279 ﬁeri
2235 3225 2433 3280 minus
2471 3224 2717 3297 possint,
2751 3224 2923 3279 liceat
2951 3224 3120 3279 nobis
3149 3227 3205 3279 et
3236 3228 3336 3279 tua
3364 3227 3596 3279 tantum

1867 3296 1910 3362 C
1943 3313 2161 3384 perfrui
2225 3313 2556 3384 praesentia,
2602 3312 2650 3367 si
2712 3312 2852 3383 quid
2904 3329 3165 3384 unquam
3217 3311 3598 3384 praestitimus

1912 3448 1917 3451 .
1948 3403 2101 3474 quod
2134 3401 2508 3474 placuerit,et
2530 3401 2577 3456 si
2600 3400 2861 3473 dignaris
2892 3405 3163 3473 praestare
3193 3401 3346 3471 quod
3371 3399 3598 3471 placere

1948 3489 2149 3561 possit.

672 3879 1831 4017 lNTBODUCTIO
1916 3877 3112 4016 MONACHOBUM

1430 4124 1491 4163 IN
1529 4123 1943 4165 MONASTERIUM
1983 4125 2346 4165 MOSOMENSE.

771 4259 873 4331 (Ex
903 4259 1167 4315 Chronico
1198 4257 1538 4328 Mosomensi,
1569 4259 1724 4331 apud
1751 4258 2085 4327 Acherium,
2119 4259 2311 4331 sz'cil.
2347 4263 2486 4315 tom.
2517 4258 2640 4330 VII,
2675 4275 2807 4331 pag.
2838 4258 2989 4330 642.)

169 4514 388 4581 Textus
421 4522 538 4601 qui
577 4519 865 4600 sequitur
892 4519 1192 4581 describit
1217 4518 1488 4598 qualiter
1515 4520 1649 4599 ipse
1680 4519 1913 4600 praesul
1943 4520 2258 4581 Adalbero
2292 4539 2403 4600 per
2434 4517 2701 4601 Romani
2740 4523 3021 4597 syrmata
3065 4518 3254 4601 Papa:
3304 4513 3582 4601 consilii-

239 4618 358 4679 que
388 4593 492 4663 sui
524 4593 883 4673 decretum,
915 4593 1254 4661 constituit
1277 4607 1344 4659 ut
1376 4593 1721 4661 monachos
1752 4602 1928 4661 locus
1959 4601 2059 4661 hic
2094 4593 2413 4663 Mosomus
2463 4599 2749 4671 haberet,
2772 4593 2942 4676 'quos
2985 4593 3584 4679 collibereturegula

239 4675 454 4744 sancte
520 4683 764 4756 vivere,
798 4682 1033 4761 quique
1078 4699 1193 4760 pro
1242 4699 1307 4741 se
1361 4699 1605 4759 proque
1654 4682 1782 4742 suis
1832 4681 2399 4762 prwdecessoribus
2446 4681 2511 4741 in
2564 4699 2737 4759 spem
2791 4675 3042 4738 mlerua:
3100 4678 3243 4737 vita}
3302 4675 3586 4735 divinum

244 4762 494 4825 Numen
528 4763 828 4825 adorent.

397 4922 789 4981 Precedentis
829 4922 1027 4996 itaque
1076 4922 1225 4978 serie
1273 4922 1562 4977 sermonis
1607 4923 1677 4977 de
1706 4923 1826 4978 vita
1854 4927 1901 4991 D
1933 4923 2167 4979 beronis
2198 4921 2455 4996 episcopi
2500 4922 2726 4977 devotio
2775 4920 3079 4988 exstiterit,
3105 4919 3242 4991 quia
3281 4935 3384 4992 per
3429 4917 3589 4974 hunc

166 5009 217 5060 et
243 5013 503 5069 transitu
538 5012 733 5069 sancti
767 5012 1042 5085 martyris
1070 5010 1297 5066 Arnulﬁ
1347 5010 1825 5082 compendiosam

163 5092 395 5157 fecimus
416 5100 909 5167 relationem,ubi
930 5100 1103 5156 fuerit
1122 5098 1409 5171 sepultus,
1427 5098 1677 5169 qualiter
1693 5099 1826 5156 inde

164 5195 501 5263 assumptus
534 5190 614 5247 ad
636 5190 966 5247 Guilediam
997 5190 1301 5261 trajectus,
1323 5189 1560 5242 demum
1592 5203 1824 5260 quoque

162 5268 252 5329 Dei
280 5276 700 5336 misericordia
728 5279 1075 5352 disponente
1106 5277 1180 5333 ad
1209 5276 1362 5332 hanc
1392 5275 1823 5333 Mosomensem

162 5363 453 5424 ecclesiam
489 5368 804 5425 miraculis
833 5364 1318 5425 concurrentibus
1345 5364 1822 5439 devcnerit,stylo

159 5450 381 5520 quidem
412 5458 755 5514 admodum
786 5458 1006 5514 rustico
1036 5460 1094 5512 et
1123 5452 1389 5526 impolito
1419 5454 1818 5524 exaravimus;

161 5541 248 5595 sed
277 5545 507 5603 ratione
537 5548 690 5604 satis
719 5546 1100 5620 probabiliter
1127 5542 1494 5614 investigata,
1530 5543 1683 5599 sicut
1713 5562 1820 5600 suo

158 5621 268 5686 loco
298 5626 487 5692 lector
518 5634 802 5705 inveniet,
837 5637 910 5691 ad
947 5634 1188 5707 plenum
1239 5632 1533 5704 prosecuti
1586 5649 1817 5689 sumus.

157 5713 306 5778 Nunc
358 5741 495 5801 qua
545 5730 758 5801 postea
786 5724 941 5784 circa
970 5723 1272 5799 praefatam
1299 5718 1607 5778 ecclesiam
1638 5722 1816 5780 Adal-

1935 5018 2207 5069 sanctum
2240 5030 2415 5068 suum
2441 5011 2751 5066 Arnulfum
2784 5016 3039 5065 mentem
3072 5010 3280 5081 ipsius,
3312 5012 3380 5062 ut
3408 5024 3590 5079 supra

1935 5102 2265 5169 retulimus,
2279 5099 2492 5155 visibili
2513 5099 2932 5155 miraculorum
2952 5097 3380 5153 illuminatione
3396 5096 3589 5151 Domi-

1935 5211 2046 5249 nus
2068 5191 2395 5260 admonuit,
2427 5189 2500 5244 ad
2534 5194 2797 5260 posteros
2837 5188 3068 5243 mittere
3115 5185 3585 5250 memorandum,

1934 5299 2048 5338 non
2082 5280 2349 5351 indigum
2373 5276 2795 5348 judicavimus,
2820 5282 2886 5331 ut
2914 5274 3126 5332 divinis
3163 5272 3460 5330 beneficiis
3490 5272 3584 5326 in-

1930 5371 2080 5444 grati
2113 5386 2241 5426 esse
2270 5368 2611 5433 timeant,et
2640 5364 3032 5437 intelligentes
3065 5367 3287 5436 quanta
3305 5378 3409 5434 per
3428 5361 3587 5417 hunc

1931 5477 2051 5516 sua:
2082 5458 2292 5515 salutis
2325 5453 2631 5528 providum
2661 5457 2953 5525 pastorem
2984 5453 3180 5522 adepti
3222 5452 3362 5506 sunt
3408 5449 3582 5517 bona,

1930 5544 2283 5620 rependendi
2314 5543 2499 5598 vicem
2532 5540 2739 5596 animae
2769 5540 2957 5613 ipsius
2982 5540 3041 5595 in
3074 5541 3226 5595 bono
3268 5554 3331 5593 se
3352 5553 3587 5607 semper

1929 5636 2211 5693 obnoxios
2241 5648 2369 5689 esse
2401 5635 2779 5703 cognoscant.
2868 5634 2871 5635 ⁷

1999 5721 2267 5780 Secundo
2298 5716 2480 5791 igitur
2519 5732 2638 5774 suae
2682 5714 3068 5773 ordinationis
3097 5729 3249 5770 anno
3283 5715 3414 5768 acta
3440 5710 3581 5771 sunt
