3912 6360
337 418 453 477 519

1362 411 1913 474 ADALBERONIS
1960 408 2320 472 ARCHIEP.
2371 405 2716 469 REMENS.

3638 392 3768 464 520

337 568 464 624 quae
515 549 693 623 priori
746 564 1014 604 sermone
1060 544 1459 612 tractavimus,
1489 546 1558 599 de
1606 543 1987 599 translatione
2015 545 2069 611 Α
2098 543 2258 598 tibus
2288 557 2592 614 emergens
2624 540 2869 608 malitia,
2904 543 3067 595 tanta
3096 540 3363 612 gentium
3411 538 3572 594 intra
3621 537 3768 594 Gal-

334 636 603 693 videlicet
630 641 805 706 atque
834 635 895 689 in
928 634 1357 689 Mosomensem
1389 631 1696 687 ecclesiam
1729 630 1987 687 illatione

333 728 639 782 beatorum
671 723 896 779 ossium
920 720 1180 795 praedicti
1204 720 1477 792 martyris
1500 736 1652 775 anno
1675 724 1989 792 nongente—

332 810 950 885 simoseptuagesimo
976 811 1166 883 primo
1197 809 1512 865 Dominicze
1542 808 1983 877 incarnationis,

330 901 650 958 indictione
679 905 889 973 quarta
920 898 1384 964 deeima,mense
1412 897 1758 965 Julio,nono
1781 895 1987 952 Kalen-

330 991 437 1046 das
466 989 736 1063 Augusti.

399 1079 557 1134 Visis
586 1079 784 1151 itaque
814 1084 870 1134 et
899 1077 1118 1133 auditis
1160 1077 1512 1133 reverendus
1560 1075 1816 1147 pontifex
1863 1080 1985 1130 tam

328 1169 549 1225 sanctis
581 1185 759 1240 quam
792 1167 965 1222 laude
1011 1172 1069 1222 et
1117 1166 1504 1222 admiratione
1552 1164 1746 1237 dignis
1778 1164 1985 1219 divina:

326 1256 560 1312 virtutis
596 1254 917 1324 miraculis,
952 1272 1079 1327 qua:
1125 1254 1235 1311 sub
1288 1253 1447 1309 brevi
1497 1272 1616 1310 suae
1666 1253 1985 1326 praesentiae

325 1350 587 1418 tempore
615 1345 798 1416 hujus
828 1344 983 1400 beati
1026 1344 1453 1399 exhibebantur
1501 1342 1725 1398 meritis
1767 1359 1833 1398 ac
1881 1360 1984 1398 no-

326 1435 505 1503 mine,
532 1452 648 1490 non
678 1434 813 1489 tulit
841 1433 1064 1489 diutius
1096 1451 1222 1505 quae
1253 1433 1425 1505 longe
1456 1438 1590 1488 ante
1623 1431 1766 1487 satis
1788 1431 1984 1486 animo

325 1528 691 1595 conceperat,
718 1523 817 1577 sed
854 1527 1080 1577 malure
1111 1539 1258 1593 opus
1292 1522 1441 1576 facto
1474 1521 1877 1593 disposuit,ne
1908 1517 1983 1573 al-

324 1613 508 1669 terius
544 1618 699 1668 esset
748 1611 941 1684 operis
990 1612 1147 1683 quod
1202 1615 1325 1666 erat
1370 1627 1488 1665 sua:
1537 1608 1898 1676 intentionis,
1928 1610 1987 1662 et

323 1703 460 1758 inde
489 1701 603 1758 sibi
633 1701 683 1757 si
717 1700 1037 1773 negligeret
1069 1698 1261 1755 meriti
1313 1698 1478 1754 ﬁeret
1521 1698 1942 1754 detrimentum
1968 1713 1983 1764 ;

322 1792 480 1847 unde
509 1789 656 1846 alter
683 1789 786 1861 qui
816 1788 877 1844 id
928 1786 1180 1843 ﬁdeliter
1227 1787 1501 1854 efﬁceret,
1535 1803 1812 1844 coronam
1852 1800 1985 1858 por-

2096 630 2205 687 lias
2254 631 2607 686 irruentium
2658 635 2716 685 et
2766 630 3076 685 adversum
3123 646 3185 684 se
3244 628 3769 701 depugnantiuml

2096 720 2294 777 hostili
2328 719 2485 775 rabie
2515 719 2819 775 exundans
2866 717 3090 775 exstitit
3137 717 3321 791 impia
3369 722 3428 773 et
3470 726 3768 791 perquam

2096 809 2301 881 iniqua
2331 807 2551 864 saevitia
2572 807 2587 861 l

2165 898 2392 954 Accidit
2412 897 2550 953 huic
2589 897 2741 953 bono
2765 898 2853 968 (/2,
2888 896 3065 963 malo)
3100 895 3492 970 quorumdam
3523 898 3769 951 nostro-

2097 1004 2229 1043 rum
2261 985 2576 1043 laudabilis
2606 985 3095 1058 (f.,illaudabilis)
3124 986 3246 1041 vita
3266 985 3765 1058 pontiﬁcum,qu

2096 1078 2145 1132 si
2179 1079 2325 1132 forte
2351 1075 2653 1149 quidpiam
2684 1080 3005 1147 supererat,
3020 1080 3086 1131 ut
3105 1075 3217 1131 sibi
3242 1074 3566 1129 ﬁdissimos
3587 1090 3765 1145 para-

2096 1172 2243 1234 rent,
2278 1183 2530 1238 quorum
2553 1166 2919 1237 impudentia
2941 1169 2997 1221 et
3019 1164 3224 1220 fraude
3264 1163 3379 1219 tuti
3407 1168 3626 1219 essent.
3662 1162 3770 1217 Pa-

2095 1256 2294 1312 latinis
2311 1256 2556 1311 canibus
2577 1254 2777 1311 omnia
2792 1255 3238 1310 contradcbant.
3254 1254 3369 1309 Nec
3392 1267 3765 1325 quemquam

2094 1345 2182 1399 fas
2212 1348 2301 1400 est
2328 1343 2651 1411 nominare,
2686 1359 2819 1398 cum
2852 1342 3026 1414 culpa
3056 1359 3125 1397 ex
3152 1341 3330 1397 dubio
3355 1339 3627 1397 videatur
3662 1355 3766 1395 ve-

2097 1436 2314 1502 nirc,et
2347 1434 2565 1489 factum
2596 1433 2706 1488 hoc
2738 1433 2928 1505 magis
2951 1430 3279 1504 expostulat
3306 1429 3767 1501 veniam,quam

2096 1523 2352 1593 aliquam
2388 1523 2758 1594 repromittat
2790 1520 3141 1594 gratiam,et
3176 1518 3387 1575 melius
3420 1536 3523 1591 pro
3558 1517 3769 1573 multi-

2096 1611 2300 1667 tudine
2334 1612 2708 1668 factiosorum
2742 1613 3021 1677 taceatur,
3056 1625 3237 1682 quam
3264 1605 3591 1680 corrigendi
3621 1622 3768 1679 spes

2095 1700 2216 1757 nlla
2247 1702 2517 1757 donetur.
2543 1703 2907 1773 Quapropter
2950 1699 3073 1756 haec
3115 1698 3298 1755 missa
3339 1697 3651 1766 faciamus,
3683 1696 3765 1754 ad

2096 1806 2219 1846 rem
2253 1791 2589 1846 redeamus.

321 1884 474 1937 taret
493 1884 549 1937 et
569 1879 899 1952 praemium.
918 1876 1086 1934 Unde
1107 1876 1264 1933 intra
1287 1877 1503 1933 mentis
1528 1893 1646 1933 suae
1669 1879 1981 1945 secretum,
2010 1919 2062 1987 Β
2168 1880 2455 1935 Locorum
2487 1879 2557 1936 de
2589 1878 2808 1950 quibus
2839 1876 3094 1952 agimus,
3120 1876 3421 1933 Mosomus
3451 1879 3542 1931 est
3574 1888 3764 1943 unus,

329 1974 338 1987 ι
440 1986 447 1987 ,
522 1986 531 1987 κ
566 1986 595 1987 η
641 1968 671 1987 9,
704 1972 782 1987 ad-
818 1966 1114 1987 _,,--__I-__.‘
1148 1964 1506 1987 _‘x_li-_2_.-
1540 1963 1979 1987 --_1-__...‘I__.1-
2104 1986 2113 1987 κ
2168 1986 2173 1987 ,
2216 1972 2277 1987 _1,
2342 1967 2439 1987 “-2
2481 1968 2624 1987 -,-_,!I
2669 1967 2705 1987 9,
2734 1966 2877 1987 Il,,!
2970 1966 3099 1987 ,ις-Α
3139 1965 3390 1987 2..-ξ....3-
3426 1964 3664 1987 ..ρ-Ξ..-
3702 1969 3759 1987 -Δ

325 1974 607 2041 tanquam
638 1968 793 2024 intra
814 1966 1121 2040 speculum
1145 1964 1511 2037 amplissime
1533 1963 1984 2037 contemplando

325 2057 601 2125 collectis,
622 2074 750 2129 qua:
777 2055 1063 2126 sint,qua:
1095 2054 1332 2122 fuerint,
1351 2071 1481 2125 qua:
1511 2058 1645 2126 post
1665 2054 1864 2108 futura
1895 2070 1983 2108 se-

325 2150 585 2219 quantur
614 2146 703 2217 (ex
734 2143 1028 2217 preteritis
1059 2143 1216 2199 enim
1266 2159 1524 2214 persaepe
1566 2146 1812 2197 ventura
1855 2158 1987 2198 eon-

317 2234 626 2307 jiciuntur)
657 2233 947 2306 quosdam
1004 2248 1310 2303 procerum
1365 2248 1630 2291 suorum,
1670 2236 1792 2286 tam
1848 2229 1984 2285 cleri

324 2341 505 2396 quam
537 2322 758 2378 militia:
791 2340 910 2391 suae
941 2319 1167 2377 nobiles
1199 2320 1258 2375 in
1289 2320 1562 2391 praesenti
1586 2320 1984 2375 sibicocssen-

326 2419 415 2470 tes
447 2414 708 2481 advocat,
744 2416 802 2467 et
832 2409 974 2483 quid
1006 2409 1123 2466 voti
1157 2414 1354 2465 mente
1403 2409 1628 2465 diutius
1677 2407 1983 2464 collectum

326 2506 656 2575 supportet,
681 2498 1051 2572 expostulata
1076 2498 1167 2555 sui
1194 2497 1385 2571 gratia
1412 2497 1661 2565 consilii,
1688 2514 1761 2553 an
1782 2514 1986 2570 appro-

324 2592 466 2647 bent
497 2606 600 2645 seu
648 2589 839 2661 magis
888 2587 1221 2660 improbent
1267 2587 1471 2642 audire
1520 2590 1579 2641 et
1616 2587 1828 2642 referre
1858 2603 1983 2642 mo-

324 2684 444 2747 net,
478 2679 680 2735 dicens
713 2695 727 2733 :
763 2679 886 2744 Quo
909 2676 1154 2732 consilio
1204 2680 1261 2731 et
1309 2674 1600 2732 sententia
1621 2675 1982 2746 judiciorum

323 2769 426 2826 Dei
459 2769 530 2824 ad
555 2768 707 2823 hanc
739 2764 1052 2838 pastoralis
1084 2782 1235 2821 cura:
1268 2764 1630 2837 pervenerim
1660 2769 1717 2819 et
1756 2763 1985 2820 ordina-

324 2862 421 2914 tus
448 2856 562 2913 sim
594 2854 1116 2928 dispensationem,
1141 2853 1377 2927 penitus
1405 2853 1639 2924 ignoro;
1671 2854 1771 2909 sed
1826 2854 1981 2925 quod

324 2963 557 3018 semper
595 2944 801 3001 timere
830 2944 1013 3001 debeo
1042 2948 1329 3016 tanquam
1362 2943 1652 2999 irruentes
1682 2959 1859 3015 super
1889 2959 1984 2999 me

326 3036 561 3104 ﬂuetus,
591 3035 676 3091 sic
707 3051 858 3090 onus
886 3033 1045 3088 istud
1078 3034 1308 3104 quoties
1346 3049 1546 3104 penso,
1580 3033 1752 3088 toties
1801 3033 1980 3087 refor-

326 3124 507 3181 mido.
559 3121 952 3179 Consideratis
998 3139 1253 3193 namque
1296 3121 1476 3192 hujus
1524 3119 1803 3193 episeopii
1858 3120 1983 3193 qui-

2094 1972 2309 2024 sanetze
2342 1967 2441 2023 Dei
2473 1967 2718 2040 genitris
2734 1966 2929 2024 Mariae
2965 1966 3105 2024 olim
3139 1965 3391 2039 insignis
3426 1964 3668 2021 nomine
3701 1969 3765 2020 et

2094 2055 2333 2111 honore.
2367 2055 2471 2110 Hic
2520 2055 2683 2111 Mosa
2730 2055 3013 2111 inﬂuente
3063 2052 3524 2122 ammnissimus,
3555 2064 3766 2109 mona-

2094 2144 2339 2199 chorum
2371 2142 2720 2198 babitationi
2747 2141 2892 2198 mihi
2918 2141 3150 2198 videtur
3175 2137 3762 2213 opportunissimus.

2093 2232 2305 2289 Omnia
2352 2249 2605 2305 namque
2653 2232 2923 2287 humanae
2970 2231 3101 2286 vita:
3140 2228 3409 2303 jucunda
3449 2245 3553 2302 pro
3598 2227 3762 2284 aeris

2095 2322 2375 2394 qualitate
2423 2328 2662 2396 praestat
2715 2327 2773 2378 et
2831 2321 3175 2389 commoda;
3211 2324 3422 2393 praeter
3466 2317 3625 2390 quod
3666 2316 3763 2371 vi-

2094 2430 2339 2470 nearum
2396 2413 2478 2468 ibi
2527 2416 2844 2484 proventus
2901 2412 3046 2467 adeo
3108 2427 3223 2466 non
3285 2408 3581 2465 exuberat.
3636 2406 3763 2462 Nec

2093 2503 2249 2558 enim
2282 2501 2752 2559 inhabitantibus
2782 2501 2842 2557 id
2873 2500 2988 2556 fuit
3017 2496 3256 2572 negotii,
3292 2513 3398 2553 nec
3429 2513 3497 2552 ea
3528 2490 3762 2551 sollici-

2090 2592 2256 2661 tudo,
2291 2591 2615 2664 praesertim
2641 2604 2777 2646 cum
2810 2594 3023 2646 natura
3052 2589 3131 2645 sit
3175 2587 3500 2654 vinearum,
3532 2589 3762 2657 tempe-

2094 2682 2203 2739 rati
2236 2683 2425 2754 magis
2446 2686 2504 2738 et
2535 2698 2650 2738 non
2682 2679 2878 2753 frigidi
2911 2677 3151 2751 cespitis
3192 2693 3391 2733 amare
3435 2675 3644 2732 solum.
3690 2672 3759 2731 In

2093 2787 2208 2843 quo
2240 2776 2436 2826 tamen
2476 2769 2623 2826 mihi
2671 2768 2919 2825 minima
2966 2784 3136 2836 cura;
3166 2764 3447 2838 quoniam
3496 2763 3548 2820 si
3594 2763 3758 2819 Deus

2090 2866 2293 2917 votum
2310 2876 2509 2915 meum
2526 2862 2913 2931 prosperaret,
2931 2856 3114 2913 habeo
3135 2872 3204 2911 ex
3226 2853 3578 2928 patrimonio
3596 2868 3754 2920 meo,

2092 2954 2150 3005 et
2179 2966 2249 3004 ex
2280 2948 2425 3003 mihi
2446 2946 2808 3020 contingenti
2841 2949 3281 3000 antecessorum
3311 2958 3575 2998 meorum
3613 2940 3758 3012 jure

2093 3036 2310 3103 debito,
2344 3035 2499 3090 unde
2529 3034 2679 3090 hanc
2711 3033 2824 3089 sibi
2858 3032 3168 3106 penuriam
3221 3028 3527 3104 pellerem,
3551 3033 3610 3084 et
3653 3038 3755 3102 op-

2091 3124 2219 3181 timi
2250 3124 2370 3179 vini
2402 3140 2537 3178 cum
2566 3122 2792 3178 caeteris
2824 3121 3161 3176 reddituum
3194 3134 3436 3174 suorum
3481 3116 3757 3171 benedic-

327 3214 579 3269 bnsdam
608 3210 1040 3283 antiquissimis
1071 3209 1234 3277 locis,
1253 3208 1393 3264 olim
1414 3209 1555 3264 dum
1578 3209 1983 3265 misericordia
2089 3214 2351 3270 tionibus
2381 3229 2548 3268 veros
2600 3211 2872 3267 dominos
2921 3212 2978 3264 et
3014 3208 3236 3264 divites
3277 3222 3669 3280 possessores,
3704 3205 3757 3261 si

325 3308 385 3360 et
405 3302 624 3358 veritas
648 3300 951 3356 obviarent
980 3298 1114 3368 sibi,
1140 3299 1283 3354 dum
1316 3315 1377 3355 se
1399 3299 1636 3369 justitia
1665 3303 1723 3355 et
1750 3316 1862 3371 pax
1891 3316 1985 3357 os-
2014 3290 2058 3358 C
2097 3319 2411 3377 procurare
2429 3301 2488 3358 id
2515 3300 2724 3367 sciant,
2757 3317 2855 3356 eos
2881 3299 3195 3354 efﬁcerem.

327 3390 535 3448 culatae
568 3390 706 3457 sint,
741 3391 883 3445 dum
912 3389 1127 3444 veritas
1158 3389 1229 3444 de
1260 3394 1415 3444 terra
1444 3388 1713 3457 oriretur,
1737 3394 1794 3445 et
1815 3390 1991 3461 jnsti-

328 3482 412 3536 tia
440 3481 511 3535 de
552 3479 694 3535 coelo
730 3481 1089 3551 prospiceret
1113 3479 1284 3547 (Psal.
1311 3496 1534 3546 LXXXIV,
1557 3480 1644 3544 11,
1672 3478 1760 3551 12)
1784 3495 1797 3533 :
1825 3479 1988 3550 olim,

330 3570 597 3641 inquam,
630 3568 741 3625 sub
765 3567 1042 3639 religione
1082 3567 1366 3635 fundatis,
1400 3572 1526 3622 tum
1561 3568 1799 3640 quidem
1823 3585 1987 3640 pros-

308 3659 672 3739 _perantibus
704 3662 761 3714 et
792 3656 942 3713 felici
974 3658 1211 3712 fortuna
1258 3673 1386 3712 sese
1428 3657 1759 3730 agentibus,
1788 3657 1987 3713 Domi-

329 3765 444 3804 nus
500 3748 679 3802 dabat
734 3744 1180 3817 benignitatem,
1229 3748 1287 3800 et
1344 3748 1499 3801 terra
1558 3750 1758 3802 nostra
1814 3746 1991 3804 dabat

329 3837 588 3891 fructum
621 3850 799 3890 suum
831 3833 1017 3905 (Ibid,
1038 3834 1123 3905 13)
1159 3851 1171 3890 :
1201 3833 1374 3891 modo
1404 3839 1601 3891 autem
1633 3852 1877 3908 prorsus
1896 3853 1991 3894 ne-

329 3925 554 4000 glectis,
571 3923 870 3996 aliquibus
902 3922 1088 3979 solam
1108 3923 1365 3980 nominis
1394 3924 1610 3980 famam
1632 3926 1992 3998 praetenden-

329 4015 513 4083 tibus,
540 4011 836 4084 aliquibus
866 4010 949 4068 sic
979 4012 1051 4067 ad
1103 4012 1295 4068 solum
1346 4011 1558 4069 dirutis
1601 4018 1667 4069 ut
1695 4030 1799 4069 nec
1830 4015 1989 4070 fama

331 4101 591 4174 supersit
620 4099 896 4167 nominis,
913 4099 1269 4172 quibusdam
1292 4101 1436 4156 dum
1458 4101 1756 4157 emendari
1779 4102 1989 4159 debue-

333 4197 474 4248 runt
501 4190 563 4246 in
594 4189 827 4259 melius,
847 4190 919 4246 ad
952 4188 1277 4246 dexteriora
1307 4190 1628 4262 perventis;
1653 4206 1858 4247 eorum
1890 4191 1990 4248 ali-

334 4296 509 4354 quem
541 4281 712 4352 cujus
740 4277 957 4352 incepti
980 4278 1226 4335 artiﬁcio
1264 4280 1577 4335 reformare
1608 4278 1771 4351 prius
1802 4283 1987 4337 atten-

332 4374 472 4437 tem,
489 4368 686 4424 multae
712 4366 1113 4440 ambiguitatis
1137 4366 1442 4438 naufragio
1465 4367 1758 4439 pendulus
1777 4369 1984 4439 hmreo,

333 4464 390 4515 et
419 4458 616 4515 dubiis
648 4457 1011 4515 anfractibus
1032 4456 1468 4525 intricatum,et
1483 4455 1578 4512 vix
1611 4473 1673 4513 se
1694 4458 1986 4531 explican-

333 4552 452 4606 tem
482 4549 749 4606 animum
781 4564 939 4619 gero.

2172 3393 2323 3449 Olim
2369 3391 2533 3448 locus
2578 3390 2676 3446 ille
2723 3388 3111 3446 Mosomensis
3155 3388 3216 3443 in
3261 3387 3479 3442 honore
3519 3384 3760 3458 Regina:

2101 3482 2227 3538 coeli
2257 3487 2316 3537 et
2344 3479 2587 3553 virginis
2637 3479 2843 3534 matris
2894 3477 3090 3533 Mariae
3137 3493 3241 3549 pro
3284 3492 3420 3531 vera
3450 3475 3667 3548 pietate
3699 3479 3761 3531 et

2098 3576 2229 3628 voto
2247 3570 2531 3637 ﬁdelium,
2547 3569 2657 3625 sub
2675 3568 2877 3624 ordine
2898 3566 3008 3623 fuit
3031 3565 3418 3639 praetitulatus
3440 3564 3760 3621 sanctimo-

2099 3659 2367 3729 nialium,
2383 3659 2483 3715 scd
2511 3658 2747 3714 turbine
2769 3657 3041 3712 saeviente
3063 3655 3375 3723 malorum,
3390 3671 3641 3727 quorum
3665 3671 3762 3713 su-

2098 3767 2204 3823 pra
2231 3749 2327 3805 vix
2355 3747 2696 3821 attingendo
2727 3744 3273 3813 meminimus,eam
3301 3744 3539 3800 nomine
3561 3742 3759 3815 perdi-

2098 3839 2312 3894 derunt
2330 3841 2390 3893 et
2410 3852 2557 3891 esse.
2576 3834 2774 3908 Nuper
2806 3837 3003 3890 autem
3034 3832 3217 3888 beata:
3247 3830 3543 3888 memoriae
3564 3832 3633 3887 D.
3654 3831 3760 3888 He-

2096 3926 2315 3994 riveus,
2348 3924 2527 3996 hujus
2577 3922 2734 3978 sedis
2781 3925 2984 3995 pastor
3029 3923 3091 3976 et
3127 3924 3317 3977 rector
3346 3917 3757 3988 ﬁdelissimus,

2098 4031 2312 4087 magno
2344 4012 2645 4084 religionis
2676 4010 2887 4067 affectu
2917 4009 3077 4065 hunc
3106 4007 3361 4081 diligens
3390 4006 3611 4073 locum,
3644 4006 3758 4063 sub

2098 4103 2267 4160 titulo
2290 4104 2416 4175 jam
2448 4101 2570 4157 vice
2602 4099 2784 4155 altera
2813 4097 3177 4171 dilapsorum
3209 4095 3466 4154 restituit
3512 4098 3572 4153 et
3599 4095 3757 4152 ordi-

2098 4193 2255 4251 navit
2285 4189 2723 4249 canonicorum.

2171 4282 2476 4339 Inveniens
2507 4294 2763 4351 namque
2794 4277 3072 4334 omnibus
3102 4276 3279 4332 rebus
3307 4278 3365 4332 et
3406 4274 3538 4347 ipsa
3579 4274 3760 4330 etiam

2097 4369 2975 4439 inbabitationedestitutam,ex
2988 4367 3370 4423 fundamento
3384 4361 3766 4422 reaediﬁcavit

2099 4461 2429 4530 ecclesiam,
2464 4476 2592 4532 qua:
2643 4457 2901 4513 ﬁammis
2946 4473 3082 4514 eum
3129 4453 3510 4511 exurentibus
3556 4459 3614 4509 et
3644 4454 3762 4508 im—

2100 4550 2316 4625 pluvio,
2334 4547 2637 4620 multaque
2658 4547 2815 4619 longi
2842 4545 3122 4619 temporis
3152 4541 3507 4617 negligentia
3530 4540 3762 4598 detritis

408 4640 520 4696 Res
553 4641 711 4695 enim
742 4637 1005 4694 locorum
1038 4635 1273 4691 illorum
1306 4651 1688 4709 quaecumque
1720 4638 1777 4693 in
1810 4640 1991 4696 mobi-
2021 4668 2068 4733 D
2101 4639 2442 4713 parietibus,
2474 4636 2853 4694 solitudinem
2887 4639 3117 4692 tantum
3157 4632 3510 4690 horrendam
3544 4647 3765 4703 reprae-

332 4726 493 4783 libus
524 4728 782 4792 fuerunt,
806 4724 892 4780 vel
924 4740 1052 4779 esse
1075 4728 1408 4796 potuerunt,
1427 4742 1568 4782 auro
1598 4725 1862 4784 videlicet
1896 4748 1986 4785 ar-

336 4820 627 4888 pentoque
650 4831 752 4870 seu
784 4812 1101 4884 cujuslibet
1130 4814 1458 4869 ornamenti
1488 4816 1860 4872 substantiali
1888 4836 1988 4875 su-

332 4902 641 4976 pellectile,
677 4906 878 4973 utpote
910 4904 1165 4970 vastatzc,
1190 4902 1770 4974 direptae,vetustatis
1812 4908 1988 4964 etiam

336 4991 500 5048 senio
532 4991 790 5062 dilapsa),
816 4992 944 5062 jatn
979 4989 1149 5045 nullae
1181 4996 1339 5047 sunt.
1371 4991 1553 5061 Villa),
1585 4995 1719 5061 vici,
1741 4996 1989 5067 ancillae,

338 5081 509 5149 servi,
544 5081 823 5148 ecclesiae,
873 5079 1212 5149 molendini,
1256 5086 1313 5139 et
1369 5084 1633 5139 omnium
1692 5085 1987 5143 habenda-

339 5186 473 5226 rum
504 5170 906 5240 possessiones
934 5187 1150 5240 rerum,
1183 5188 1216 5226 a
1246 5171 1582 5242 potentibus
1612 5179 1669 5230 et
1702 5177 1988 5248 tyrannis,

339 5258 619 5331 regnique
652 5259 1037 5330 optimatibus
1066 5278 1341 5333 pervasm,
1377 5262 1623 5332 donatae,
1661 5266 1989 5322 conﬁscatis

338 5350 452 5405 sub
476 5349 773 5405 beneﬁciis
795 5348 1090 5421 delegata},
1107 5352 1340 5423 quando
1358 5357 1698 5409 sanctorum
1720 5352 1864 5410 locis
1886 5372 1990 5410 nec

339 5456 444 5512 pro
476 5438 849 5509 antiquitatis
870 5456 989 5495 suae
1021 5440 1214 5496 debito
1238 5442 1393 5513 jure,
1429 5458 1534 5497 nec
1566 5460 1669 5514 pro
1701 5443 1989 5513 quibusli-

338 5529 435 5585 bet
448 5525 767 5600 privilegiis
786 5529 1157 5585 testiﬁcantib
1166 5547 1234 5585 us
1247 5529 1547 5585 habebunt
1560 5530 1746 5586 redire
1757 5532 1785 5586 ?
1806 5532 1993 5589 Tanta

338 5617 580 5672 fuerunt
621 5616 772 5672 male
805 5618 994 5689 pacati
1041 5617 1365 5676 infortunia
1394 5618 1578 5690 regni,
1592 5623 1758 5674 tanta
1786 5637 1991 5691 regum

336 5720 648 5788 procerum
679 5706 993 5782 discordia,
1022 5710 1190 5768 tanta
1217 5704 1417 5782 populi
1474 5709 1728 5785 peccatis
1776 5709 1991 5772 facian~

2100 4730 2372 4786 sentabat
2395 4724 2840 4798 aspicientibus.
2876 4726 3010 4790 Quae
3044 4724 3355 4779 reformata
3373 4724 3433 4777 et
3454 4719 3513 4775 in
3537 4724 3764 4776 statum

2099 4819 2418 4892 pristinum
2475 4814 2800 4871 recollectis
2861 4811 3282 4885 praebendariis
3336 4813 3637 4876 exornata,
3687 4808 3765 4863 ab

2100 4909 2266 4963 initio
2297 4905 2579 4962 nimirum
2612 4903 2704 4960 sui
2752 4920 2856 4977 pro
2904 4903 3192 4975 dignitate
3217 4898 3347 4968 loci,
3380 4903 3438 4955 et
3478 4914 3767 4971 generosa

2098 4994 2491 5070 populositate
2540 4992 2777 5049 civium.
2830 4990 3102 5049 Secunda
3131 4990 3301 5045 sedes
3332 4988 3426 5043 hic
3476 4988 3768 5059 agebatur

2098 5084 2480 5143 Remensium
2506 5101 2520 5153 ;
2553 5082 2733 5153 hujus
2754 5080 2912 5136 tituli
2939 5079 3164 5136 scilicet
3191 5076 3483 5135 canonicis
3515 5092 3633 5132 non
3666 5075 3766 5129 dia-

2100 5192 2230 5232 cam
2260 5174 2410 5242 vitae,
2445 5173 2547 5229 sed
2597 5170 2858 5227 simulati
2907 5169 3325 5226 canonicorum
3364 5164 3624 5222 nominis
3676 5167 3768 5219 ut-

2100 5281 2335 5335 cunque
2381 5268 2644 5318 tenorem
2697 5264 2889 5316 servat
2939 5259 3272 5331 antiquum.
3306 5256 3421 5313 Sed
3464 5269 3606 5311 eum
3637 5252 3766 5309 haec

2100 5371 2303 5410 eorum
2331 5352 2453 5408 vita
2490 5349 2635 5406 nihil
2668 5367 2702 5405 a
2731 5349 3017 5405 laicorum
3050 5348 3282 5404 differat
3328 5340 3767 5401 cohabitatione

2101 5443 2349 5516 (nuptiis
2377 5442 2593 5513 quippe
2623 5440 2922 5507 fruuntur,
2954 5437 3213 5494 ﬁliorum
3235 5439 3295 5493 et
3324 5434 3580 5491 ﬁliarum
3613 5446 3770 5503 quae-

2102 5531 2320 5590 stuosis
2351 5529 2748 5586 mercimoniis
2782 5528 3183 5596 inservientes,
3198 5526 3410 5583 usibus
3440 5521 3637 5579 saeculi
3662 5538 3767 5577 co-

2102 5619 2567 5689 utuntur),valde
2580 5618 2946 5674 stimulando
2959 5617 3238 5674 sollicitat
3252 5614 3523 5673 animum
3538 5622 3765 5678 meum,

2103 5729 2175 5775 ne
2205 5708 2431 5776 diutius
2459 5707 2511 5767 si
2536 5706 2870 5783 corrigendi
2915 5707 2993 5767 sit
3040 5702 3573 5788 posse,reverontia
3610 5696 3771 5759 tanti
