3912 6358
329 343 445 405 523

1360 338 1907 402 ADALBERONIS
1951 334 2319 399 ARGHIEP.
2370 337 2713 401 REMENS.

3642 336 3765 399 524

330 474 591 531 tentione
624 471 735 541 sui,
767 470 999 527 videtur
1027 472 1196 528 nobis
1240 472 1471 543 prodire
1521 488 1587 525 ex
1640 470 1815 525 insito
1868 467 1980 524 sibi
2010 468 2068 536 Α
2099 469 2379 541 ampliare
2411 475 2605 525 autem
2643 470 2740 524 illa
2770 474 2981 542 potest,
3015 470 3187 541 cujus
3220 469 3420 526 omnia
3448 474 3612 526 sunt.

330 564 540 621 timore
570 565 627 618 et
657 576 853 616 amore
885 559 1016 628 Dei;
1052 562 1205 615 unde
1239 577 1346 615 nos
1388 578 1493 615 nec
1541 561 1704 631 juste
1748 558 1985 630 quimus

331 652 633 717 obsistere,
665 666 771 704 nec
800 666 866 704 ea
899 666 1025 720 qua:
1077 649 1147 703 ad
1181 648 1404 703 cultum
1439 648 1646 702 divince
1688 646 1987 703 servitutis

331 740 620 813 pertinere
644 738 1248 804 scntimus,debemus
1267 756 1413 791 ausu
1437 736 1742 791 temerario
1766 753 1987 808 perver-

328 827 539 885 tere.Si
571 826 981 883 diminutionis
1012 827 1295 881 damnum
1328 825 1701 898 plangitis,ea
1733 843 1858 896 quzr
1884 843 1984 879 no-

331 916 423 973 bis
455 916 515 972 in
548 915 1428 989 recompensationeconcambii
1449 917 1518 969 ad
1554 933 1809 987 pra-scus
1830 919 1985 968 tran-

332 1005 559 1073 scribit,
590 1024 705 1062 non
736 1005 881 1062 satis
914 1005 1150 1077 provide
1182 1004 1487 1060 attenditis
1522 1021 1534 1058 :
1570 1005 1626 1059 Si
1672 1009 1867 1059 autem
1903 1004 1985 1058 fa-

329 1113 497 1153 vores
549 1113 617 1151 ex
657 1096 883 1166 judicio
934 1094 1133 1167 populi
1185 1094 1511 1162 assumitis,
1545 1095 1864 1149 cavendum
1917 1110 1985 1147 ne

332 1185 558 1241 arundo
589 1188 755 1241 vento
788 1184 1005 1255 agitata
1025 1184 1229 1251 (Matth.
1265 1184 1412 1253 .\'I,7)
1436 1201 1564 1235 esse,
1597 1182 1987 1247 velitis.Quod

332 1279 525 1330 autem
548 1279 745 1329 votum
782 1272 1046 1326 mulieris
1070 1288 1305 1325 manere
1339 1272 1547 1326 debere
1566 1270 1987 1337 assci'itis,nia-

324 1364 441 1436 jori
474 1364 646 1418 credo
680 1362 1084 1415 misericordia
1125 1361 1305 1415 stabit
1356 1360 1670 1415 subnixum
1724 1361 1876 1431 quod
1928 1360 1985 1412 in

336 1469 484 1509 usus
514 1454 679 1507 cedet
711 1467 1036 1523 pauperum
1070 1455 1125 1505 et
1157 1468 1496 1521 egenorum,
1522 1449 1673 1504 sicut
1702 1448 1987 1520 seriptum

337 1546 429 1599 est
457 1558 469 1597 :
502 1541 790 1613 Dispersit,
824 1540 972 1595 dedit
998 1540 1331 1612 pauperibus
1363 1557 1380 1592 :
1411 1541 1631 1610 justitia
1661 1539 1777 1610 ejus
1807 1545 1991 1593 manet

332 1634 396 1687 in
424 1633 685 1688 swculum
712 1632 905 1687 sa’euli
933 1630 1105 1699 (Psal.
1141 1647 1263 1695 CXL,
1296 1633 1371 1697 8).
1398 1629 1541 1683 Cum
1577 1645 1711 1700 ergo
1735 1629 1989 1683 abunde-

333 1736 468 1777 mus
497 1724 554 1776 et
582 1719 1153 1792 superabundemus,
1187 1718 1509 1773 cavendum
1561 1718 1730 1772 nobis
1771 1721 1879 1784 est,
1915 1734 1987 1772 ne

333 1810 444 1866 sub
472 1808 663 1882 specie
695 1808 929 1881 pietatis
951 1812 1007 1862 et
1038 1807 1598 1878 quasidcl'endenda)
1618 1805 1986 1862 rectitudinis
2015 1840 2063 1906 B

332 1914 652 1972 arguamur
682 1896 1206 1963 sceleris,avaritire
1239 1902 1294 1952 ct
1324 1896 1823 1969 cupiditatisldeo
1846 1912 1985 1968 rogo

330 1987 783 2057 vos,fratres,ut
815 1985 1033 2042 saniori
1064 1984 1305 2041 consilio
1338 1990 1563 2041 mentes
1592 1989 1792 2039 vestrm
1825 1985 1986 2039 incli-

333 2081 548 2133 nentur
578 2080 634 2132 et
663 2076 1060 2148 acquiescant,
1097 2080 1163 2129 ut
1185 2076 1355 2145 juxta
1376 2074 1718 2147 Apostolum
1749 2091 1762 2129 :
1790 2076 1986 2129 Omnia

333 2172 510 2222 vestra
543 2168 601 2220 in
633 2165 899 2221 charitate
930 2167 1067 2236 ﬁant
1097 2166 1146 2234 (Ι
1174 2166 1292 2221 Cor.
1326 2182 1449 2233 xm,
1484 2165 1589 2236 14).

406 2254 508 2310 His
540 2258 596 2310 et
624 2253 967 2325 hujusmodi
1000 2253 1205 2310 multis
1239 2258 1411 2325 atque
1455 2254 1861 2310 saluberrimis
1899 2253 1985 2309 al-

332 2343 732 2402 locutionibus
761 2342 943 2398 fracta
974 2342 1305 2398 ctemollita
1336 2343 1499 2416 prius
1517 2344 1984 2414 exasperantium

335 2432 705 2489 cervicositas
738 2432 796 2486 in
829 2433 1077 2504 gratiam
1112 2432 1467 2488 assentiendi
1504 2432 1745 2503 redit,et
1780 2433 1987 2488 annuit

336 2537 702 2594 quiscunque
740 2520 815 2576 sit
844 2519 1101 2592 episcopi
1135 2524 1192 2574 et
1242 2520 1470 2575 abbatis
1514 2519 1804 2576 voluntas.
1840 2520 1986 2576 Hinc

336 2613 455 2667 itur
487 2612 557 2667 ad
591 2610 952 2683 episcopum,
988 2627 1115 2681 qua:
1166 2611 1411 2665 fratrum
1463 2609 1637 2664 fuerit
1685 2609 1985 2666 obauditio

335 2701 681 2773 exponitur;
717 2698 850 2755 licet
881 2699 1138 2771 primum
1173 2701 1340 2754 reniti
1376 2703 1429 2756 et
1472 2700 1753 2756 obsistere
1782 2700 1986 2756 volue-

336 2790 475 2856 rint,
506 2793 701 2845 tamen
735 2788 955 2843 ratione
987 2788 1170 2843 victos
1202 2806 1369 2844 suam
1400 2790 1691 2844 reﬂexisse
1721 2789 1989 2845 intentio-

335 2895 492 2947 nem,
525 2882 582 2933 et
615 2878 774 2933 bonre
805 2877 1124 2933 voluntatis
1154 2879 1281 2949 ejus
1314 2896 1425 2934 non
1461 2880 1759 2949 aspernari
1783 2868 1982 2950 opera-

335 2968 575 3024 tionem.
609 2967 932 3039 Episcopus
980 2967 1229 3039 benigne
1279 2970 1523 3040 accepit,
1578 2970 1797 3041 gratias
1848 2970 1984 3041 egit,

335 3056 739 3127 ordinatisque
770 3073 837 3110 ex
861 3056 1158 3110 communi
1185 3073 1473 3111 consensu
1498 3058 1807 3129 opportuni
1832 3059 1990 3113 tosti-

336 3143 520 3200 monii
536 3143 844 3216 optimisin
870 3145 1199 3199 attestando
1217 3145 1985 3218 viris,recompensationem

338 3249 533 3289 rerum
557 3250 684 3305 qua:
708 3249 775 3287 ex
795 3233 1063 3288 condicto
1086 3233 1423 3303 placuerunt
1453 3230 1555 3305 per
1582 3237 1988 3292 commutatio—
2018 3212 2059 3278 C

338 3338 473 3377 nem
506 3322 627 3377 dati
658 3326 714 3377 et
732 3321 949 3394 accepti
982 3323 1291 3394 episcopus
1314 3324 1530 3394 pariter
1560 3330 1615 3379 et
1637 3326 1992 3397 abbaslega-

338 3410 472 3467 liter
501 3411 746 3479 faciunt,
782 3415 838 3466 et
868 3415 933 3465 ut
964 3412 1174 3483 cuique
1208 3414 1361 3484 quod
1398 3413 1456 3467 in
1488 3415 1754 3484 prrescnti
1802 3416 1987 3489 assig-

339 3500 561 3556 nabant
591 3500 1045 3556 determinatam
1094 3506 1149 3556 et
1200 3500 1607 3557 ineonvulsum
1641 3511 1989 3576 perseveret,

338 3590 588 3647 vadibus
628 3589 750 3664 juri
804 3589 1145 3645 cedentibus
1196 3591 1306 3646 sub
1355 3592 1767 3664 astipulatione
1798 3598 1989 3651 ratum

340 3680 614 3737 traditur.

417 3771 554 3827 Post
583 3768 683 3825 ubi
716 3768 914 3825 omnia
945 3787 1070 3842 qua:
1120 3775 1539 3843 praeoptaverat
1583 3773 1893 3847 episcopus
1926 3792 1994 3831 ex

340 3857 635 3917 sententia
664 3858 1041 3931 comparavit,
1063 3858 1174 3914 iter
1204 3876 1337 3915 cum
1371 3879 1476 3917 suo
1507 3863 1787 3917 comitatu
1813 3865 1994 3921 Mace-

340 3947 459 4005 rias
487 3946 815 4016 castellum,
838 3949 994 4019 quod
1018 3954 1155 4004 tunc
1178 3950 1355 4005 frater
1375 3951 1501 4023 ejus
1521 3952 1866 4008 Godcfridus
1890 3971 1987 4009 c0—

338 4053 467 4094 mes
498 4035 912 4095 constabilibat
939 4037 1267 4109 arripuit,et
1290 4038 1455 4094 illum
1480 4040 1988 4113 Tingensiscmno-

338 4124 480 4182 bioli
528 4124 950 4198 pauperculam
1002 4114 1295 4195 abbatem,
1350 4128 1676 4184 Lietaldum
1728 4131 1985 4199 nomine,

338 4231 517 4288 quam
561 4214 860 4271 celerrime
901 4216 1161 4281 advocat,
1187 4221 1241 4271 et
1281 4217 1391 4271 sub
1414 4218 1663 4273 testibus
1686 4220 1989 4292 sanctique

338 4302 585 4378 Remigii
609 4305 1045 4377 prmposito,seu
1071 4305 1201 4361 aliis
1224 4307 1385 4361 bona:
1410 4306 1542 4362 fidei
1566 4308 1705 4363 viris
1730 4315 1991 4364 renarrat

337 4395 623 4468 quidquid
655 4399 938 4451 taxatum.
975 4396 1121 4460 Quid
1157 4396 1363 4451 deinde
1413 4414 1475 4451 se
1525 4397 1863 4453 obedienter
1912 4400 1991 4454 fa-

336 4500 464 4540 cere
482 4484 620 4541 velit
645 4485 915 4557 privatim
939 4486 1199 4549 mandat,
1218 4490 1273 4539 et
1295 4488 1359 4540 ut
1380 4502 1512 4540 eum
1537 4488 1660 4541 suis
1685 4487 1988 4542 monachis

2169 559 2430 623 Crastino
2463 564 2658 614 autem
2691 559 2862 627 facto,
2896 559 3041 616 hora
3070 560 3183 615 diei
3218 558 3385 632 quasi
3416 559 3762 633 prima,jam

2096 647 2406 719 episcopus
2439 649 2758 704 monachos
2772 664 2912 703 suos
2942 648 3001 703 in
3020 650 3286 721 proximo
3304 650 3511 705 adesse
3535 648 3765 704 sciebat

2097 739 2265 808 (puer
2293 736 2507 809 quippe
2540 738 2597 792 in
2632 736 2869 809 specula
2901 738 3215 809 positus,id
3250 755 3363 810 pra:
3379 736 3566 795 oculis
3591 738 3763 793 facile

2096 825 2676 893 habens,certissime
2710 826 3130 894 nuntiabat),in
3164 827 3477 883 secretario
3510 825 3760 883 clericos

2097 930 2299 969 omnes
2331 914 2646 970 coadunari
2681 915 2835 983 facit,
2871 919 2928 969 et.
2966 918 3249 988 praesente
3300 915 3432 971 forti
3482 915 3760 971 custodia

2097 1002 2786 1071 sui,circumsedentibus
2817 1005 3095 1060 omnibus
3118 1006 3203 1061 sic
3224 1022 3395 1060 orsus
3416 1005 3490 1059 ab
3509 1004 3628 1059 alto
3648 1008 3760 1058 est:

2097 1092 2281 1147 Multa
2298 1098 2385 1148 est
2404 1093 2581 1149 nimis
2613 1092 2836 1148 malitia
2870 1094 3062 1148 smculi
3097 1094 3276 1165 hujus
3309 1098 3364 1149 et
3392 1111 3525 1148 vere
3544 1095 3762 1147 natura

2097 1181 2401 1237 hominum
2436 1184 2507 1237 ab
2540 1182 2933 1237 adolescentia
2961 1201 3069 1238 sua
3109 1200 3343 1255 semper
3364 1183 3645 1255 proclivis
3673 1188 3763 1238 est

2094 1272 2152 1326 in
2186 1272 2570 1343 malum(Gen.
2606 1290 2683 1339 v1,
2716 1273 2770 1345 6)
2797 1290 2810 1339 ;
2836 1290 2961 1345 qua)
2997 1274 3066 1327 ad
3100 1272 3557 1328 similitudinem
3590 1273 3762 1327 navis

2096 1362 2296 1432 posita)
2332 1363 2385 1415 in
2416 1362 2607 1416 medio
2639 1363 2948 1425 ﬂuctuum,
2976 1362 3089 1417 nisi
3124 1362 3329 1417 sedulo
3364 1363 3419 1416 in
3455 1362 3763 1417 anteriora

2094 1456 2482 1523 expungatur,
2509 1451 2731 1523 jugiter
2753 1452 2912 1509 vadit
2943 1454 3478 1518 retrorsum.Quam
3509 1468 3635 1507 rem
3654 1468 3766 1507 cur

2096 1541 2497 1611 proposuerim
2523 1542 2725 1612 paucis
2759 1540 3277 1596 absolvam.Locus
3311 1542 3421 1596 iste
3453 1541 3565 1595 sub
3583 1540 3764 1597 titulo

2095 1629 2433 1701 assignatus
2464 1634 2677 1685 sancta:
2704 1629 2805 1685 Dei
2835 1629 3137 1701 genitricis
3172 1629 3388 1695 Maria),
3423 1630 3762 1686 secundum

2096 1717 2187 1773 sui
2220 1720 2477 1774 nominis
2509 1719 2855 1790 dignitatem
2889 1717 3188 1791 religionis
3222 1735 3339 1774 non
3370 1718 3547 1775 habet
3581 1717 3769 1776 hono-

2096 1823 2217 1863 rem
2230 1847 2241 1863 .

2168 1898 2303 1953 Post
2321 1897 2481 1953 illam
2503 1914 2756 1970 namque
2774 1898 3283 1969 miseriam,quam
3308 1912 3455 1969 pene
3477 1897 3763 1954 omnibus

2097 1989 2375 2060 importat
2405 1986 2600 2043 szeeuli
2636 1987 2881 2052 malitia,
2913 1987 3007 2041 vix
3054 1988 3354 2059 pertenuis
3397 1986 3665 2054 scientia,
3698 1993 3763 2043 et

2095 2096 2273 2151 prope
2305 2077 2466 2133 nulla
2496 2076 2783 2133 clericalis
2815 2094 2916 2132 seu
2951 2077 3214 2132 canonici
3234 2076 3457 2132 ordinis
3478 2077 3552 2131 ad
3574 2077 3767 2133 scien-

2096 2168 2237 2223 dum
2261 2172 2318 2223 et
2350 2166 2796 2239 intelligendum
2830 2166 3015 2222 Deum
3047 2183 3149 2221 vos
3198 2169 3438 2247 exornat
3468 2165 3767 2238 sapientia

2096 2261 2153 2313 et
2183 2256 2560 2311 continentia.
2590 2256 2704 2310 Nec
2738 2272 2934 2311 moras
2962 2254 3126 2311 vobis
3162 2255 3373 2310 faciam
3402 2254 3461 2309 in
3495 2253 3762 2310 multum

2096 2345 2416 2417 loquendo;
2438 2345 2689 2399 duorum
2718 2344 2882 2399 vobis
2910 2343 3285 2415 daturoptio;
3305 2342 3483 2416 eligat
3498 2343 3761 2415 quisque

2097 2436 2251 2507 quod
2287 2434 2397 2490 sibi
2432 2433 2638 2489 utilius
2667 2433 2917 2500 videtur,
2952 2436 3051 2488 aut
3083 2433 3203 2488 fieri
3242 2432 3623 2488 monachum.
3653 2438 3761 2487 aut

2096 2524 2353 2580 cedendo
2404 2540 2652 2579 vacuare
2695 2522 2912 2578 locum.
2946 2522 3050 2577 Cui
3101 2521 3289 2593 placet
3342 2522 3401 2576 in
3444 2521 3760 2590 monacho,

2097 2615 2382 2684 spondeat
2429 2613 2487 2667 in
2540 2612 2831 2685 praesenti.
2884 2611 3168 2667 Refutans
3217 2615 3275 2665 et
3321 2609 3527 2665 nolens
3565 2614 3764 2666 mutet

2097 2705 2317 2771 sedem,
2352 2706 2407 2758 et
2433 2706 2614 2758 exeat.
2658 2703 2802 2757 Ecce
2844 2701 3033 2756 habeo
3075 2699 3219 2755 mihi
3271 2699 3592 2755 monachos
3641 2699 3758 2754 sub

2097 2809 2303 2846 norma
2321 2791 2507 2847 sancti
2532 2790 2825 2845 Benedicti
2849 2788 3329 2844 victuros.Abbas
3350 2802 3603 2860 namque
3619 2803 3762 2842 cum

2097 2882 2223 2935 suis
2241 2881 2520 2935 fratribus
2542 2879 2846 2951 egrediens
2869 2896 2902 2932 a
2924 2878 3078 2947 navi,
3097 2878 3611 2948 nuntiabaturjam
3624 2892 3760 2935 esse

2096 2987 2211 3041 prm
2245 2971 2490 3024 foribus.
2526 2969 2631 3023 llic
2664 2968 2918 3023 turbatis
2966 2966 3242 3022 omnibus
3290 2967 3501 3034 (durus
3531 2966 3758 3038 quippe

2097 3077 2291 3114 sermo
2314 3058 2472 3113 visus
2495 3063 2581 3112 est
2603 3058 2687 3113 eis
2710 3058 2780 3112 de
2804 3054 3290 3126 monacho),nulli
3310 3054 3419 3109 fuit
3439 3054 3754 3111 consilium

2098 3152 2307 3220 printer
2334 3163 2552 3219 paucos
2586 3163 2732 3218 quos
2764 3145 2845 3200 rei
2880 3144 3187 3200 familiaris
3219 3143 3470 3216 angebat
3499 3142 3761 3198 necessi-

2100 3238 2261 3303 tudo,
2298 3237 2460 3309 sequi
2495 3237 2713 3290 bonum
2749 3236 2903 3307 quod
2936 3232 3147 3307 prmsul
3185 3234 3299 3288 Deo
3349 3233 3566 3305 dignus
3610 3248 3758 3288 sua-

2101 3327 2275 3386 debat
2304 3326 2619 3396 agendum.
3742 3338 3745 3343 '

2172 3417 2266 3472 Sic
2298 3415 2608 3487 episcopus
2640 3412 2998 3469 intromissis
3043 3429 3176 3467 cum
3229 3412 3447 3466 honore
3496 3427 3759 3483 congruo

2101 3506 2309 3562 abbate
2341 3507 2397 3560 et
2424 3501 2729 3559 monachis
2762 3503 2820 3556 in
2870 3502 3273 3557 sanctuarium
3306 3517 3322 3554 ε
3356 3500 3506 3567 Ecce,
3538 3500 3756 3571 inquit,

2103 3612 2265 3667 quam
2297 3594 2496 3649 bonum
2524 3600 2575 3648 et
2605 3609 2767 3664 quam
2796 3590 3108 3664 jucundum
3154 3589 3402 3645 habitare
3447 3590 3651 3659 fratres
3700 3589 3761 3643 in

2100 3701 2295 3739 unum.
2329 3682 2414 3738 Sit
2442 3682 2606 3737 vobis
2630 3683 2772 3736 sicut
2798 3686 3140 3752 unguentum
3170 3680 3231 3733 in
3262 3679 3453 3750 capite,
3496 3676 3638 3749 quod
3668 3676 3761 3732 de-

2101 3773 2308 3830 scendit
2336 3772 2395 3827 in
2428 3771 2671 3837 barbam,
2708 3769 2933 3825 barbam
2976 3770 3176 3824 Aaron.
3211 3768 3275 3822 Et
3314 3765 3456 3839 quod
3484 3764 3763 3822 descendit

2104 3866 2163 3918 in
2212 3878 2366 3917 oram
2404 3861 2711 3916 vestimenti
2738 3861 2895 3931 ejus:
2949 3866 3000 3914 ct
3049 3860 3191 3913 sicut
3237 3872 3324 3911 ros
3374 3856 3629 3924 Ilevmon,
3664 3855 3763 3927 qui

2099 3952 2275 4008 stillat
2306 3948 2429 4021 (aL,
2452 3948 2743 4021 descendit)
2778 3951 2835 4003 in
2865 3954 3103 4004 montem
3133 3946 3284 4001 Sion.
3311 3944 3383 4000 Ut
3414 3943 3509 3999 hic
3539 3942 3765 3999 mandet

2098 4042 2360 4097 Dominus
2395 4039 2813 4095 benedictionem
2845 4046 2896 4093 et
2938 4039 3108 4092 vitam
3157 4037 3217 4089 in
3264 4032 3531 4090 siccatum
3579 4032 3756 4103 (Psal.

2099 4146 2306 4197 cxxxn,
2345 4128 2473 4196 1-4).

2168 4219 2431 4290 Cumque
2464 4233 2667 4273 omnes
2700 4215 3179 4288 respondissent:
3213 4209 3756 4283 Amen.Episcopus

2099 4307 2293 4363 abbati
2328 4307 2560 4363 loeutus
2592 4310 2680 4362 est
2708 4310 2765 4362 et
2795 4304 3080 4361 fratribus
3113 4319 3123 4357 :
3156 4302 3282 4358 Non
3317 4301 3535 4354 frustra
3566 4315 3757 4372 neque

2099 4398 2225 4453 sine
2256 4413 2435 4451 causa
2466 4395 2724 4466 sit,quod
2751 4394 2843 4449 hic
2861 4410 2960 4448 vos
2990 4387 3547 4459 admittimus,quod
3565 4392 3759 4443 muta-

2098 4486 2255 4541 tione
2286 4487 2434 4540 facta
2456 4485 2719 4539 ordinem
2752 4481 3097 4537 clericorum
3124 4478 3289 4534 vobis
3312 4476 3754 4549 postponimus,

334 4574 530 4629 navim
564 4574 1186 4645 conscenderet,quam
1212 4574 1335 4644 ipse
1369 4574 1680 4645 prmsuleis
1713 4577 1987 4647 imposito
2018 4590 2064 4654 D
2098 4577 2198 4631 sed
2226 4580 2465 4647 pensate
2496 4574 2649 4646 quod
2684 4571 2903 4627 dicitur
2935 4587 2947 4625 :
2983 4571 3181 4637 Amice,
3214 4567 3284 4623 ad
3328 4566 3461 4639 quid
3510 4568 3756 4621 venisti?

336 4666 664 4717 commeatu
699 4667 1098 4734 apparaverat,
1133 4665 1188 4715 et
1221 4678 1459 4715 cursum
1509 4679 1623 4717 non
1656 4664 1987 4721 deflecteret

334 4751 518 4805 donec
550 4751 712 4821 prius
744 4751 1073 4805 Mosomum
1104 4750 1324 4805 veniret
1354 4750 1623 4821 imperat.
1650 4753 1871 4818 Quibus
1904 4756 1985 4810 ita

333 4838 915 4908 dispositis,domnus
946 4836 1232 4893 Adalbero
1265 4841 1599 4895 conscensis
1624 4842 1790 4912 equis
1815 4860 1983 4915 nego-

332 4923 481 4980 tium
514 4926 669 4996 quod
696 4927 1021 4981 intenderat
1034 4928 1493 4997 perfecturus,ad
1513 4928 1664 4985 hanc
1683 4948 1799 4986 sua:
1824 4933 1979 4988 sedis

332 5012 641 5069 ecclesiam
673 5014 957 5085 pervenit,
990 5019 1047 5069 et
1078 5031 1212 5069 cum
1262 5016 1481 5071 honore
1528 5024 1837 5091 susceptus
1868 5025 1975 5076 est.

331 5103 497 5158 Tunc
527 5101 749 5172 priores
782 5103 1039 5158 ecclesias
1064 5105 1354 5176 appellare
1386 5108 1701 5178 erepit,alia
1722 5126 1824 5181 pro
1847 5109 1977 5165 aliis

331 5190 498 5263 quasi
532 5190 961 5246 dissimulando
994 5194 1437 5265 fingens,(leque
1470 5197 1583 5252 situ
1612 5202 1667 5251 et
1697 5201 1850 5252 statu
1874 5198 1982 5253 loci

331 5278 711 5351 azditiciisque
744 5279 1085 5350 compositis
1104 5283 1506 5351 eonfabulans,
1524 5286 1570 5340 si
1594 5286 1733 5346 quid
1761 5285 1818 5340 in
1843 5305 1983 5342 auro

330 5371 687 5441 argentoque
713 5368 1049 5439 esset,quod
1084 5369 1419 5440 plusculum
1443 5373 1527 5427 vel
1554 5373 1874 5445 pretiosum
1898 5390 1985 5430 ec-

328 5456 507 5511 clesia
528 5473 628 5511 seu
654 5457 711 5511 in
747 5455 1022 5528 pallis,ut
1052 5456 1109 5510 in
1143 5458 1602 5515 sacerdotalibus
1622 5460 1982 5521 indumentis

327 5544 588 5610 haberet,
636 5562 697 5600 se
746 5544 940 5599 videre
986 5542 1131 5599 velle
1182 5547 1346 5600 dixit.
1383 5547 1604 5611 Quibus
1656 5550 1978 5621 inspectis:

326 5632 397 5723 Et
424 5633 567 5706 hinc,
598 5633 809 5707 inquit,
843 5650 948 5709 pro
980 5650 1040 5688 se
1074 5635 1237 5705 satis,
1273 5636 1371 5691 sed
1410 5654 1522 5693 non
1576 5635 1763 5693 multa
1799 5646 1977 5713 sunt;

2099 4664 2301 4735 (Matth.
2334 4681 2485 4729 XXVI,
2520 4662 2629 4735 50).
2664 4662 2875 4717 Servite
2903 4661 3132 4715 Domino
3162 4659 3221 4712 in
3250 4658 3463 4721 timore,
3498 4662 3549 4710 et
3572 4655 3759 4711 exsul-

2096 4761 2200 4809 tate
2247 4756 2299 4808 ei
2341 4770 2463 4807 eum
2513 4760 2743 4808 tremore
2774 4769 2791 4804 :
2842 4747 3231 4821 apprehendite
3276 4745 3653 4815 disciplinam,
3686 4761 3758 4800 ne

2094 4841 2308 4913 quando
2358 4844 2631 4897 irascatur
2681 4841 2963 4904 Dominus,
3010 4846 3062 4893 et
3103 4836 3340 4908 pereatis
3386 4833 3454 4887 de
3491 4834 3759 4904 viajusta

2091 4932 2263 5001 (Psat.
2298 4946 2359 4997 It,
2393 4931 2478 4998 11,
2516 4930 2623 5000 12).
2656 4928 2931 4985 Vestrum
2966 4926 3043 4982 sit
3073 4942 3177 4997 pro
3220 4922 3390 4979 nobis
3421 4937 3619 4988 orare;
3653 4938 3760 4977 no-
3832 4960 3837 4963 -

2088 5024 2281 5075 strum
2339 5020 2469 5087 erit,
2519 5019 2634 5075 Deo
2693 5019 2970 5086 donante,
3031 5013 3309 5071 victualia
3364 5010 3531 5067 vobis
3592 5010 3755 5065 ordi-

2090 5127 2250 5165 nare.

2166 5198 2436 5254 Claustra
2483 5196 2823 5253 monasterii
2868 5200 2925 5252 et
2971 5191 3294 5251 ofﬁcinales
3338 5189 3506 5245 vobis
3540 5189 3754 5246 domos

2093 5286 2469 5356 metabimur,
2486 5291 2543 5341 et
2575 5286 2922 5357 procedente
2952 5289 3215 5355 tempore
3244 5281 3753 5351 opportunaque:-

2092 5393 2205 5447 que
2229 5375 2677 5449 procurabimus
2694 5393 2706 5443 ;
2724 5391 2825 5430 vos
2844 5375 3073 5429 tantum
3089 5387 3223 5426 cum
3238 5370 3355 5424 Deo
3372 5365 3754 5423 ambulantes

2092 5464 2439 5530 solliciti,sic
2468 5465 2583 5519 Deo
2616 5463 2790 5535 digne
2808 5468 2865 5518 et
2896 5461 3115 5517 sanctis
3144 5461 3272 5530 ejus
3294 5456 3751 5523 conversamini,

2092 5558 2157 5608 ut
2187 5555 2259 5608 de
2286 5551 2451 5609 vobis
2482 5552 2691 5607 merito
2716 5552 2903 5623 possit
2933 5550 3153 5605 audiri:
3181 5550 3308 5603 Ecce
3334 5544 3755 5601 tabernaculum

2089 5644 2188 5699 Dei
2216 5659 2339 5697 eum
2371 5640 2708 5707 hominibus,
2740 5649 2791 5698 et
2836 5640 3104 5698 habitabit
3145 5653 3269 5693 enm
3295 5635 3543 5711 eisulpsi
3580 5649 3756 5715 popu-
