3912 6368
334 404 447 467 527

945 399 1502 463 ADALBERONIS
1546 398 1910 460 ARCHIEP.
1959 395 2303 457 REMENS.
2351 396 2911 471 INTRODUCTIO,
2957 397 3130 459 ETC.

3636 394 3767 456 528

326 540 678 611 perpetuum
700 532 1450 606 tueretur,quamdiuillum
1466 531 1662 587 divina
1674 528 1985 585 clementia
2012 526 2068 593 Α
2100 548 2127 577 ‹‹
2157 527 2403 583 Mosomi
2429 528 2768 584 ceenobialis
2788 527 2953 585 locus
2974 527 3343 600 antiquitatis
3364 526 3559 583 studio
3577 532 3765 585 certa-

328 624 681 681 servandum
721 623 1077 695 disponeret,
1113 639 1179 677 ac
1211 622 1269 676 in
1321 639 1427 676 suo
1486 618 1730 675 concilio
1787 632 1985 673 coram

326 713 618 787 episcopis
640 716 696 767 et
716 711 972 784 generali
991 712 1210 783 synodo
1228 710 1536 765 recitatum
1570 708 1750 764 misit.
1786 708 1985 777 Itaque

325 804 397 859 ad
414 819 620 859 secum
636 801 977 857 S.Romanae
996 799 1263 855 Ecclesia)
1287 797 1679 870 apecrisiariis
1703 796 1986 868 regressis

324 891 502 949 etiam
535 888 975 962 respensalibus
1008 887 1387 959 suis,pr:esul
1420 888 1535 942 Deo
1566 886 1780 957 dignus
1810 884 1985 939 Adal-

324 982 464 1037 hero
481 982 861 1036 convocatum
888 977 1147 1050 undique
1171 994 1274 1048 pro
1298 976 1625 1031 canenibus
1649 974 1982 1044 religendis,

326 1075 385 1128 et
413 1070 609 1126 causis
642 1072 856 1124 sanetae
889 1066 1155 1122 Ecclesia:
1188 1066 1247 1119 in
1282 1064 1493 1120 melius
1514 1062 1984 1127 conciliandian

248 1224 258 1232 .
327 1177 477 1233 pago
508 1157 871 1213 Tardanensi
894 1157 1049 1227 apud
1075 1155 1332 1209 Montem
1357 1158 1570 1208 sancta:
1597 1153 1789 1207 Mariae
1821 1151 1988 1207 eolle-

329 1249 416 1322 git
448 1264 650 1303 mense
689 1245 843 1301 Maio
893 1244 1229 1299 concilium.
1264 1244 1369 1298 Ubi
1402 1241 1689 1298 ordinatis
1710 1243 1988 1312 justeque

330 1336 640 1410 dispositIs
662 1351 1026 1407 qumcunque
1046 1334 1398 1388 videbantur
1414 1330 1743 1387 necessaria
1760 1335 1815 1385 et
1836 1329 1988 1384 ordi-

332 1425 573 1495 nabilia,
602 1425 718 1481 voti
752 1423 845 1480 sui
876 1440 981 1495 pro
1012 1439 1128 1495 quo
1173 1423 1419 1478 Romam
1469 1420 1709 1475 miserat
1738 1436 1854 1474 non
1888 1418 1993 1472 im-

332 1531 578 1583 memor,
611 1529 808 1569 ceram
864 1511 1215 1567 venerandis
1274 1509 1547 1565 Patribus
1594 1513 1651 1563 et
1698 1507 1858 1563 omni
1887 1505 1992 1561 illa

333 1608 537 1663 sancta
566 1603 787 1675 synodo
818 1601 902 1656 sic
933 1617 1173 1656 exorsus
1223 1599 1500 1654 dominus
1549 1602 1637 1653 est
1678 1595 1985 1651 Adalhero.

408 1716 437 1745 ‹‹
468 1690 700 1749 Domini
733 1690 954 1756 Patres,
990 1705 1056 1743 ac
1083 1686 1451 1742 dilectissimi
1505 1688 1733 1752 fratres,
1768 1685 1986 1753 audite,

334 1804 363 1834 ‹‹
395 1798 612 1856 quaeso,
647 1783 703 1836 et
733 1777 1019 1833 intendite
1049 1776 1404 1831 humilitatis
1433 1793 1572 1831 mea:
1607 1790 1989 1846 preces;quo-

2097 637 2128 667 «
2160 616 2266 671 tim
2300 620 2696 685 constructus,
2721 618 2793 673 ab
2825 619 3058 673 exordio
3091 616 3314 673 scilicet
3344 615 3767 674 sanctimonia.

2098 725 2128 756 «
2157 704 2304 760 lium
2327 705 2457 759 vitm
2480 706 3118 778 aptatus,postmodum
3138 723 3273 762 vero
3304 704 3630 761 canonicali
3666 722 3763 761 orn

2102 821 2122 845 «ι
2159 796 2295 851 dine
2326 796 2398 851 ab
2431 796 2648 851 Herveo
2671 797 3092 868 praedecessore
3116 800 3314 851 nostro
3346 795 3561 851 melius
3584 795 3764 850 infor-

2102 889 2377 954 «matus,
2428 887 2602 956 atque
2652 886 2709 940 in
2763 885 2980 941 honore
3031 889 3243 940 sancta:
3306 885 3405 941 Dei
3453 883 3764 957 genitricis

2103 998 2122 1024 ‹‹
2161 974 2355 1029 Maria:
2414 974 2589 1046 digne
2646 980 3043 1043 consecratus,
3078 976 3179 1030 sed
3230 974 3499 1030 nefandis
3548 974 3764 1029 usibus

2103 1087 2123 1112 α
2160 1064 2471 1135 utrobique
2503 1063 2869 1136 negligenter
2890 1063 3353 1131 incultus,rebus
3373 1064 3614 1136 quidem
3634 1079 3765 1134 par-

2102 1175 2129 1201 ‹‹
2160 1152 2266 1207 tim
2301 1152 2861 1223 subtractis,partim
2892 1169 3026 1208 vero
3058 1152 3431 1209 currentibus
3460 1151 3657 1219 malis,
3683 1150 3764 1206 si—

2102 1261 2130 1288 «
2163 1239 2360 1294 nistrze
2382 1240 2561 1295 cessit
2594 1241 2860 1295 fortunae.

2174 1350 2201 1378 ι(
2234 1331 2356 1395 Quo
2388 1328 2569 1401 igitur
2583 1334 2880 1403 comperto
2904 1347 3071 1387 mens
3095 1330 3584 1399 nostra,adhibite
3616 1329 3765 1385 fide-

2104 1439 2131 1468 «
2161 1416 2307 1473 lium
2340 1423 2677 1475 nostrorum
2701 1419 2967 1493 diligenti
2999 1420 3495 1493 consilio,liquido
3517 1432 3769 1492 perpen-

2105 1529 2127 1559 ι
2164 1509 2308 1564 dens
2364 1509 2636 1564 eumdem
2691 1507 2885 1565 locum
2936 1528 3039 1582 pro
3087 1510 3294 1565 mundi
3326 1508 3669 1565 infelicitate
3699 1507 3765 1563 in

2104 1620 2130 1647 ‹‹
2164 1597 2488 1654 canonicali
2522 1598 2726 1654 ordine
2777 1598 3003 1654 utiliter
3031 1604 3187 1656 stare
3217 1616 3331 1654 non
3366 1610 3557 1671 posse,
3592 1600 3764 1653 teter-

2107 1706 2128 1734 α
2163 1703 2373 1742 norum
2424 1704 2547 1759 spe,
2582 1692 2756 1759 prout
2801 1691 3197 1760 opportunum
3248 1688 3492 1755 exstitit,
3537 1687 3767 1742 ibidem

2106 1800 2125 1825 ιι
2164 1775 2501 1831 monasticze
2534 1775 2833 1849 religionis
2862 1777 3041 1832 vitam
3072 1776 3341 1833 ordinate
3372 1776 3583 1832 abbate
3618 1776 3765 1831 Lee-

334 1896 355 1922 .
392 1871 553 1927 niam
586 1868 738 1925 sicut
767 1866 861 1921 hic
894 1883 1001 1921 nos
1023 1864 1398 1937 congregavit
1434 1862 1689 1935 Spiritus
1726 1867 1987 1931 sanctus,
2020 1901 2068 1965 B
2104 1886 2131 1915 ‹‹
2164 1864 2320 1921 taldo
2353 1866 2449 1937 (al.
2484 1864 2762 1935 Ledaldo)
2810 1865 3135 1933 constituit,
3196 1870 3262 1921 ut
3316 1864 3586 1936 ejusdem
3646 1861 3761 1919 loci

332 1984 361 2012 ‹‹
390 1960 474 2017 ita
502 1956 792 2031 quidquid
820 1973 889 2011 ex
918 1956 1046 2026 ejus
1091 1952 1481 2027 inspiratione
1542 1953 1831 2008 sentimus
1888 1969 1993 2023 per

334 2071 362 2101 ‹‹
392 2049 583 2123 ipsius
617 2046 794 2101 etiam
822 2044 1178 2100 infusionem
1223 2047 1278 2098 et
1309 2042 1776 2115 cooperationem
1809 2040 1992 2097 admi-

336 2160 358 2189 α
397 2134 637 2194 nistrari
668 2150 773 2205 per
801 2133 1116 2188 adventum
1149 2132 1276 2203 ejus
1307 2148 1485 2203 super
1529 2148 1637 2186 nos
1685 2134 1990 2186 exerentes

337 2249 367 2281 ι(
396 2222 870 2300 ρι’ωορῐεινίωιιε,
900 2225 957 2277 et
986 2220 1283 2278 consecuti
1315 2238 1522 2275 sumus
1549 2239 1560 2288 ;
1595 2235 1777 2275 unum
1812 2222 1992 2274 restat

337 2339 367 2369 «ι
398 2314 722 2382 medicum,
743 2312 803 2366 in
828 2329 942 2384 quo
961 2316 1195 2367 auctore
1216 2310 1613 2382 omnipotente
1645 2310 1781 2377 Deo,
1815 2307 1990 2363 etiam

338 2428 368 2457 ‹‹
395 2407 657 2462 vestrum
692 2400 995 2473 expostulo
1040 2400 1312 2468 favorem,
1338 2399 1651 2455 consilium
1674 2404 1731 2454 et
1760 2397 1994 2454 benedi-

337 2516 368 2546 «
399 2493 673 2551 ctionem.
705 2490 1005 2546 Mosomus
1032 2489 1194 2544 locus
1212 2486 1451 2560 quidam
1474 2492 1562 2544 est
1580 2487 1846 2543 dimcesis
1866 2503 1995 2541 nes-

338 2605 367 2635 ‹‹
398 2582 903 2652 trze,consecratus
923 2578 1032 2635 sub
1045 2576 1215 2633 titulo
1234 2581 1291 2633 et
1307 2576 1543 2633 nomine
1561 2580 1772 2633 sancta:
1788 2574 1889 2631 Dei
1902 2591 1993 2648 ge-

338 2694 367 2723 ‹‹
400 2671 628 2728 nitricis
656 2668 870 2737 Maria),
906 2666 1046 2724 olim
1080 2667 1152 2722 ab
1184 2666 1416 2723 exordio
1449 2665 1991 2721 sanctimonialium

337 2785 367 2814 ‹‹
397 2759 843 2834 congregatione
865 2756 1258 2822 famosus,sed
1273 2754 1992 2810 mundicrebrescentibus

336 2874 366 2903 ‹‹
395 2849 570 2906 malis
602 2849 662 2904 in
684 2863 800 2920 quo
823 2850 948 2901 erat
976 2849 1132 2901 statu
1165 2845 1375 2901 durare
1407 2862 1522 2899 non
1555 2843 1764 2916 potuit,
1789 2849 1994 2914 postea

337 2961 368 2992 «
396 2957 431 2995 a
460 2935 736 2993 fidelibus
780 2933 1126 2990 clericorum
1172 2934 1260 2989 vel
1302 2933 1717 2990 canenicerum
1742 2934 1871 3003 jam
1901 2933 1993 2988 bis

336 3050 369 3081 «
395 3028 710 3084 restitutus
741 3022 1100 3089 collectione,
1136 3023 1277 3078 dum
1333 3040 1439 3078 sua
1488 3027 1759 3094 qumrunt
1787 3039 1992 3077 omnes

338 3139 369 3169 «
398 3133 515 3173 non
548 3131 674 3186 qua:
704 3113 845 3168 Jesu
873 3110 1109 3177 Christi,
1146 3110 1389 3183 dilapsis
1448 3112 1625 3166 rebus
1674 3114 1731 3165 et
1776 3110 1991 3182 partim

339 3227 370 3259 ‹‹
399 3202 738 3269 subtractis,
792 3217 938 3272 pene
976 3201 1048 3255 ad
1077 3199 1329 3255 nihilum
1360 3201 1630 3256 redactus
1661 3204 1768 3255 est.
1807 3200 1988 3269 Unde,

2104 1976 2133 2005 α
2165 1955 2414 2010 cultores
2442 1954 2699 2027 religiosi
2726 1959 2846 2010 tam
2869 1956 3045 2011 rebus
3067 1953 3554 2027 delegatis,quam
3578 1953 3762 2009 etiam

2104 2065 2133 2094 «
2164 2044 2311 2100 forte
2342 2043 2683 2117 delegandis
2716 2047 2970 2113 utentes,
3005 2044 3285 2100 continua
3331 2046 3463 2099 vota
3493 2042 3610 2099 Dee
3641 2040 3762 2098 sol-

2104 2156 2132 2184 «
2158 2137 2382 2203 ventes,
2429 2134 2549 2189 sint
2590 2138 2647 2189 et
2679 2150 2782 2205 pro
2833 2134 3003 2189 nobis
3033 2138 3091 2189 et
3121 2150 3224 2205 pro
3256 2132 3507 2206 posteris
3540 2130 3763 2188 nostris

2106 2246 2132 2275 ‹‹
2163 2223 2501 2294 οωὶθιιίεᾳυθ
2538 2222 2845 2278 ordinibus
2868 2221 3092 2296 jugiter
3120 2226 3445 2278 exerentes.
3478 2221 3762 2288 Quocirca

2105 2335 2133 2362 ‹‹
2166 2312 2581 2384 paternitatem
2603 2311 2727 2367 loco
2749 2310 2934 2367 nostri
2962 2312 3138 2367 vestri
3162 2309 3673 2383 subrogandorum
3696 2309 3760 2365 in

2107 2425 2128 2450 α
2164 2400 2264 2457 illa
2287 2400 2571 2457 charitate
2594 2401 2691 2455 Dei
2716 2400 2945 2457 enixius
2976 2400 3364 2472 imploramus
3395 2399 3517 2472 (aL,
3547 2395 3761 2469 implo-

2106 2514 2133 2542 ‹‹
2165 2493 2384 2561 rantes)
2415 2507 2529 2562 quo
2563 2490 2674 2546 sub
2701 2490 2880 2544 divini
2917 2490 3136 2546 ameris
3164 2493 3430 2561 respectu
3464 2488 3644 2560 hujus
3676 2486 3760 2542 rei

2106 2602 2133 2631 α
2165 2585 2340 2654 gesta:
2361 2579 2718 2636 conducibili
2741 2580 2972 2653 negotio
2995 2583 3398 2635 consentaneae
3422 2577 3657 2650 pietatis
3681 2575 3764 2632 fa-

2108 2693 2128 2718 α
2159 2672 2331 2725 veant
2350 2668 2493 2735 zelo,
2514 2669 2691 2740 idque
2715 2667 2973 2725 liberalis
3005 2667 3204 2724 auxilii
3236 2664 3594 2722 indeﬂcienti
3615 2665 3761 2721 base

2109 2779 2130 2805 α
2166 2756 2484 2828 dignentur
2529 2760 2862 2828 temporum
2912 2755 3223 2812 curriculis
3263 2752 3550 2812 consolari
3583 2758 3762 2826 atque

2105 2866 2133 2895 «
2168 2844 2464 2913 fulcire,ut
2484 2862 2552 2901 ex
2572 2862 2638 2901 eo
2661 2844 2912 2917 gratiam
2935 2844 3034 2901 Dei
3070 2844 3315 2900 feliciter
3340 2845 3433 2900 adi
3440 2843 3759 2917 piscentes,

2110 2954 2132 2983 ι
2165 2933 2346 3007 hujus
2371 2933 2795 3006 praestantioris
2843 2934 3226 2990 emolumenti
3270 2937 3608 2990 mereantur
3636 2933 3763 2988 fore

2108 3045 2129 3071 α
2168 3026 2489 3077 consertes.
2524 3022 2635 3077 Sed
2669 3025 2727 3077 et
2756 3021 2866 3077 hoc
2896 3037 2965 3077 ex
2995 3021 3241 3078 decretis
3278 3026 3618 3078 sanctorum
3649 3021 3760 3078 Pa-

2108 3134 2129 3161 u
2166 3115 2325 3166 trum
2357 3112 2466 3167 sub
2490 3111 2838 3166 auctoritate
2859 3110 3137 3183 pastorali
3163 3108 3763 3168 omnimodisinhibe—

2108 3223 2129 3249 α
2167 3216 2323 3268 mus,
2348 3199 2466 3255 imo
2496 3198 2671 3255 etiam
2703 3216 2838 3254 cum
2870 3198 3049 3255 divini
3078 3199 3337 3255 nominis
3368 3197 3761 3256 obtestatione

339 3315 371 3347 «
396 3298 464 3351 ut
493 3291 686 3360 credo,
706 3308 774 3346 ex
794 3271 1179 3361 inspiratione
1211 3288 1311 3343 Dei
1340 3289 1531 3343 visum
1555 3294 1644 3344 est
1665 3289 1832 3355 milii,
1865 3307 1989 3345 mo-
2022 3271 2065 3338 C
2108 3311 2135 3339 ‹‹
2167 3289 2406 3343 omnino
2438 3288 2868 3356 interdicimus,
2887 3306 2959 3344 ne
2989 3306 3253 3361 unquam
3283 3287 3625 3360 hujusmedi
3644 3293 3764 3345 sta-

342 3403 368 3435 ι
400 3382 724 3440 nachorum
757 3379 961 3435 ordine
992 3383 1048 3433 et
1077 3377 1387 3449 disciplina
1436 3380 1759 3433 secundum
1806 3380 1992 3434 sancti

339 3469 693 3529 «Benedicti
727 3467 991 3541 regulam
1040 3467 1233 3523 locum
1274 3466 1441 3521 illum
1477 3468 1534 3521 in
1569 3467 1783 3524 melius
1815 3469 1991 3524 refer-

348 3586 373 3615 ι
408 3576 590 3619 mare.
626 3559 789 3626 Quod
821 3561 879 3613 et
909 3556 1189 3624 efficiens,
1225 3556 1447 3610 domini
1490 3557 1674 3612 nostri
1718 3558 1992 3613 Romana:

344 3673 377 3705 «ι
406 3651 563 3708 sedis
593 3647 826 3705 antistis
857 3645 1168 3702 consilium
1194 3650 1365 3718 atque
1391 3648 1795 3703 auctoritatem
1820 3666 1995 3720 super

345 3764 377 3796 α
404 3743 513 3800 hoc
543 3741 695 3797 facto
729 3742 1004 3810 expetens
1027 3735 1324 3808 requisivi.
1354 3736 1516 3792 Unde
1538 3741 1601 3792 ut
1632 3737 1691 3792 in
1722 3739 1994 3809 prmscnti

343 3852 375 3885 κ
405 3828 661 3889 audituri
695 3825 858 3895 estis,
897 3827 1191 3899 praeeunte
1220 3825 1435 3881 Christi
1464 3825 1651 3899 gratia
1680 3831 1738 3881 et
1770 3826 1995 3898 privile-

342 3941 373 3973 ι(
403 3920 569 3995 gium
590 3915 957 3975 auctoritatis
976 3932 1094 3969 suae
1127 3914 1297 3970 nobis
1327 3915 1677 3983 transmisit,
1711 3920 1767 3970 et
1796 3916 1991 3971 decre-

344 4031 373 4060 ι(
404 4013 533 4065 tum
566 4007 928 4063 constituens
951 4005 1060 4060 sub
1084 4004 1297 4078 pagina
1330 4004 1516 4059 sancti
1542 4004 1691 4059 Petri
1722 4004 1992 4060 corrobo-

343 4119 373 4149 ι(
402 4097 569 4166 ravit,
587 4100 646 4153 et
675 4112 822 4151 ausu
853 4094 1161 4150 temerario
1192 4093 1507 4166 infringere
1538 4096 1831 4148 tentantes
1861 4112 1998 4149 ana-

346 4207 371 4238 ι
404 4184 680 4243 thematis
694 4184 893 4257 jaculo
914 4182 1383 4255 impetivit,sicut
1403 4183 1556 4237 infra
1576 4181 1863 4254 scriptum
1882 4188 1989 4239 est:

414 4297 445 4328 ‹‹
474 4276 730 4333 Joannes
760 4274 1299 4346 episcopus,servus
1331 4287 1630 4327 servorum
1662 4271 1783 4342 Dei,
1819 4294 1846 4322 ››
1880 4277 1989 4330 etc.

338 4365 569 4438 Reliqua
596 4363 718 4420 vide
748 4365 892 4419 inter
926 4364 1179 4436 epistolas
1207 4369 1260 4417 et
1282 4361 1575 4432 privilegia
1630 4360 1858 4417 Joannis
1898 4380 1994 4434 pa—

333 4472 420 4528 pa
447 4453 583 4510 XIII.

408 4542 557 4610 Quia
572 4542 755 4616 igitur
775 4541 999 4598 domini
1022 4538 1325 4613 apostolici
1358 4539 1656 4594 decretum
1688 4544 1744 4595 et
1763 4540 1992 4598 vidistis

2109 3401 2129 3427 α
2168 3383 2364 3433 tutum
2400 3377 2661 3449 qualibet
2705 3378 3032 3434 temeritate
3060 3379 3133 3434 ab
3166 3377 3283 3434 ulle
3314 3377 3499 3434 nostri
3531 3377 3761 3433 ordinis

2109 3493 2128 3518 α
2165 3468 2580 3540 vieletur,quin
2615 3468 2808 3539 potius
2839 3468 2898 3523 in
2928 3467 3221 3540 reliquum
3255 3467 3463 3523 stabile
3484 3471 3541 3523 et
3561 3467 3763 3523 incon-

2109 3583 2129 3607 ει
2166 3575 2407 3614 cussum
2430 3559 2565 3630 jure
2595 3562 2875 3630 perpetuo
2906 3557 3167 3630 idipsum
3190 3557 3599 3614 venerabiliter
3626 3574 3760 3613 con-

2107 3671 2135 3699 ‹‹
2167 3653 2448 3703 servetur.
2485 3647 2631 3702 Nam
2662 3647 2710 3702 si
2742 3664 2845 3719 per
2874 3646 3053 3703 laicos
3084 3646 3143 3702 in
3176 3664 3298 3703 rem
3345 3645 3495 3702 hanc
3538 3645 3763 3718 injuria

2106 3760 2133 3787 ‹‹
2166 3737 2558 3806 invehatur,in
2589 3752 2688 3792 eos
2710 3736 2910 3809 procul
2934 3736 3111 3792 dubio
3134 3733 3761 3794 excommunicationis

2107 3850 2133 3876 ‹‹
2158 3826 2425 3899 jaeulum
2457 3843 2592 3882 cum
2625 3825 2999 3882 anathemate
3029 3826 3452 3897 intorquentur.
3482 3846 3511 3875 »

2174 3918 2340 3971 Anno
2361 3915 2544 3988 igitur
2572 3916 2643 3971 ab
2675 3915 3074 3971 incarnatione
3106 3913 3338 3970 Domini
3369 3914 3509 3970 Jesu
3539 3912 3759 3969 Christi

2100 4005 2208 4061 973
2237 4007 2335 4076 (at.
2368 4006 2514 4077 983),
2550 4003 2886 4077 provinciali
2942 4004 3163 4077 synodo
3203 4019 3405 4059 mense
3435 4003 3587 4059 Maio
3618 4019 3761 4059 con-

2103 4094 2686 4168 stituta,generaliter
2710 4098 3062 4167 congregata
3082 4095 3235 4166 apud
3260 4093 3517 4151 Montem
3540 4097 3758 4150 sancta:

2105 4184 2299 4239 Mariae
2325 4184 2385 4239 in
2416 4200 2564 4257 pago
2595 4183 2978 4250 Tardanensi,
3011 4182 3121 4239 hoc
3148 4184 3446 4239 decretum
3478 4182 3758 4240 solemni-

2102 4277 2192 4329 ter
2223 4274 2530 4329 recitatum
2562 4278 2652 4329 est
2672 4288 2867 4329 coram
2897 4272 3243 4328 venerandis
3264 4272 3761 4346 episcepis,abba-

2102 4364 2283 4431 tibus,
2301 4363 2640 4435 czeterisque
2654 4361 2752 4432 (al.
2768 4361 3107 4434 caeterisque
3122 4361 3441 4435 nonnullis)
3458 4362 3757 4433 fidelibus,

2102 4452 2240 4509 huic
2265 4457 2473 4508 nostra:
2505 4451 2861 4508 institutioni
2884 4451 2979 4523 pio
3002 4467 3246 4508 assensu
3279 4452 3759 4522 faventibus,imo

2103 4543 2281 4599 etiam
2296 4541 2957 4612 cellaudantibusatque
2970 4539 3457 4597 conﬁrmantibus
3472 4558 3484 4596 :
3501 4557 3760 4614 quorum

336 4634 394 4689 et
422 4632 692 4697 audistis,
710 4631 757 4687 si
782 4631 971 4702 placet
999 4634 1063 4685 ut
1095 4628 1297 4683 itidem
1329 4628 1507 4699 hujus
1542 4633 1754 4684 sancta:
1787 4630 1991 4702 synodi
2023 4643 2070 4707 D
2100 4628 3151 4702 videlicetprimusegeAdalberejam
3168 4630 3761 4703 praescriptusarchi-

335 4721 602 4777 unanimi
634 4719 967 4776 testimonio
1007 4723 1065 4772 et
1114 4721 1323 4771 nostra:
1371 4716 1724 4773 humilitatis
1774 4719 1992 4792 scripto

335 4807 876 4875 correboretur,hoc
899 4808 1118 4862 factum
1143 4805 1457 4861 decernite.
1484 4806 1683 4878 Itaque
1715 4808 1989 4865 omnibus

333 4899 446 4956 sub
467 4915 584 4955 uno
610 4912 918 4952 assensum
958 4893 1355 4965 praebentibus
1387 4895 1814 4967 conscriptione
1837 4898 1991 4954 facta

334 4987 419 5044 sic
450 4987 760 5043 recitatum
793 4988 882 5038 est
906 4999 919 5038 :

410 5098 439 5128 ‹‹
469 5073 777 5139 Adalbere,
803 5071 998 5127 divina
1028 5072 1376 5144 propitiante
1408 5073 1738 5143 clementia,
1775 5080 1989 5130 sanctae

338 5162 706 5221 «Remensis
762 5160 1029 5217 Ecclesia}
1086 5162 1579 5234 archiepiscopus.
1613 5164 1830 5218 Netum
1890 5166 1993 5219 fiat

336 5276 360 5303 κ
396 5249 685 5308 universis
703 5253 821 5305 tam
840 5252 1226 5323 przesentibus
1243 5270 1416 5323 quam
1435 5252 1607 5307 etiam
1628 5252 1839 5308 futuris
1854 5253 1988 5309 iide-

334 5363 365 5393 ‹‹
396 5339 880 5410 libus,quondam
903 5341 1072 5395 nobis
1096 5341 1389 5413 episeepio
1420 5340 1610 5413 gratia
1641 5345 1698 5394 et
1729 5341 1990 5413 benigni-

334 5450 364 5481 α
396 5433 514 5485 tate
568 5428 726 5502 regia
782 5431 1130 5499 centradite,
1172 5435 1509 5486 sanctorum
1571 5445 1803 5499 quoque
1862 5429 1988 5486 loca

332 5541 363 5570 ‹‹
393 5517 666 5590 quedam
700 5518 759 5572 in
788 5518 1007 5573 honore
1058 5519 1285 5592 integro
1346 5516 1633 5587 reperisse
1664 5515 1986 5586 plurimum

331 5629 362 5659 α
387 5605 663 5675 valentia,
696 5608 963 5681 quaedam
1012 5626 1145 5664 vero
1192 5606 1453 5679 pristinae
1494 5604 1799 5674 dignitatis
1831 5610 1985 5663 statu

324 5718 361 5775 ,κ
388 5694 695 5791 ἓϐοἱοῐιῐθ
739 5714 981 5772 prorsus
1027 5697 1306 5769 neglecta.
1335 5693 1490 5748 Inter
1520 5710 1647 5765 quo:
1682 5692 1778 5750 ille
1808 5696 1984 5753 etiam

2104 4719 2315 4791 praesul
2338 4718 2527 4773 eidem
2542 4718 2786 4774 concilio
2799 4718 2915 4775 Deo
2928 4724 3162 4775 auctore
3176 4719 3496 4791 pontificali
3510 4722 3764 4776 auctori:

2101 4811 2219 4863 tate
2249 4809 2590 4879 praesidens,
2619 4825 2797 4863 manu
2832 4813 3034 4864 nostra
3056 4808 3453 4877 subseribens,
3475 4808 3635 4866 idem
3665 4828 3761 4867 ro-

2100 4896 2295 4952 beravi
2313 4914 2326 4964 ;
2344 4897 2445 4951 sed
2459 4901 2515 4951 et
2527 4898 2717 4953 ceteri
2731 4897 2888 4953 haud
2909 4915 3080 4955 secus
3105 4902 3459 4954 censuerunt
3478 4898 3763 4957 manibus

2102 4984 2395 5057 impositis
2427 4984 2665 5041 solidari
2700 4986 2808 5042 hoc
2850 4986 3045 5059 ipsum
3076 4985 3410 5059 pontificale
3440 4989 3762 5058 statutum,

2101 5074 2432 5147 apostolica:
2469 5075 2828 5132 auctoritatis
2877 5076 3179 5150 privilegio
3212 5075 3509 5149 petitionis
3541 5082 3765 5135 nostra:

2101 5165 2343 5220 obtentu
2379 5167 2767 5238 undecunque
2799 5166 3212 5233 subnixum,ac
3244 5182 3348 5237 per
3376 5164 3486 5220 hoc
3519 5181 3763 5223 summo

2098 5253 2307 5309 honeri
2337 5255 2613 5310 omnibus
2643 5259 2971 5311 reverenter
3000 5255 3359 5312 habendum.

2169 5344 2287 5416 Ego
2316 5344 2601 5400 Adalbero
2647 5350 2861 5401 sancta:
2912 5345 3219 5401 Remensis
3258 5342 3527 5401 Ecclesia":
3558 5345 3764 5403 archi-

2098 5432 2311 5503 prmsul
2343 5433 2665 5505 subscripsi
2697 5438 2754 5490 et
2780 5434 3167 5491 cerreboravi.

2168 5523 2286 5595 Ego
2318 5523 2485 5579 Wido
2518 5523 2960 5580 Suessionensis
2990 5524 3260 5579 Ecclesia:
3291 5522 3626 5597 episcopus.

2167 5611 2285 5683 Ego
2318 5609 2611 5668 llildricus
2645 5612 3010 5671 Belvacensis
3036 5614 3303 5671 Ecclesia:
3334 5613 3672 5688 episcopus.

2165 5702 2284 5775 Ege
2316 5700 2655 5760 Thebaldus
2682 5703 3098 5761 Ambianensis
3130 5705 3463 5785 episcopus,
