3912 6366
131 459 245 522 533

1071 458 1173 520 DE
1217 460 1402 523 VITA
1448 460 1512 521 S.
1560 460 1923 525 FOLGUINI
1969 461 2597 524 TAltVENNENSIS.
3424 463 3541 526 534

133 680 3543 703 m

1377 845 1703 917 PROLOG
1718 846 1819 917 US
1874 844 2281 918 AUCTORIS

200 1137 1775 1196 l.DilectissimisinChristosam-tiSithiensiscccnobii
1810 1144 1866 1209 Α
1896 1141 2321 1195 bzrreditariam
2354 1141 2785 1195 successionem
2837 1141 3023 1196 sortiti
3078 1143 3218 1198 estis
3258 1160 3391 1198 cum
3434 1142 3542 1202 ι]οὲ

134 1227 417 1295 fratribus,
454 1245 633 1284 unam
667 1230 1053 1301 eamdemque
1086 1231 1393 1284 nobiscum
1440 1231 1774 1285 tenentibus

135 1316 315 1381 ﬁdem,
352 1318 734 1387 sperantibus
768 1335 953 1389 spem,
990 1318 1481 1390 amplectentibus
1520 1320 1772 1375 Charita-

134 1407 258 1471 tem,
294 1406 626 1467 Focoumus
670 1411 962 1477 peccator,
998 1425 1170 1479 quem
1222 1410 1641 1463 Laubiensium
1687 1410 1772 1463 di-

135 1497 262 1547 cunt
303 1494 603 1562 abbatem,
636 1497 855 1549 summi
908 1495 1296 1568 specialisque
1347 1500 1543 1567 gaudii
1595 1500 1651 1552 in
1684 1516 1771 1568 eo,

134 1582 223 1655 qui
251 1599 377 1637 vere
406 1588 520 1653 est,
555 1600 692 1639 cum
725 1586 944 1639 sanctis
975 1586 1102 1655 ejus
1149 1588 1619 1658 perpetuitatem.
1657 1588 1771 1641 Me-

132 1688 247 1726 mor
272 1672 445 1726 vestri
484 1689 720 1745 semper
750 1672 807 1728 in
844 1674 1228 1741 orationibus,
1268 1676 1323 1730 in
1358 1694 1423 1731 ea
1458 1681 1618 1747 parte
1638 1694 1773 1747 erga

129 1777 219 1815 vos
249 1761 521 1828 arbitror,
557 1764 697 1835 quia
727 1779 825 1818 cro
858 1768 1196 1837 perpetuus,
1231 1766 1367 1835 quia
1412 1770 1541 1836 post
1589 1766 1771 1820 Deum

130 1849 182 1904 in
228 1849 514 1905 charitatc
568 1852 903 1923 diligendus
960 1858 1047 1907 est
1106 1856 1429 1925 proximus,
1475 1856 1766 1909 fortunam

131 1939 335 1995 scilicet
384 1956 584 1995 meam
643 1942 929 2013 dcpataus
985 1959 1085 1997 vos
1143 1942 1353 2009 valere,
1394 1949 1769 2015 vestrumque

129 2044 248 2083 cum
278 2029 669 2103 prosperitate
702 2047 1040 2086 successum
1074 2047 1139 2087 ac
1171 2032 1217 2087 si
1250 2050 1445 2087 meum
1480 2036 1687 2104 optans
1712 2034 1768 2087 in

129 2116 338 2173 Christo
368 2121 724 2191 perpetuum
766 2120 906 2174 fore.
940 2121 1025 2175 Ad
1057 2122 1213 2192 quod
1264 2138 1356 2175 me
1398 2127 1590 2177 vestra
1641 2123 1769 2193 qui-

131 2206 268 2273 dem,
302 2207 507 2275 fateor,
543 2207 801 2279 primum
850 2209 1047 2264 studia
1099 2212 1508 2277 accenderunt,
1544 2229 1678 2266 cum
1715 2213 1771 2266 in

132 2293 259 2365 ipsis
288 2312 430 2367 penc
460 2298 554 2367 (ut
584 2297 663 2351 ita
693 2297 909 2370 dicam)
942 2301 1279 2371 crepundiis
1312 2300 1662 2355 multimoda
1695 2304 1775 2355 in-

132 2383 416 2441 festatione
445 2386 823 2441 cessantibus
847 2387 1308 2459 propinquorum
1337 2390 1512 2455 curis,
1542 2390 1689 2445 hanc
1715 2391 1772 2445 in

131 2470 297 2536 vobis,
328 2488 443 2526 non
479 2472 615 2527 dico
644 2472 1139 2545 vicissitudinem,
1173 2478 1271 2531 sed
1306 2478 1623 2548 gratuitam
1661 2480 1770 2532 fra-

134 2560 466 2629 ternitatem,
528 2565 592 2615 ut
640 2561 1001 2633 explorarcm
1052 2566 1493 2636 compulerunt;
1525 2585 1640 2639 qua
1691 2569 1772 2622 ita

133 2664 257 2703 usus
285 2662 437 2718 sum,
470 2653 543 2704 ut
574 2667 728 2705 nunc
760 2651 921 2706 illam
954 2652 1165 2709 violare
1197 2656 1567 2727 sacrilegium
1620 2674 1768 2723 esse,

134 2736 323 2809 illaque
354 2755 559 2794 carere
610 2740 839 2795 facinus
887 2741 1030 2796 mihi
1080 2743 1349 2798 videatur
1398 2744 1768 2800 exsecrabile.

133 2823 413 2883 Enimvero
472 2828 854 2901 sacrilegium
906 2831 1080 2902 digne
1129 2832 1375 2887 dixerim
1426 2834 1769 2889 cliaritatcm

133 2913 340 2981 violare,
375 2917 423 2972 si
458 2917 704 2989 quidem
740 2918 812 2973 ab
853 2920 1127 2991 Apostolo
1178 2940 1291 2976 non
1345 2924 1597 2994 amplius
1650 2924 1767 2989 illa,

138 3017 291 3074 quam
340 3006 499 3077 quod
552 3006 706 3061 Deus
758 3012 865 3074 est,
902 3011 1299 3065 commendari
1350 3012 1560 3083 potuit,
1594 3014 1675 3068 sic
1706 3032 1770 3067 eo

139 3090 340 3148 dicente
372 3109 385 3147 :
417 3095 568 3149 Deus
594 3094 835 3149 rharilas
859 3103 938 3150 est
966 3097 1015 3164 (Ι
1038 3097 1191 3152 Joan.
1218 3116 1292 3164 ιν,
1322 3100 1427 3171 16).
1453 3100 1599 3170 Ergo
1624 3100 1771 3155 hanc

136 3178 324 3237 violare
353 3182 663 3238 Christum
695 3186 785 3239 est
818 3184 1139 3257 abnegarc;
1176 3188 1331 3258 quod
1370 3188 1512 3243 mihi
1546 3190 1773 3243 videtur

140 3266 251 3337 plus
292 3286 465 3343 quam
522 3272 899 3345 sacrilegium
954 3290 1100 3329 esse.
1155 3278 1309 3341 Qum,
1347 3276 1481 3331 licet
1530 3278 1771 3333 dilatato

143 3355 253 3411 sinu
282 3358 437 3430 ipsos
469 3360 750 3415 inimicos
796 3362 1088 3430 admittat,
1124 3366 1404 3419 ordinata:
1457 3370 1651 3420 tamen
1685 3366 1770 3420 di-

141 3440 379 3525 lectionis
406 3450 655 3505 modum
690 3451 944 3505 maxime
976 3451 1033 3506 in
1065 3453 1419 3509 domesticos
1456 3456 1585 3509 tidei
1630 3457 1769 3526 (Gal.

141 3544 204 3599 VI,
234 3535 313 3603 10)
340 3541 540 3594 tenere
574 3539 866 3609 cognovit.

197 3624 245 3676 2.
274 3623 484 3681 Prmter
503 3643 644 3699 ergo
658 3627 809 3683 hanc
826 3628 1196 3685 dilectionem
1216 3632 1471 3687 debitam
1496 3634 1772 3688 omnibus

145 3715 697 3770 communicantibus
718 3717 848 3770 ﬁdei
868 3720 1298 3789 ejus,vidclicct
1316 3740 1441 3793 quae
1464 3722 1769 3789 catholica,

145 3796 190 3852 id
216 3805 295 3855 est
325 3804 679 3860 universalis
710 3805 948 3876 dicitur,
983 3812 1069 3862 est
1102 3810 1243 3863 milii
1280 3811 1434 3882 apud
1466 3827 1566 3865 vos
1598 3813 1777 3883 quod-

1887 1231 2044 1284 mine
2079 1231 2494 1287 (Audomarum
2530 1236 2701 1299 atque
2738 1231 3038 1284 Bertinum
3074 1231 3244 1301 dico),
3268 1233 3536 1305 antiquo-

1887 1337 2017 1374 rum
2042 1320 2186 1374 satis
2210 1319 2659 1373 commendabat
2684 1320 3160 1389 auctoritas,ipii,
3182 1325 3378 1391 utpote
3399 1340 3537 1378 con-

1885 1408 2235 1480 tcmporalcs
2264 1408 2401 1477 sibi,
2434 1409 2513 1461 ita
2547 1409 2801 1477 quadam
2852 1408 3146 1461 vicinitate
3200 1414 3537 1479 nectuntur,

1886 1504 1972 1561 ut,
2008 1501 2147 1553 dum
2183 1516 2367 1552 unum
2419 1498 2695 1563 audieris,
2732 1496 2977 1551 alterum
3036 1496 3349 1568 intelligas,
3383 1502 3440 1554 et
3481 1500 3539 1555 in

1885 1590 2064 1659 hujus
2096 1586 2435 1660 operc,quis
2465 1586 2555 1639 ille
2583 1586 2775 1651 fuerit,
2796 1586 2961 1639 facile
2984 1604 3333 1657 praenoscas.
3360 1588 3543 1644 Sanc-

1885 1681 1978 1730 tus
2031 1694 2261 1747 quoque
2311 1677 2657 1738 Winnocus,
2700 1692 2834 1728 cum
2887 1690 2956 1728 ex
3009 1691 3122 1729 uno
3172 1677 3541 1747 superiorum

1884 1766 2152 1836 pendeat,
2178 1772 2231 1819 et
2259 1766 2380 1835 ipse
2414 1765 2556 1819 satis
2584 1764 2919 1833 descriptus
2940 1767 3392 1834 erat,quomodo
3411 1783 3539 1821 ves-

1887 1860 1973 1909 tra
2000 1854 2266 1927 palccstra
2288 1855 2417 1907 tidei
2447 1857 2655 1907 unctus
2680 1853 2831 1907 olivo
2851 1858 3024 1924 atque
3048 1855 3263 1908 virtute
3285 1854 3539 1911 instruc-

1880 1948 1998 2007 tus,
2016 1943 2199 2014 patris
2216 1945 2427 1997 ductus
2453 1943 2689 2007 laureis,
2706 1943 2905 1996 eadem
2930 1960 3042 2013 qua
3071 1948 3388 2015 przeccptor
3406 1946 3536 2016 ejus

1882 2032 2053 2085 laude
2073 2033 2347 2097 cucurrit,
2366 2033 2773 2102 mundumque
2792 2032 2900 2086 sibi
2921 2032 3298 2087 rebellantem
3320 2033 3535 2088 Christi

1881 2121 2095 2175 virtute
2128 2120 2441 2175 decoravit.
2477 2121 2588 2175 Sed
2622 2138 2654 2175 o
2690 2125 2889 2175 nostro
2921 2125 3208 2192 tempora,
3240 2139 3272 2177 o
3305 2121 3533 2179 moros!

1882 2209 2272 2264 venerabilem
2306 2211 2599 2280 siquidem
2616 2214 2669 2263 et
2689 2213 2807 2263 toto
2832 2211 3053 2265 mundo
3077 2210 3537 2281 praedicandum,

1885 2302 2151 2353 sanctum
2198 2299 2467 2353 videlicet
2514 2298 2887 2369 Folquinum,
2925 2300 3338 2355 modernorum
3395 2301 3538 2356 adeo

1886 2388 2138 2457 neglexit
2172 2388 2416 2453 incuria,
2455 2392 2517 2441 ut
2552 2388 2714 2442 nulla
2744 2388 2871 2457 ejus
2896 2393 3105 2459 prmter
3127 2405 3421 2444 rumorem
3445 2406 3543 2463 po-

1884 2477 2148 2547 pularem
2182 2477 2473 2531 videretur
2503 2495 2630 2530 esse
2665 2477 2945 2531 memoria
2978 2494 3201 2533 eorum.

1952 2566 2005 2619 3.
2042 2566 2224 2635 Igitur
2256 2564 2622 2637 negligentiae
2654 2570 2777 2633 (seu
2816 2565 2911 2619 illa
2947 2567 3140 2637 potius
3193 2566 3418 2622 incuria
3452 2566 3539 2621 di-

1882 2656 2065 2709 cenda
2099 2656 2206 2723 est)
2240 2656 2680 2721 suc-censebam,
2712 2660 2767 2707 et
2804 2656 3017 2708 tacitus
3048 2672 3180 2708 cum
3217 2655 3308 2709 his
3342 2656 3540 2711 animo

1882 2743 2325 2807 stmnacbabar;
2364 2744 2595 2797 tandem
2640 2742 3092 2797 eolluctantibus
3144 2743 3201 2797 in
3258 2759 3349 2797 me
3399 2758 3536 2797 cum

1884 2849 2083 2886 amore
2114 2831 2299 2885 sancti
2338 2833 2557 2902 pudore
2590 2830 2795 2903 puerili
2819 2836 2871 2885 et
2896 2832 3188 2903 imperitia
3217 2832 3409 2886 cordis
3439 2831 3538 2887 ob-

1882 2922 2019 2981 tusi,
2054 2919 2476 2975 Pisonianoillo
2497 2920 2635 2973 vitio
2660 2920 2951 2985 laborans,
2971 2921 3066 2992 qui
3093 2937 3227 2975 cum
3248 2920 3405 2991 loqui
3432 2935 3534 2976 ne-

1885 3010 2076 3077 sciret,
2111 3016 2298 3063 taccre
2332 3026 2444 3063 non
2479 3010 2698 3080 potuit;
2726 3009 2795 3063 ad
2820 3008 2980 3064 illius
3001 3009 3181 3064 vitam
3206 3008 3536 3065 describen-

1883 3101 2018 3153 dam
2044 3098 2303 3153 animum
2332 3098 2529 3153 induxi
2556 3118 2567 3166 ;
2594 3098 3009 3170 calamumque
3031 3097 3111 3153 illi
3138 3098 3533 3168 committens,

1885 3188 1981 3259 qui
2006 3189 2239 3260 linguas
2264 3187 2579 3242 infantium
2607 3188 2739 3242 facit
2766 3188 3035 3257 disertus,
3054 3206 3236 3243 novus
3254 3187 3414 3244 velut
3433 3189 3536 3243 Ar-

1884 3278 2073 3349 pinas,
2091 3278 2430 3349 repentinus
2456 3283 2657 3332 auctor
2676 3277 2902 3333 emersi.
2921 3277 3136 3332 Verum
3156 3277 3537 3333 reminiscens

1883 3366 2044 3419 illius
2075 3366 2358 3437 Erisippei
2385 3367 2787 3436 sophismatis,
2815 3368 2860 3420 si
2889 3366 3249 3433 mentiris,id
3274 3368 3429 3439 quod
3451 3383 3541 3423 ve-

1883 3472 2013 3509 rum
2049 3456 2215 3521 dicis,
2253 3456 2551 3521 mentiris;
2579 3455 2722 3509 nihil
2748 3455 2905 3532 aliud
2929 3455 3118 3526 posui,
3144 3455 3279 3509 licet
3300 3455 3369 3510 de
3391 3454 3538 3526 ipsis

1884 3544 2053 3615 plura
2084 3544 2480 3615 pra-tericrim,
2506 3562 2683 3615 quam
2709 3546 2860 3615 quod
2887 3560 3087 3598 eorum
3112 3543 3339 3615 percepi
3362 3542 3540 3596 tradi-

1884 3633 2059 3701 tione,
2094 3650 2341 3703 quorum
2368 3633 2747 3703 approbanda
2766 3636 2887 3687 erat
2912 3632 3335 3704 gravitas,cum
3360 3628 3536 3685 refel-

1883 3722 2054 3776 lenda
2088 3740 2200 3775 non
2234 3726 2387 3775 esset
2418 3720 2756 3774 auctoritas.
2793 3720 2966 3775 Porro
3001 3737 3068 3775 nc
3100 3718 3535 3775 contribulibus

1884 3828 2091 3865 causas
2123 3810 2329 3865 exinde
2361 3811 2623 3864 offerrem
2650 3808 3155 3880 calumniandi,ut
3176 3813 3265 3863 est
3285 3825 3535 3865 consue-

145 3886 255 3944 dam
287 3894 673 3967 prmcipuum,
705 3894 762 3949 id
796 3901 902 3963 est,
938 3902 1003 3952 ut
1036 3898 1429 3954 eatechizatus
1477 3902 1641 3955 vobis
1672 3918 1771 3955 ca-
1806 3901 1847 3967 C
1890 3901 2109 3955 tudinis
2132 3900 2521 3971 quorumdam
2550 3915 2857 3970 puerorum
2883 3916 2982 3966 ;ea
3004 3916 3130 3970 qua:
3155 3898 3533 3970 dictaveram,

148 3977 550 4037 techizantibus
585 3983 641 4037 in
676 3984 953 4039 omnibus
988 3987 1157 4041 bonis
1196 3989 1647 4058 communicem,
1685 4007 1774 4045 sc-

147 4068 372 4125 cundum
422 4072 689 4142 Apostoli
743 4072 966 4129 dictum
1015 4076 1153 4147 (Gul.
1187 4094 1265 4143 γι,
1298 4077 1387 4148 6);
1424 4081 1545 4133 tum
1598 4082 1773 4134 etiam

147 4162 353 4240 propter
381 4165 663 4233 patronos
696 4161 805 4216 loci
848 4167 905 4218 et
954 4169 1291 4221 sanctorum
1342 4169 1653 4240 pignorum
1690 4188 1775 4223 re-

147 4239 352 4316 liquias,
403 4252 622 4322 quibus
682 4266 797 4322 pra)
857 4254 1132 4310 omnibus
1182 4239 1388 4311 vicinis
1438 4258 1772 4326 abundatis,

150 4346 483 4410 quorumque
517 4341 865 4412 patrocinio,
889 4341 1170 4415 singulari
1197 4347 1450 4416 quodam
1477 4346 1777 4418 privilegio

150 4422 442 4493 exsultatis,
476 4442 757 4499 quorum,
792 4429 929 4501 quia
953 4431 1120 4497 mihi,
1146 4430 1284 4487 licet
1302 4450 1406 4504 per
1431 4433 1616 4488 nuilta
1639 4435 1777 4488 vitia

153 4507 418 4585 deﬂuenti,
450 4520 690 4571 exorata
736 4535 967 4591 semper
1014 4521 1202 4575 adfuit
1250 4522 1531 4589 defensio,
1568 4527 1633 4577 ut
1680 4540 1778 4579 eos

153 4599 356 4666 speciali
389 4609 523 4676 post
556 4604 743 4661 Deum
788 4608 1092 4664 devotione
1141 4610 1513 4682 complectar,
1550 4615 1607 4666 et
1639 4612 1778 4668 utile

154 4684 275 4742 mihi
298 4689 525 4747 videtur
562 4693 786 4750 bonum
833 4701 890 4751 et
938 4715 1221 4770 magnum
1274 4700 1512 4766 bonum,
1546 4704 1603 4754 et
1633 4718 1775 4772 quo-

156 4786 263 4830 rum
291 4781 508 4836 meritis
544 4782 631 4838 fas
663 4783 740 4839 sit
766 4801 1000 4856 sperare
1029 4804 1330 4843 summum
1364 4789 1605 4843 bonum.
1632 4789 1778 4844 Huic

156 4873 268 4935 ergo
295 4869 493 4935 amori,
531 4871 629 4942 qui
665 4886 895 4927 mecum
929 4873 1136 4946 primis
1177 4875 1427 4929 adolevit
1475 4876 1776 4947 auspiciis,

158 4963 212 5003 ea
238 4962 587 5015 commutata
618 4964 707 5016 est
730 4950 1001 5032 intentio,
1024 4982 1139 5019 non
1165 4969 1302 5031 tota,
1330 4969 1395 5019 ut
1420 4964 1565 5019 mihi
1585 4965 1775 5020 visum

159 5041 246 5105 est,
298 5045 555 5116 puerilis,
618 5054 687 5103 ut
744 5049 905 5105 laudi
959 5069 1183 5118 eorum,
1235 5069 1352 5124 qua
1412 5070 1524 5106 non
1585 5057 1775 5123 egent,

160 5128 491 5191 satisfactum
525 5141 822 5208 putarem,
856 5141 903 5196 si
938 5141 1242 5213 quidpiam
1273 5142 1440 5196 vobis
1474 5158 1651 5195 manu
1684 5158 1777 5197 vc-

163 5213 317 5303 pisset
346 5224 767 5297 antiquiorum,
800 5231 955 5301 quod
987 5246 1187 5285 eorum
1223 5232 1432 5303 cuique
1483 5231 1777 5285 festivitati

162 5315 210 5354 ιη
237 5305 468 5380 Singulis
504 5315 857 5388 quibusque,
892 5338 1041 5391 quas
1072 5320 1248 5376 Grarci
1285 5339 1529 5391 synaxcs
1554 5321 1775 5387 dicunt,

166 5403 445 5467 congruere
478 5409 536 5456 et.
569 5404 638 5458 uti
674 5406 903 5461 laudem
940 5409 1037 5463 Dei
1086 5426 1188 5481 per
1234 5428 1491 5463 anmrem
1549 5416 1779 5465 sancto~

167 5489 657 5553 1'“m,au(lienti11m
681 5495 910 5553 animos
930 5498 1218 5553 incitaret.
1239 5499 1478 5553 Porroin
1508 5506 1778 5571 promptu

168 5575 302 5660 erant
328 5575 635 5649 aliquanta:
667 5587 867 5659 copim,
898 5592 1028 5660 qum
1078 5590 1211 5643 huic
1264 5591 1571 5645 intentioni
1626 5591 1780 5647 vidc—

170 5651 351 5751 bantur
377 5668 705 5730 satisfacere
740 5693 929 5747 posse.
964 5678 1224 5751 Denique
1264 5697 1463 5734 eorum
1514 5679 1694 5734 vitam
1727 5685 1783 5736 et

172 5749 327 5820 actus,
359 5770 606 5826 quorum
636 5766 906 5835 gaudetis
935 5749 1385 5841 principalitate,
1414 5786 1783 5841 quorumque

1887 3990 2103 4044 silentii
2139 3990 2207 4043 ad
2245 3993 2477 4060 tempus
2528 3988 2802 4043 claustris
2850 3988 3141 4056 commisi,
3176 3991 3349 4060 atque
3396 3987 3536 4043 huic

1888 4079 2155 4150 tempori,
2193 4096 2306 4149 quo
2339 4077 2645 4148 paululum
2674 4077 3075 4133 emcndatiora
3102 4078 3421 4150 prodirent,
3447 4094 3537 4133 rc-

1888 4168 2142 4234 servavi;
2179 4173 2231 4222 ct
2266 4167 2401 4239 quia
2433 4185 2581 4238 opus
2623 4173 2745 4222 erat
2790 4168 3191 4238 astipulatore,
3228 4168 3399 4239 cujus
3430 4166 3539 4223 hoc

1886 4254 2033 4327 opus
2068 4258 2400 4310 firmaretur
2429 4255 2811 4323 auctoritate;
2847 4255 3107 4311 dedicavi
3152 4255 3299 4310 illud
3350 4256 3539 4325 vobis,

1888 4345 2111 4416 tibique
2140 4363 2316 4415 quam
2366 4344 2637 4410 maxime,
2674 4346 2999 4399 venerande
3050 4344 3217 4398 Pater
3262 4342 3535 4412 \Valtere,

1888 4435 1979 4489 cui
2012 4440 2218 4505 praeter
2242 4434 2317 4493 id,
2340 4434 2493 4503 quod
2520 4451 2650 4486 cum
2678 4432 2899 4487 cmteris
2924 4432 3066 4485 mihi
3091 4436 3179 4485 est
3201 4447 3534 4497 commune,

1887 4523 2184 4595 singulare
2205 4522 2484 4593 quiddam
2505 4522 2705 4589 debeo,
2720 4520 2805 4575 vel
2828 4526 3063 4594 propter
3087 4520 3303 4575 Bcrtini
3324 4520 3536 4587 vicem,

1888 4613 1973 4667 vel
2009 4617 2244 4684 propter
2274 4627 2424 4680 eam,
2457 4628 2581 4681 qua:
2616 4610 2921 4665 nobiscum
2973 4610 3241 4678 accrevit,
3275 4608 3536 4666 dilectio-

1889 4718 2044 4757 nem.
2080 4702 2182 4768 Tc,
2208 4700 2472 4771 inquam,
2500 4704 2553 4753 to
2579 4700 2863 4754 arbitrum
2890 4704 2945 4754 et
2967 4700 3333 4755 defensorem
3355 4698 3538 4771 hujus

1888 4790 2080 4862 operis
2113 4790 2354 4851 habens,
2391 4793 2665 4843 ezcterum
2700 4788 2769 4841 de
2791 4787 3285 4845 obtrectatoribus
3315 4804 3429 4843 non
3452 4792 3543 4844 est

1889 4879 2070 4947 tanti;
2106 4878 2203 4951 qui
2239 4879 2284 4931 si
2330 4879 2474 4931 t'orte
2528 4877 2868 4932 calumniati
2923 4878 3138 4933 fuerint
3189 4895 3301 4946 me,
3335 4879 3542 4935 modos

1888 4967 2623 5033 COHDPXiﬂllUlllf‘tC(l'tCl'il,
2641 4985 2765 5038 qua:
2792 4966 2871 5020 illi
2899 4968 2969 5021 de
2992 4966 3208 5039 quibus
3232 4968 3340 5023 sub
3364 4967 3541 5024 unius

1889 5056 2081 5128 specie
2114 5056 2349 5123 dicitur,
2381 5073 2507 5127 qua:
2532 5057 2846 5127 sophistice
2871 5057 3150 5128 loquitur,
3171 5056 3408 5113 odibilis
3430 5060 3538 5125 est,

1890 5149 2163 5212 tractant,
2181 5162 2297 5198 non
2320 5145 2455 5199 obsc
2467 5161 2659 5199 rvasse
2685 5163 2696 5199 :
2725 5147 2991 5200 noverint
3010 5145 3330 5202 Ecclesium
3345 5145 3543 5202 Chris-

1890 5234 1928 5288 ti
1964 5233 2195 5307 regulas
2229 5234 2355 5301 has,
2392 5236 2659 5306 quamvis
2690 5234 2898 5289 harum
2933 5251 3164 5307 quoque
3197 5233 3404 5290 notitia
3426 5250 3542 5290 non

1890 5329 2103 5387 careat,
2122 5329 2328 5395 slmnte
2350 5324 2709 5394 repudiasse,
2729 5326 3045 5397 prmsertim
3067 5344 3196 5381 cum
3214 5324 3383 5395 longe
3408 5328 3544 5380 ante

1894 5432 1999 5467 nos
2034 5413 2251 5466 dictum
2289 5413 2385 5477 sit,
2420 5431 2607 5466 verum
2646 5432 2771 5465 esse
2804 5414 2989 5485 legem
3024 5411 3540 5483 liistori:e,simpli-

1893 5502 2037 5556 citer
2068 5519 2156 5570 ea,
2192 5520 2317 5573 qum
2352 5503 2506 5555 fama
2538 5502 2808 5573 vulganle
2837 5503 3213 5574 colliguntur,
3235 5501 3303 5553 ad
3330 5499 3546 5554 instru-

1893 5592 2143 5646 ctionem
2191 5591 2548 5663 posteritatis
2597 5590 2803 5645 litteris
2853 5591 3282 5645 emuniendare.
3317 5587 3543 5641 Abeant:

1895 5698 2051 5751 ergo,
2088 5686 2143 5735 et
2172 5680 2377 5752 qum'is
2427 5696 2634 5749 genere
2686 5679 3046 5733 locutionum
3098 5674 3410 5748 pra'dicent
3456 5672 3536 5726 illi

1897 5788 2036 5826 suos
2068 5770 2331 5835 Catones,
2367 5768 2485 5822 sive
2518 5767 2689 5836 rigidi
2724 5766 2840 5821 sint
2870 5765 2974 5831 illi,
3008 5763 3126 5819 sive
3156 5758 3434 5825 censorii;
3471 5774 3537 5814 ac
