3912 6352
149 466 273 528 537.

1076 463 1178 525 DE
1225 462 1416 527 νιΤΑ
1461 463 1528 525 S.
1576 460 1943 525 FOLCUINI
1988 462 2608 530 TARVENNENSIS.

3437 466 3565 537 538

149 616 313 673 quam
342 598 604 656 consilits
625 602 891 668 utens,et
912 603 976 655 ut
998 602 1130 655 ante
1151 616 1259 655 nos
1280 597 1502 655 dictum
1520 598 1783 665 est,mul-
1811 596 1867 664 Α
1899 597 2179 655 fraudans
2211 602 2520 672 sparsit,id
2557 601 2674 659 illis
2711 601 2977 671 accrevit,
3005 619 3110 659 nec
3139 604 3347 673 ventri,
3371 609 3437 661 ut
3465 607 3561 663 est

150 697 263 745 tum
279 689 642 762 eloquentiae,
661 688 963 761 sapientiae
989 705 1217 759 parum.
1237 688 1420 758 Cujus
1440 687 1786 743 indomitam

150 778 460 834 barbariem
484 783 542 833 et
560 795 796 849 semper
810 778 883 833 ad
907 777 1128 831 malum
1150 777 1459 849 proclivem
1485 795 1597 831 non
1621 778 1787 832 facile

149 871 261 923 erat
291 867 580 939 restringi,
605 867 720 921 uisi
754 868 1062 940 prudentia
1088 872 1146 921 et
1177 866 1536 939 perspicacia
1567 867 1788 921 summi

148 962 199 1014 et
226 954 597 1013 ecclesiastici
630 956 761 1011 viri.

210 1046 259 1100 9.
280 1046 460 1117 Igitur
480 1044 668 1116 plebis
691 1044 869 1115 hujus
890 1044 1134 1099 ecclesia
1158 1049 1385 1116 pastore
1405 1050 1481 1113 (2)
1513 1051 1636 1100 erat
1663 1046 1788 1100 des-

149 1135 309 1189 tituta
336 1151 347 1188 :
381 1135 483 1189 sed
520 1151 655 1205 cum
678 1135 748 1189 de
768 1134 1037 1205 pontiﬁce
1060 1138 1329 1206 ageretur
1352 1135 1783 1203 substituendo,

148 1224 237 1278 diu
261 1222 536 1278 scrutatis
566 1222 864 1293 omnibus,
898 1223 1131 1296 dignior
1162 1241 1332 1279 nemo
1384 1225 1653 1279 inventus
1698 1230 1788 1279 est

150 1312 435 1385 Folquino.
457 1311 523 1367 In
556 1313 728 1384 cujus
750 1311 1032 1368 electione
1053 1330 1268 1384 anceps
1289 1312 1455 1385 plebs
1477 1318 1565 1368 est
1588 1317 1789 1374 secuta

150 1401 220 1456 nil
249 1400 494 1467 varium,
527 1402 630 1456 sed
662 1405 794 1456 vota
814 1402 1091 1457 omnibus
1122 1402 1278 1457 hunc
1303 1403 1412 1457 sibi
1432 1403 1557 1457 dari
1576 1420 1785 1474 popos-

150 1490 218 1546 cit
263 1490 626 1562 episcopum,
661 1494 865 1546 secuta
912 1495 1256 1563 magnatum
1316 1496 1374 1547 et
1420 1491 1603 1547 totius
1649 1491 1784 1547 cleri

150 1595 508 1634 consensum.
544 1579 694 1645 Quid
726 1578 939 1650 plura?
969 1579 1354 1651 Complacuit,
1384 1581 1499 1635 Deo
1542 1580 1784 1653 gratias,

149 1667 525 1740 imperatoria:
558 1666 853 1740 potestati,
896 1667 1190 1724 Ludovico
1232 1668 1520 1738 videlicet,
1551 1671 1648 1743 qui
1681 1671 1787 1726 Ca-

148 1757 256 1811 mlo
283 1762 652 1813 successerat
678 1757 862 1829 patri;
896 1762 954 1813 et
983 1774 1049 1812 eo
1081 1760 1433 1814 concedente
1453 1759 1615 1816 urbis
1646 1762 1785 1815 Tar-

144 1860 327 1900 vennaa
355 1848 742 1901 consecratur
769 1846 1038 1912 antistes,
1070 1852 1365 1917 prmeunte
1403 1847 1462 1901 in
1510 1849 1787 1904 omnibus

1898 688 2306 743 consuetudini
2338 691 2717 761 quibusdam,
2739 692 3073 757 reservavit,
3107 693 3325 764 quippe
3355 696 3455 765 qui
3483 696 3557 750 de

1898 776 2153 830 crastino
2208 795 2322 833 non
2374 778 2627 833 multum
2682 779 2967 834 sollicitus
3016 781 3146 834 fuit.
3183 781 3429 838 Difﬁcile
3468 786 3558 839 est

1900 867 2167 937 prosequi
2204 867 2434 939 qualem
2474 887 2533 923 se
2566 869 2896 925 exhibuerit
2919 888 3121 925 Servus
3144 872 3407 941 Domini;
3433 878 3556 927 tan-

1896 959 2023 1009 tum
2058 961 2119 1009 ut
2152 958 2315 1010 dotes
2345 960 2473 1028 ejus
2496 976 2941 1030 prosequamur,
2959 977 3254 1015 summam
3279 962 3545 1017 omnium

1896 1044 2177 1098 virtutum
2212 1045 2294 1100 sic
2325 1046 2635 1111 continuit,
2662 1049 2881 1103 formas
2908 1049 3074 1119 quasi
3112 1054 3322 1104 natura
3351 1051 3555 1106 nativae

1898 1133 2178 1188 bonitatis
2211 1134 2321 1187 sibi
2353 1136 2537 1190 artius
2571 1136 2842 1191 insertas.

1970 1222 2057 1277 40.
2093 1221 2285 1277 Sitbiu
2333 1227 2421 1278 est
2470 1224 2725 1280 virorum
2774 1226 2874 1281 Dei
2911 1226 3263 1295 coenobium,
3298 1230 3355 1283 et
3398 1227 3458 1283 in
3490 1244 3556 1284 eo

1898 1310 2183 1366 memoria
2208 1311 2394 1367 multa
2415 1317 2775 1368 sanctorum.
2792 1314 3072 1369 Parocbia
3087 1320 3178 1369 est
3193 1316 3559 1371 Tarvennen-

1898 1399 1980 1455 sis
2027 1402 2323 1473 episcopi;
2359 1401 2493 1457 licet
2554 1402 2997 1474 imperatorum,
3050 1421 3153 1458 seu
3211 1404 3559 1461 universalis

1898 1507 2080 1562 papze,
2117 1494 2174 1545 et
2204 1489 2393 1562 ipsius
2442 1491 2599 1546 sedis
2649 1491 3059 1565 episcoporum
3112 1491 3559 1549 immunitatum

1897 1577 2217 1651 privilegiis
2248 1579 2480 1651 polleat.
2505 1580 2564 1634 id
2600 1584 2739 1635 tunc
2772 1581 2935 1653 Iiugo
2969 1581 3227 1654 regebat,
3253 1581 3345 1637 cui
3369 1582 3558 1639 Ludo-

1895 1666 2059 1722 vicus
2108 1668 2304 1736 frater,
2342 1673 2508 1740 pater
2549 1668 2790 1724 Carolus
2839 1674 2984 1725 erat.
3017 1671 3168 1725 Sane
3224 1672 3555 1728 cmnobium

1898 1753 2043 1809 illud
2075 1755 2415 1826 bipertitum
2449 1760 2557 1812 est.
2594 1757 2741 1811 Nam
2764 1756 3041 1813 inferiora
3063 1759 3357 1827 monachi,
3382 1776 3556 1832 supe-

1898 1842 2051 1899 riora
2082 1844 2347 1899 canonici
2379 1845 2674 1912 obtinent;
2708 1850 2765 1901 et
2796 1846 2853 1900 hi
2875 1847 3557 1916 Andomari,illiBertini

144 1933 421 1991 voluntate
453 1933 713 1990 Domini.
744 1936 968 1990 Auctus
998 1952 1135 2008 ergo
1168 1936 1571 1993 benedictione
1617 1937 1786 2009 spiri-
1819 1970 1868 2036 Β
1901 1933 2242 2036 patrociniis
2273 1936 2551 2036 gaudent.

145 2022 294 2091 tuali,
312 2023 481 2079 auxit
500 2040 677 2095 opera
697 2023 933 2095 pietatis
956 2029 1014 2081 et
1044 2024 1200 2092 fidei,
1218 2026 1486 2097 praebens
1518 2044 1578 2083 se
1612 2027 1787 2083 talem

146 2112 196 2167 in
212 2112 672 2180 omnibus,sicut
687 2113 929 2169 decebat
949 2130 1182 2169 servum
1201 2115 1454 2170 Domini.
1469 2116 1638 2171 Enim
1655 2133 1788 2173 vero

145 2201 405 2270 quoniam
432 2205 842 2274 pugnaturum
866 2219 928 2257 se
945 2207 1149 2257 contra
1169 2203 1497 2275 spiritualia
1517 2206 1787 2277 nequitiae

146 2287 314 2358 scivit,
338 2293 494 2345 artes
536 2304 738 2344 secum
771 2290 1327 2365 exercitationesque
1356 2294 1663 2363 virtutum,
1696 2312 1787 2351 ar-

147 2394 231 2433 ma
255 2378 387 2435 ﬁdei
419 2397 543 2451 prae
575 2396 638 2435 se
668 2377 821 2447 tulit,
838 2379 1161 2452 disciplinae
1191 2382 1451 2453 vigorem
1485 2383 1567 2439 ita
1599 2386 1790 2440 mode-

146 2471 294 2523 ratus
321 2472 431 2534 est,
456 2471 527 2523 ut
554 2483 692 2522 cum
724 2484 974 2523 censura
995 2469 1206 2540 judicii
1238 2488 1408 2545 nemo
1459 2471 1556 2527 illo
1600 2474 1789 2543 magis

148 2555 428 2627 popularis
456 2560 649 2624 esset;
681 2573 916 2612 rursum
948 2558 1247 2629 popularis
1278 2576 1413 2615 cum
1445 2567 1618 2629 esset,
1654 2578 1787 2617 cen-

149 2660 280 2699 sura;
309 2645 586 2701 ordinem
635 2662 754 2701 non
805 2646 1120 2701 amitteret.
1156 2647 1249 2702 Sic
1290 2650 1472 2704 vitam
1506 2651 1786 2719 instituit,

148 2732 284 2789 utin
308 2737 594 2790 neutrum
625 2734 837 2791 horum
869 2736 1110 2807 pronior
1134 2737 1326 2794 fuerit.
1362 2739 1555 2795 Media
1600 2740 1790 2795 chari-

146 2823 250 2878 tate
277 2827 583 2880 constrata
602 2827 761 2891 sunt,
781 2840 969 2897 neque
1000 2825 1211 2881 maluit
1241 2844 1375 2882 oves
1397 2829 1508 2884 sibi
1540 2828 1792 2885 creditas

148 2925 657 2985 perperam,quam
690 2916 846 2968 recte
878 2914 1104 2985 egisse:
1130 2916 1232 2971 sed
1268 2933 1373 2971 nec
1404 2917 1625 2989 ignovit
1666 2935 1790 2973 ma-

148 2995 227 3067 lis,
247 3004 308 3055 ut
336 3001 531 3057 bonas
562 3001 859 3072 perditum
892 3001 1018 3057 iret.
1057 3002 1276 3060 Revera
1307 3006 1479 3061 scivit
1508 3006 1592 3061 uti
1617 3007 1788 3063 ferro.

147 3086 224 3143 Sic
252 3089 464 3145 etenim
518 3090 750 3145 studuit
797 3094 863 3145 ut
907 3098 1123 3147 sancta:
1173 3095 1346 3149 matri
1392 3095 1659 3151 Ecclesia)
1691 3101 1793 3152 aut

147 3176 492 3235 munimento
533 3184 712 3247 esset,
734 3184 839 3234 aut
869 3188 1215 3238 ornamento
1246 3184 1614 3240 munimento
1644 3191 1791 3241 exte-

147 3263 271 3333 rius,
290 3272 644 3324 ornamento
675 3268 945 3325 interius.
963 3270 1074 3325 Sed
1101 3270 1235 3326 etin
1260 3272 1453 3329 verbis
1482 3274 1612 3345 ejus
1642 3279 1698 3329 et
1730 3274 1787 3329 in

148 3350 412 3411 locutione
441 3356 753 3413 communi
785 3374 901 3412 non
935 3362 1060 3414 erat
1097 3359 1332 3428 levitas;
1367 3341 1787 3418 confabulaba-
1818 3341 1863 3409 (ἶ

152 3444 231 3497 tur
277 3462 533 3518 namque
590 3444 915 3502 utillimum
965 3447 1185 3519 aliquid
1242 3466 1378 3505 cum
1427 3451 1656 3523 quovis,
1688 3456 1794 3508 aut

148 3532 522 3590 meditabatur
551 3534 616 3589 id
648 3534 845 3606 ipsum
867 3536 927 3590 in
952 3538 1176 3608 quovis.
1198 3538 1263 3593 ln
1288 3538 1415 3611 ipso
1441 3540 1791 3612 praesulatus

146 3620 223 3676 sui
244 3620 402 3680 initio
433 3623 524 3679 sic
560 3623 837 3695 apparuit
884 3630 1168 3696 aptus,ac
1199 3628 1248 3683 si
1300 3630 1632 3699 przet'uisset
1660 3630 1789 3685 diu-

148 3707 265 3775 tius,
295 3712 370 3766 ad
400 3712 567 3784 quod
599 3712 826 3767 noviter
855 3713 1527 3785 fueratinthronizatus;
1562 3718 1633 3772 de
1665 3719 1792 3773 reli-

148 3796 293 3867 gione
322 3800 588 3871 primum
623 3804 682 3855 et
711 3799 873 3857 cultu
896 3802 1190 3874 Dei,quod
1213 3804 1393 3860 (ΞΡωοί
1426 3806 1788 3861 theosebiam

147 3884 341 3955 dicunt,
357 3888 711 3946 canonicam
733 3894 791 3944 et
820 3891 1200 3962 apostolicam
1224 3899 1462 3949 secutus
1484 3899 1573 3951 est
1596 3901 1790 3952 aucto-

147 3971 372 4044 ritatem,
388 3976 674 4033 videlicet
692 3982 761 4032 ut
787 3976 1062 4034 omnibus
1085 3978 1302 4051 quibus
1322 3998 1463 4036 cura
1488 3999 1597 4037 sua
1618 3982 1789 4037 inter-

147 4068 376 4132 erat,cor
402 4082 600 4123 unum
630 4070 688 4121 et
708 4066 906 4122 anima
921 4072 1105 4135 esset;
1129 4073 1185 4124 et
1201 4069 1487 4141 quidquid
1509 4071 1786 4127 indecens

145 4145 192 4204 in
233 4152 476 4210 ecclesia
525 4170 642 4210 sua
685 4152 776 4209 vel
824 4154 1225 4210 eﬂ'eminatum
1272 4155 1527 4223 videbat,
1558 4174 1694 4213 vera
1731 4161 1790 4214 et

148 4238 411 4307 spirituali
460 4243 918 4299 circumcisione
970 4243 1425 4316 diligentissime
1477 4251 1784 4315 resecaret,

150 4341 298 4385 suum
328 4331 637 4388 aestimans
669 4332 1416 4405 detrimentum,quidquid
1450 4334 1510 4389 in
1532 4335 1789 4393 subditis

151 4424 425 4488 maturet
436 4421 732 4494 ineptum;
746 4438 923 4477 suum
934 4423 1226 4494 deputans
1238 4422 1786 4495 lucrum,quidquid

151 4502 353 4563 cultura
394 4507 622 4565 Christi
679 4514 1005 4582 reportari;
1051 4510 1450 4579 fructiferum;
1482 4529 1660 4583 quam
1704 4511 1787 4568 sic

152 4595 354 4652 studuit
373 4598 663 4665 excolere,
676 4602 743 4653 ut
772 4616 887 4654 non
928 4599 1123 4684 aliquo
1144 4599 1432 4673 indigeret
1462 4601 1784 4673 putamine,

153 4694 265 4774 cum
284 4685 515 4743 nullum
534 4685 664 4741 vitii
685 4702 872 4759 genus
894 4688 1104 4743 saltem
1129 4705 1201 4745 ex
1218 4689 1411 4745 radice
1432 4690 1650 4745 sineret
1665 4707 1791 4746 coa-
1818 4709 1867 4774 Β

154 4765 577 4831 lescere.Semet
607 4775 735 4831 suis
764 4776 838 4831 ad
860 4776 1217 4833 imitandum
1251 4778 1546 4849 specimen
1574 4780 1790 4850 praebe-

156 4854 236 4913 bat
260 4866 314 4917 et
339 4864 674 4935 specutlum.
707 4865 830 4920 Non
864 4865 1022 4921 enim
1052 4865 1165 4922 sibi
1197 4866 1305 4922 soli
1354 4867 1785 4939 negotiabatur,

155 4947 236 5001 sed
263 4953 525 5008 omnium
546 4952 805 5009 salutem
836 4954 1055 5010 laboris
1086 4955 1177 5011 sui
1201 4957 1551 5011 commercio
1574 4973 1789 5028 qumre-

157 5030 322 5094 δεῖ.Ξὶ
352 5042 656 5115 quispiam
688 5059 972 5116 magnum
1005 5044 1146 5115 quid
1177 5043 1238 5099 in
1268 5045 1550 5117 religione
1580 5046 1784 5101 molie-

157 5118 322 5195 batur,
343 5128 500 5187 hunc
532 5130 707 5203 quasi
734 5132 1242 5188 suocentnriatum
1270 5133 1331 5188 in
1353 5133 1476 5190 acie
1496 5134 1693 5191 divina
1723 5153 1786 5192 se

159 5216 558 5275 sustentantem
587 5221 842 5293 agnovit.
876 5221 956 5277 De
987 5223 1345 5294 pauperibus
1383 5241 1518 5279 vero
1567 5224 1785 5280 Cfiristi

160 5304 394 5361 nonnihil
428 5309 720 5366 sollicitus
744 5315 888 5379 erat,
904 5329 1041 5367 nam
1064 5313 1220 5384 quod
1254 5314 1325 5368 de
1348 5331 1553 5369 mensa
1568 5332 1677 5370 sua
1696 5316 1791 5371 de-

183 5483 192 5491 _
218 5420 284 5498 (2)
308 5420 521 5495 Nempe
552 5426 1149 5498 Erkembaldo,cujus
1174 5427 1417 5498 proinde
1438 5429 1633 5484 obitus
1658 5447 1790 5485 con-

162 5485 603 5570 tigiiaanJSI’Z,
636 5514 703 5551 ex
734 5485 1399 5570 ρυωνίειόὶίέριἾῖίιιίοιω,
1436 5519 1491 5555 n.
1528 5502 1579 5554 4.

217 5560 287 5629 (3)
309 5563 535 5643 Scripta
566 5560 686 5624 haec
718 5560 858 5643 sunt
903 5587 936 5643 a
970 5569 1263 5643 _Folcardo
1308 5560 1396 5643 in,
1420 5571 1567 5625 libro
1597 5572 1788 5643 primo

249 5622 743 5714 miraciitjssancti
765 5640 981 5714 Bertini
1000 5643 1200 5714 cap._8,
1219 5642 1315 5713 qui
1354 5642 1502 5698 liber
1541 5622 1790 5714 habetur

162 5692 209 5783 in
235 5706 415 5783 §azculi
446 5709 499 5763 II
540 5692 719 5783 parte
736 5692 1067 5782 ptisana
1075 5692 1368 5782 instas
1380 5692 1457 5768 ’ἐξ
1476 5692 1686 5768 sane:
1694 5692 1785 5768 ἑιᾶ

163 5762 216 5822 ln
242 5769 324 5829 his
350 5762 1368 5859 capjvmeumanteeaiiggiuia
1394 5762 1788 5840 Sitbiensibiis

1972 2023 2055 2076 11.
2090 2021 2170 2077 De
2201 2023 2581 2080 translatione
2615 2024 2767 2080 beati
2817 2025 3155 2091 Audomari,
3189 2025 3441 2098 qualiter
3481 2026 3555 2082 ab

1898 2110 2007 2165 hoc
2030 2111 2196 2166 beato
2225 2112 2497 2183 pontifice
2529 2118 2660 2168 acta
2691 2113 2784 2181 sit,
2809 2119 2865 2168 et
2895 2131 3021 2185 quae
3062 2130 3201 2187 erga
3246 2115 3555 2187 Hugonem

1899 2200 2303 2270 supradictum
2335 2202 2609 2257 abbatem
2644 2202 2881 2270 fuerint,
2914 2202 3071 2275 vulgi
3118 2219 3355 2259 rumore
3405 2203 3554 2260 cele-

1898 2284 2144 2344 brantur
2166 2292 2273 2359 (3);
2307 2290 2365 2344 in
2397 2290 2615 2362 quibus
2644 2291 2789 2346 satis
2819 2290 3094 2347 miranda
3122 2296 3212 2347 est
3242 2292 3431 2349 sancti
3448 2292 3557 2348 viri

1900 2380 2249 2434 constantia.
2281 2379 2493 2435 Abbati
2528 2379 2800 2436 resistere
2828 2380 2993 2436 facile
3025 2398 3142 2436 non
3173 2386 3315 2449 erat,
3341 2383 3558 2455 quippe

1899 2467 1993 2522 cui
2024 2467 2309 2523 natalium
2343 2468 2603 2539 dignitas
2626 2474 2789 2523 tanta
2808 2475 2954 2537 erat,
2972 2469 3245 2526 militaris
3268 2471 3444 2526 etiam
3469 2489 3559 2527 co-

1899 2557 1997 2628 pia
2026 2574 2140 2611 non
2175 2558 2400 2625 deerat;
2437 2558 2536 2613 sed
2569 2557 2657 2613 vir
2686 2558 2785 2613 Dei
2828 2558 2949 2614 hzec
2995 2559 3196 2615 omnia
3224 2560 3559 2633 postposuit

1900 2644 2095 2699 timori
2114 2645 2347 2700 Domini
2374 2662 2386 2700 :
2412 2645 2663 2719 denique
2682 2663 2795 2701 non
2819 2647 3122 2718 requievit,
3140 2648 3323 2702 donec
3339 2665 3554 2721 corpus

1900 2739 2169 2790 sanctum
2203 2735 2605 2790 fraudulenter
2633 2734 2932 2790 sublatum
2966 2735 3198 2807 preprio
3222 2736 3557 2793 restitueret

1901 2822 2045 2891 loco,
2079 2822 2207 2877 vitae
2265 2841 2383 2878 sua:
2437 2822 2572 2878 licet
2632 2840 2846 2895 magno
2895 2824 3042 2880 satis
3085 2840 3221 2879 cum
3272 2824 3554 2897 periculo,

1900 2912 2172 2983 diemque
2216 2911 2537 2967 solemnem
2579 2913 2795 2968 faceret
2847 2913 2908 2967 in
2956 2928 3157 2968 mense
3208 2913 3405 2981 Junio,
3439 2930 3555 2985 quo

1900 3000 2221 3056 aristantur
2250 3006 2475 3073 segetes
2506 3007 2801 3057 crescente
2822 3001 3037 3057 culmo.
3055 3003 3125 3057 Et
3142 3018 3472 3074 praecavens
3495 3002 3557 3057 in

1900 3090 2164 3145 futurum
2200 3108 2269 3145 ne
2302 3090 2468 3163 parili
2495 3092 2666 3146 modo
2696 3095 2799 3146 aut
2824 3091 2937 3146 alio
2958 3091 3165 3163 quovis
3183 3091 3417 3164 ingenio
3437 3108 3557 3146 eor-

1899 3196 2010 3251 pus
2041 3180 2367 3235 auferretur
2396 3184 2688 3249 sanctum,
2715 3185 2872 3235 terra
2917 3180 3063 3236 illud
3104 3180 3434 3247 abscondit,
3457 3181 3560 3237 ubi

1900 3285 2004 3340 per
2050 3268 2338 3340 plurimos
2395 3285 2580 3324 annos
2630 3268 2899 3325 homines
2959 3270 3198 3341 quidem
3258 3269 3459 3337 latuit;
3502 3273 3566 3326 at

1902 3357 2222 3413 revelatum
2249 3361 2339 3411 est
2371 3357 2468 3412 ubi
2504 3358 2790 3414 Dominus
2817 3358 3024 3414 voluit.
3064 3358 3254 3414 Simili
3286 3359 3461 3414 modo
3503 3362 3564 3414 et

1903 3444 2090 3500 sancti
2141 3446 2357 3500 Bertini
2408 3463 2621 3516 corpus
2670 3446 2975 3502 transtulit
3014 3445 3089 3517 (4)
3121 3449 3179 3501 et
3207 3444 3559 3515 recondidit,

1903 3534 2343 3605 solemnemque
2376 3533 2531 3588 hunc
2558 3534 2713 3589 diem
2746 3534 2917 3589 nobis
2948 3550 3076 3589 esse
3109 3532 3375 3599 sancivit,
3398 3534 3555 3605 quod

1901 3628 1989 3678 est
2016 3622 2266 3693 septimo
2298 3621 2524 3677 decimo
2558 3621 2847 3677 Kalendas
2876 3622 3148 3694 Augusti.

1974 3713 2058 3765 12.
2092 3711 2231 3766 Post
2261 3711 2383 3766 haec
2412 3714 2609 3766 autem
2631 3710 2719 3765 vir
2750 3710 2849 3765 Dei
2877 3710 3199 3781 Folquinus
3218 3713 3439 3781 quanto
3462 3727 3553 3767 se-

1899 3803 2131 3855 nectute
2163 3798 2423 3871 corporis
2456 3798 2947 3871 appropinquavit
2966 3798 3125 3853 novit
3145 3798 3299 3853 diem
3322 3815 3442 3854 sua:
3459 3816 3557 3855 re-

1898 3888 2227 3955 solutionis,
2252 3892 2414 3943 tanto
2447 3904 2509 3943 se
2538 3887 2843 3943 assiduum
2878 3887 3134 3943 reddidit
3164 3888 3235 3943 ad
3287 3889 3553 3944 studium

1897 3982 2065 4032 rectae
2096 3975 2471 4048 operationis,
2488 3976 2680 4032 sciens
2711 3975 2998 4050 scriptum
3029 3993 3041 4032 :
3079 3978 3231 4033 Βραιί
3256 3978 3401 4032 servi
3444 3977 3556 4046 illi,

1897 4082 2028 4137 quos
2055 4082 2180 4121 cum
2209 4067 2419 4121 venerit
2461 4066 2745 4133 Dominus,
2777 4068 3051 4122 invenerit
3086 4067 3373 4139 vigilantes
3403 4067 3556 4137 (Luc.

1894 4172 1995 4221 χιι,
2029 4156 2144 4222 37).
2168 4156 2355 4226 Atque
2388 4155 2531 4210 adeo
2561 4154 2825 4227 quotidie
2857 4156 2929 4211 de
2958 4155 3172 4212 virtute
3195 4156 3255 4211 in
3278 4156 3558 4212 virtutem

1896 4260 2187 4309 crescens,
2222 4243 2464 4298 ardebat
2510 4243 2706 4299 videre
2755 4243 2941 4299 Deum
2992 4244 3235 4302 deorum
3281 4243 3342 4298 in
3391 4244 3551 4303 Sion.

1897 4334 2067 4389 Teste
2099 4349 2354 4403 namque
2387 4332 2601 4387 interni
2632 4332 2793 4387 illius
2826 4333 3045 4389 amoris
3069 4335 3237 4388 erant
3261 4331 3553 4404 lacrymas,

1897 4422 2114 4494 quibus
2127 4419 2772 4494 prodebaturintimum
2788 4420 3321 4487 conscientiae,cum
3337 4419 3557 4491 quibus

1897 4509 2300 4582 psalmodians
2320 4509 2552 4564 dicebat
2583 4508 2901 4581 saepisiime
2934 4526 2947 4564 :
2980 4508 3169 4564 Sitivit
3194 4510 3386 4563 anima
3431 4524 3558 4565 mea

1896 4598 1966 4653 ad
1996 4606 2062 4666 te,
2097 4598 2236 4652 Deus
2269 4615 2288 4650 :
2316 4597 2530 4668 quando
2578 4598 2794 4653 veniam
2844 4605 2897 4653 et
2938 4596 3139 4668 parebo
3183 4604 3310 4652 ante
3353 4608 3558 4670 molem

1899 4689 1997 4743 Dei
2021 4688 2132 4742 mei
2163 4686 2327 4756 (Psal.
2363 4702 2474 4749 xu,
2508 4686 2586 4755 5).
2618 4687 2805 4758 Atque
2838 4685 3035 4741 minus
3066 4685 3302 4742 oculum
3335 4687 3553 4744 mentis

1897 4775 1969 4831 ad
2001 4793 2068 4831 ea
2098 4776 2383 4830 reducens
2405 4790 2533 4845 quae
2552 4774 2681 4843 jam
2703 4774 2933 4831 Christo
2957 4775 3202 4847 juvante
3230 4781 3556 4848 peregerat,

1897 4864 2224 4921 secundum
2247 4862 2548 4936 apostolici
2573 4864 2796 4919 dictum
2820 4882 2833 4931 ;
2857 4881 2985 4936 qua:
3007 4869 3148 4920 sunt
3165 4869 3318 4922 retro
3336 4865 3558 4923 oblitus

1896 4954 1969 5010 ad
2000 4970 2069 5009 ea
2097 4969 2224 5025 quae
2256 4956 2388 5007 ante
2406 4953 2902 5020 sunt,extcndens
2933 4971 3018 5022 se,
3037 4955 3227 5028 magis
3247 4955 3559 5029 magisque
3618 4954 3627 4963 ’

1887 5042 2117 5116 jejunio
2149 5046 2207 5096 et
2235 5040 2445 5114 vigiliae
2477 5059 2714 5114 operam
2745 5043 3004 5112 dans,ad
3035 5060 3105 5099 ea
3134 5060 3263 5116 quze
3296 5050 3438 5100 sunt
3469 5044 3556 5100 al-

1896 5133 2063 5198 tiore,
2094 5130 2325 5187 studuit
2368 5135 2627 5186 mentem
2668 5131 2898 5188 acutius
2951 5132 3296 5189 defricatam
3347 5133 3554 5207 ignire,

1896 5218 2580 5295 praecinctisquelumbis
2604 5238 2737 5276 cum
2760 5222 3049 5277 bonorum
3077 5240 3321 5295 operum
3339 5221 3558 5297 lampa-

1900 5310 2075 5365 dibus
2116 5308 2379 5364 accensis
2426 5314 2602 5381 atque
2651 5309 2775 5365 oleo
2826 5310 3062 5384 repletis
3111 5310 3557 5384 praestolabatur

1898 5424 2203 5481 monachis
2236 5427 2467 5550 petente
2500 5425 2740 5496 Hugone
2766 5427 2991 5482 Abbate
3035 5444 3377 5482 conoessum
3409 5442 3555 5481 anno

1898 5498 2021 5550 839.
2057 5504 2379 5550 nrwsuatus
2416 5501 2517 5550 22:
2569 5514 2695 5550 nuce
2755 5498 2976 5550 enoeha
3025 5497 3343 5550 nrmmissis
3403 5501 3554 5550 recte

1896 5497 2379 5622 839,]prifz‘sulatus
2416 5501 2517 5565 22;
2569 5514 2695 5568 qua:
2755 5498 2976 5569 epocha
3025 5497 3343 5569 praemissis
3403 5501 3554 5552 recte

1898 5586 2033 5622 eum
2062 5585 2125 5621 ra
2157 5608 2170 5620 .

1940 5585 2051 5623 lla”
2062 5585 2170 5621 Γῖιτ.

1898 5586 2228 5711 ῳιᾶἷῗὲξςο
2251 5639 2378 5710 jam
2410 5638 2545 5694 dicti
2584 5637 2717 5694 libri
2760 5643 2935 5715 caput
2967 5655 3187 5694 nonum
3220 5642 3276 5693 et
3311 5636 3549 5697 undeci-

1900 5728 2086 5766 mum.
