3912 6402
318 456 438 525 ΜΘ

1382 454 1748 519 FOLCUINI
1792 451 2129 516 ABBATIS
2172 452 2657 517 LAUBIENSIS.

3624 452 3741 517 540

318 589 941 665 Dominisuianuptiis
962 604 1463 665 regressum,cum
1482 607 1596 662 quo
1618 591 1968 660 regnaturus
1994 586 2049 655 Α
2080 588 2211 643 fere
2230 605 2332 659 per
2361 588 2476 644 duo
2516 586 2700 644 millia
2727 586 2809 644 ita
2846 585 3193 661 eongelavit,
3225 592 3294 645 ut
3321 604 3497 645 mane
3526 605 3741 663 corpus

319 686 565 740 intraret
599 682 653 737 in
687 685 914 736 (eterna:
945 680 1241 736 felicitatis
1262 679 1544 751 gaudium
1578 694 1923 733 mansurum
1951 696 1965 745 ;

315 774 626 845 gregisque
656 771 766 826 sibi
792 769 1093 826 commissi
1126 787 1329 825 curam
1361 785 1568 841 gerens
1590 768 1675 823 eis
1696 767 1854 822 verbi
1874 768 1971 822 tri-

316 863 499 919 ticum
530 859 913 916 ﬁdelissimus
944 860 1314 931 dispensator
1342 863 1461 914 toto
1494 858 1703 914 adnisu
1746 857 1968 912 submi-

318 951 626 1015 nistrabat,
661 949 947 1005 hortando
979 965 1098 1016 eos,
1133 949 1313 1003 donec
1345 952 1434 1003 est
1476 946 1649 1002 hodie
1688 947 1967 1013 converti,

318 1060 388 1100 ne
420 1042 767 1115 improvisos
798 1038 1069 1110 cmpisset
1098 1037 1222 1094 dies
1255 1038 1467 1092 ultima
1492 1037 1764 1108 reperire.

390 1133 474 1186 13.
511 1133 708 1203 Longa
755 1146 890 1201 ergo
952 1132 1248 1183 senectute
1306 1128 1518 1193 fessus,
1551 1130 1615 1180 ut
1670 1131 1811 1198 puta
1869 1126 1969 1198 qui

316 1220 834 1294 quadragesimum
858 1220 913 1273 in
928 1217 1264 1289 episcopatu
1284 1217 1397 1271 fere
1416 1220 1968 1288 peregeratannum,

316 1328 449 1367 cum
465 1312 591 1381 jam
620 1326 735 1365 non
759 1312 955 1380 posset
978 1306 1213 1378 publice
1241 1305 1556 1360 missarum
1582 1305 1655 1376 (5)
1690 1304 1974 1360 solemnia

315 1398 876 1470 celebrare,cognito
908 1396 1016 1451 hoc
1058 1412 1172 1450 rex.
1193 1394 1289 1450 illo
1327 1396 1519 1450 adhuc
1558 1393 1972 1465 vivente,quod

315 1492 520 1545 contra
548 1504 801 1543 canones
833 1490 976 1553 erat,
994 1501 1395 1540 successorem
1414 1486 1462 1539 ei
1485 1485 1824 1556 episcopum
1848 1485 1973 1538 des-

315 1576 550 1645 tinavit;
584 1577 738 1648 quod
762 1575 1008 1630 audiens
1039 1578 1279 1629 sanctus
1312 1572 1523 1645 prazsul
1547 1576 1730 1628 semet
1749 1572 1970 1644 episco-

316 1666 432 1740 pali
465 1684 625 1722 more
656 1663 1001 1738 praeparavit
1045 1664 1117 1718 ad
1166 1662 1620 1718 celebrationem
1667 1661 1881 1729 missae,
1917 1666 1974 1716 et

317 1773 488 1812 omne
520 1754 914 1810 ministerium
958 1752 1399 1824 supplantatore
1431 1756 1661 1807 astante
1713 1751 1973 1823 implevit

315 1842 747 1899 strenuissime.
767 1842 837 1896 At
864 1840 962 1895 ubi
985 1844 1223 1895 Ventum
1256 1844 1345 1895 est
1374 1841 1447 1895 ad
1479 1840 1838 1906 dandam,ut
1859 1839 1974 1911 epi-

317 1933 509 2004 scopis
532 1948 667 1987 mos
700 1935 809 1995 est,
825 1930 1310 1997 benedictionem,
1333 1946 1498 1985 verso
1526 1928 1728 1984 ordine
1767 1933 1970 2000 protu-
2002 1962 2049 2026 B

314 2021 384 2077 lit
440 2019 926 2077 maledictionem.
981 2021 1054 2073 At
1112 2018 1196 2073 illi
1255 2018 1465 2089 trepidi
1525 2035 1660 2073 eum
1712 2018 1970 2073 ascensis

316 2110 486 2182 cquis
508 2111 586 2178 (6(
616 2110 687 2164 ad
720 2109 957 2180 propria
986 2113 1266 2180 cuperent
1296 2108 1532 2175 reverti;
1570 2107 1629 2161 in
1664 2108 1858 2162 media
1879 2107 1972 2161 via

316 2198 726 2271 supplantator
754 2196 1009 2269 episcopi
1033 2198 1104 2252 de
1139 2214 1288 2269 equo
1318 2197 1521 2268 lapsus
1551 2196 1725 2251 relisa
1753 2196 1971 2251 cervice

316 2288 589 2361 spiritum
619 2286 837 2342 efﬂavit
854 2286 1005 2353 vitae,
1041 2286 1495 2358 omnesquc,qui
1522 2303 1653 2340 cum
1688 2285 1789 2341 illo
1811 2284 1973 2341 vene-

317 2381 468 2445 rant,
501 2376 656 2432 infra
678 2393 910 2431 annum
940 2375 1118 2431 variis
1143 2374 1409 2431 cladibus
1440 2376 1798 2447 expirarunt.

391 2468 478 2521 14.
511 2465 697 2537 Igitur
744 2463 1089 2520 adveniente
1137 2464 1457 2520 vocationis
1517 2481 1635 2519 sua:
1689 2468 1972 2535 tempore,

320 2555 587 2629 quamvis
636 2553 892 2627 longazvo
941 2556 1283 2625 gravaretur
1330 2554 1513 2620 senio,
1547 2553 1825 2625 episcopii
1878 2553 1969 2608 sui

319 2644 628 2717 parochias
658 2642 903 2698 circuire
932 2642 1331 2710 decrevit,sibi
1366 2643 1584 2715 pariter
1614 2647 1671 2697 et
1719 2642 1972 2697 subditis

319 2733 632 2790 salubriter
659 2736 924 2804 oportere
964 2730 1176 2801 sciens,
1199 2736 1263 2786 ut
1292 2731 1559 2787 Ecclesia)
1593 2730 1761 2800 ﬁlios,
1783 2732 1833 2786 si
1866 2730 1969 2786 all-

317 2823 451 2879 cubi
484 2841 518 2878 a
541 2822 747 2878 matris
768 2821 991 2894 gremio
1013 2824 1307 2877 errassent
1327 2821 1629 2888 deviando,
1646 2821 1970 2876 secundum

318 2929 609 2968 canonum
643 2915 867 2967 statuta
894 2911 1181 2966 ﬂectendo
1213 2911 1287 2965 ad
1321 2910 1587 2965 eamdem
1645 2911 1969 2977 reduceret,

318 3001 833 3074 praedicationibus
861 2999 1241 3055 exhortando.
1268 2998 1392 3054 Tali
1425 3003 1623 3054 autem
1656 2998 1851 3054 studio
1884 3003 1970 3052 ta-

318 3090 476 3162 lique
506 3090 810 3145 devotione
858 3088 929 3143 ad
978 3086 1286 3143 ecclesiam
1336 3086 1396 3142 in
1450 3085 1766 3157 Mempisco
1798 3086 1969 3142 sitam

318 3177 651 3234 Hicclesbeke
681 3177 757 3249 (7)
779 3178 1201 3246 nuncupatam,
1220 3175 1317 3246 pia
1338 3175 1585 3230 accessit
1609 3175 1967 3231 curiositate.

320 3266 469 3324 Inibi
502 3270 696 3321 autem
728 3281 845 3319 non
868 3263 1120 3319 multum
1144 3279 1534 3330 commorans,
1556 3280 1690 3318 cum
1715 3265 1841 3333 jam
1875 3282 1968 3320 co-

2081 681 2351 733 sanctum
2382 678 2782 733 deferentibus
2814 678 3227 733 ﬁrmissimum
3259 695 3414 750 aqua
3464 696 3741 752 gressum

2081 784 2183 838 per
2212 767 2459 839 glaciem
2493 768 2774 839 praeberet
2817 768 3116 823 euntibus.
3151 769 3505 840 Deportatus
3546 775 3742 826 autem

2082 862 2351 929 receptus
2382 861 2472 913 est
2503 874 2637 912 cum
2669 856 2853 912 cereis
2900 860 2959 912 et
3006 857 3485 914 thimiamateriis
3534 860 3612 914 ab
3650 858 3747 914 illo

2083 946 2508 1005 monachorum
2558 946 3028 1002 reverentissimo
3077 946 3571 1019 sanctissimeque
3608 965 3747 1004 con-

2080 1037 2527 1104 ventu,obviam
2551 1037 2735 1092 sacris
2758 1037 3106 1109 procedente
3141 1036 3433 1108 exsequiis
3464 1054 3605 1092 cum
3638 1038 3746 1092 im-

2083 1126 2315 1181 modica
2338 1125 2718 1180 multitudine
2741 1124 2958 1197 plebis;
2983 1126 3201 1197 quibus
3222 1126 3417 1181 ofﬁcia
3431 1144 3567 1181 cum
3584 1129 3745 1182 omni

2082 1214 2478 1281 honestate,ut
2494 1231 2587 1269 res
2610 1213 2871 1269 funebris
2893 1214 3170 1286 postulat,
3186 1216 3748 1271 consummantibus

2084 1303 2350 1360 induitur
2380 1304 2464 1359 uti
2504 1304 2687 1359 sacris
2730 1302 3015 1359 altaribus
3046 1308 3248 1359 astans
3278 1307 3403 1358 erat
3430 1303 3667 1372 solitus,
3692 1310 3751 1360 et

2082 1394 2140 1447 in
2173 1394 2376 1448 eodem
2415 1392 2540 1447 loco
2571 1408 2685 1464 quo
2737 1393 2860 1464 ipse
2903 1391 3179 1465 elegerat,
3210 1391 3515 1448 inducitur
3544 1397 3748 1448 tumu-

2081 1482 2315 1538 landus.
2351 1481 2630 1553 Sepultus
2661 1485 2750 1536 est
2777 1486 2977 1537 autem
3010 1481 3082 1537 ad
3111 1481 3269 1537 latus
3298 1480 3490 1537 sancti
3522 1482 3746 1539 Bertini

2083 1573 2354 1628 dextrum
2384 1588 2498 1625 non
2532 1571 2658 1626 sine
2689 1570 2939 1626 astantis
2961 1569 3164 1643 populi
3195 1570 3451 1626 maxime
3483 1570 3671 1626 luctu.

2158 1664 2241 1716 16.
2276 1662 2481 1717 Fertur
2512 1676 2744 1732 quoque
2774 1677 2808 1715 a
2840 1660 3197 1727 senioribus,
3229 1661 3506 1715 eumdem
3550 1661 3745 1718 virum

2082 1751 2183 1807 Dei
2216 1767 2435 1823 equum
2468 1750 2785 1822 quemdam
2816 1749 3099 1805 habuisse
3119 1748 3282 1804 miras
3306 1750 3588 1806 scientias.
3607 1751 3744 1807 Pro-

2082 1841 2302 1896 fecturo
2334 1856 2589 1911 namque
2616 1839 2941 1894 secundum
2966 1839 3122 1911 quod
3157 1839 3478 1895 necessitas
3508 1846 3745 1913 expete-

2082 1930 2204 1999 bat,
2218 1930 2468 2001 genibus
2494 1927 2654 1984 ﬂexis
2677 1932 2879 1984 sancto
2911 1926 3074 1984 oneri
3092 1932 3300 1999 sponte
3330 1931 3496 2001 terga
3526 1929 3743 1985 subde-

2082 2018 2201 2074 bat.
2236 2018 2401 2074 Hunc
2433 2022 2629 2074 autem
2664 2020 2835 2073 tantae
2880 2015 3135 2073 scientias
3181 2033 3401 2089 equum
3437 2016 3745 2074 Fratribus

2081 2107 2649 2177 dandum,feretrum
2668 2108 3024 2179 prmeuntem
3047 2105 3240 2161 ferunt
3269 2104 3741 2179 laerymassc(9),

2081 2210 2317 2251 omnem
2376 2195 2676 2251 hominem
2734 2195 2882 2250 ferre
2933 2193 3213 2267 deinceps
3270 2211 3597 2263 recusasse,
3635 2213 3743 2253 nec

2082 2302 2324 2357 passum
2355 2301 2482 2340 esse
2506 2287 2638 2357 post
2659 2283 2926 2339 membra
2943 2283 3090 2338 tanti
3133 2282 3385 2354 potiﬁcis
3428 2283 3749 2356 voluptati-

2082 2376 2193 2430 bus
2226 2373 2514 2428 deservire
2536 2372 2789 2442 alicujus
2820 2369 3101 2437 hominis,
3118 2371 3219 2442 qui
3252 2387 3365 2426 non
3400 2369 3577 2444 longo
3608 2378 3746 2443 post

2082 2468 2344 2535 tempore
2402 2465 2691 2526 mortuus,
2725 2476 2859 2514 cum
2919 2459 3167 2515 canibus
3214 2458 3383 2515 cibus
3431 2462 3746 2532 appositus

2082 2556 2254 2619 esset,
2276 2548 2487 2606 anullo
2509 2565 2711 2605 eorum
2736 2552 2826 2604 est
2857 2565 3058 2604 morsu
3095 2548 3542 2605 attractus.Non
3584 2551 3748 2606 enim

2083 2641 2280 2697 decuit
2307 2641 2436 2710 ejus
2469 2640 2716 2694 cadaver
2746 2637 3076 2710 expositum
3097 2654 3270 2693 canes
3302 2654 3624 2711 cervosque
3654 2624 3752 2697 re;

2085 2729 2330 2786 ﬂcien’do
2362 2728 2962 2798 farcire,meatusque
3011 2725 3246 2782 illorum
3298 2726 3557 2783 faucium
3604 2747 3749 2801 pra:-

2083 2818 2276 2886 terire,
2293 2832 2474 2889 supra
2494 2832 2670 2888 quem
2691 2816 2967 2887 frequens
2989 2814 3210 2871 Christi
3243 2815 3430 2871 oratio
3460 2816 3745 2874 mitteba-

2081 2912 2180 2963 tur
2209 2908 2280 2963 ab
2320 2904 2631 2961 insidentis
2662 2904 2903 2960 cordiali
2934 2904 3272 2973 devotione;
3306 2905 3393 2959 fas
3425 2904 3583 2961 enim
3626 2924 3745 2963 non

2081 3000 2171 3053 est
2198 2997 2431 3053 credere
2461 2998 2733 3050 sanctum
2767 2992 2981 3050 fabulis
3012 2993 3367 3049 delectatum
3397 3010 3549 3051 esse.
3575 2998 3743 3062 Quod

2080 3086 2342 3141 videntes
2359 3084 2511 3139 cives
2534 3084 2795 3139 humano
2815 3098 2950 3139 eum
2973 3098 3133 3138 more
3155 3082 3743 3157 sepelieruanuem,

2081 3178 2146 3230 ut
2174 3175 2315 3243 dixi,
2343 3175 2519 3229 bruta
2548 3173 2750 3228 feritas
2771 3188 2983 3227 canum
3009 3172 3368 3244 quadam,ut
3408 3172 3491 3228 ita
3519 3174 3744 3247 dicam,

2081 3264 2467 3319 admiratione
2486 3265 2757 3317 venerata
2786 3265 2894 3317 est.

320 3355 533 3429 gitaret
592 3353 821 3421 reverti,
863 3352 1037 3423 coepit
1105 3351 1263 3425 gravi
1322 3352 1666 3425 (egritudine
1715 3331 1967 3427 fatigari.
2000 3331 2067 3403 C,
2155 3355 2240 3408 17.
2274 3351 2609 3423 Contigerat
2660 3368 2776 3407 non
2825 3350 2997 3421 longe
3057 3353 3190 3422 post
3239 3350 3361 3406 hzec
3420 3352 3745 3423 quemdam

320 3446 486 3502 Tunc
506 3442 837 3500 convocatis
858 3441 1185 3512 discipulis,
1202 3457 1299 3497 eos
1316 3441 1701 3514 omnipotenti
1726 3442 1973 3498 Domino

322 3534 764 3599 commendans,
800 3530 939 3586 recti
974 3530 1200 3587 itineris
1232 3531 1524 3587 tramitem
1577 3549 1692 3591 non
1723 3530 1973 3587 derelin-

321 3640 497 3696 quere
514 3621 851 3677 diutissima
867 3620 1262 3676 admonitione
1278 3620 1590 3691 persuasit;
1607 3622 1679 3676 ad
1698 3621 1971 3676 ultimum

320 3710 724 3767 benedictione
783 3711 1159 3777 conﬁrmans,
1202 3710 1457 3765 reddidit
1515 3711 1777 3783 gaudens
1832 3711 1973 3766 ccelo

322 3799 580 3856 animam
598 3802 677 3867 (8)
694 3801 1028 3854 sanctorum
1049 3798 1295 3853 cmtibus
1309 3798 1780 3854 consociandam.
1798 3801 1977 3854 Trano

322 3890 421 3945 siit
451 3892 645 3944 autem
681 3900 832 3943 anno
863 3887 1281 3943 incarnationis
1309 3888 1623 3943 Dominica:
1674 3889 1978 3960 oetingen~

321 3978 530 4035 tesimo
545 3976 1272 4049 quinquagesimoquinto,
1291 3977 1608 4034 indictione
1629 3978 1817 4042 tertia,
1835 3976 1977 4033 feria

321 4066 1045 4139 septimavesperascente;
1071 4065 1169 4137 qui
1194 4070 1319 4121 erat
1348 4084 1540 4121 annus
1562 4065 1798 4137 gloriosi
1822 4064 1975 4134 regis

319 4155 505 4213 Caroli
531 4155 633 4209 ﬁlii
660 4154 930 4210 Ludovici
964 4154 1204 4227 quintus
1228 4155 1581 4222 decimus,et
1599 4154 1974 4224 episcopatus

320 4245 508 4319 ipsius
544 4244 696 4301 beati
741 4244 1007 4317 prmsulis
1039 4241 1789 4316 quadragesimus,deeimo
1820 4258 1973 4296 nono

321 4334 610 4393 Kalendas
644 4333 1270 4405 Januarii.Itogaverat
1309 4336 1507 4387 autem
1537 4330 1728 4385 adhuc
1752 4330 1971 4397 vivens,

318 4429 385 4480 ut
411 4423 753 4496 ubicunque
783 4424 974 4480 exitus
994 4423 1122 4493 ejus
1152 4422 1466 4488 accideret,
1486 4435 1698 4490 corpus
1718 4418 1878 4474 illius
1900 4419 1973 4473 ad

318 4514 503 4570 Sithiu
531 4513 958 4569 monasterium
992 4511 1051 4567 in
1082 4510 1327 4565 basilica
1377 4508 1567 4564 sancti
1618 4506 1834 4563 Bertini
1880 4511 1973 4562 tu-

320 4602 668 4659 mulandum
698 4602 1044 4659 deferretur.

2082 3441 2342 3516 praedicti
2371 3439 2687 3496 Sithiensis
2718 3439 2965 3496 coenobii
2989 3438 3566 3511 monachum,hujus
3587 3440 3747 3497 beati

2079 3531 2188 3587 viri
2211 3530 2569 3602 aequivocum
2585 3528 2929 3600 (Folquinus
2948 3528 3105 3583 enim
3122 3528 3749 3601 vocabatur),graviter

2081 3620 2446 3676 inﬁrmatam
2476 3635 2578 3690 per
2602 3617 2779 3690 longa
2801 3618 2928 3689 jam
2942 3616 3156 3691 spatia,
3177 3621 3243 3672 ut
3269 3635 3384 3674 non
3405 3622 3609 3689 posset
3628 3618 3747 3675 nisi

2083 3726 2218 3764 cum
2250 3706 2593 3764 baculorum
2642 3704 2878 3778 gemina
2905 3704 2999 3760 vix
3029 3706 3456 3761 sustentatione
3487 3704 3598 3761 ire.
3637 3705 3747 3761 Hic

2083 3798 2177 3853 die
2233 3796 2488 3869 quadam
2538 3793 2755 3851 doloris
2814 3794 3119 3850 nimietate
3165 3798 3441 3867 gravatus
3488 3795 3751 3850 decrevit

2080 3887 2314 3953 virtute,
2348 3901 2465 3956 qua
2496 3887 2744 3956 poterat,
2760 3884 2832 3938 ad
2856 3882 3039 3939 altare
3062 3883 3252 3938 sancti
3269 3883 3490 3938 Bertini
3509 3884 3746 3955 patroni

2083 3975 2394 4048 procedere
2427 3989 2531 4045 pro
2566 3970 2773 4027 anima:
2796 3970 3092 4043 simulque
3122 3972 3381 4044 corporis
3422 3971 3611 4028 salute
3643 3974 3746 4029 de-

2085 4067 2451 4135 precaturus,
2472 4062 2573 4116 sed
2604 4064 2694 4128 (ut
2716 4061 2896 4115 situm
2929 4060 3186 4115 ecclesiae
3217 4060 3618 4116 nescientibus
3649 4062 3748 4116 di-

2085 4152 2235 4222 cam)
2269 4150 2625 4206 intrantibus
2677 4167 2711 4204 a
2751 4148 2987 4221 regione
3036 4147 3363 4205 meridiana
3404 4148 3749 4206 intercludit

2085 4241 2271 4296 sancti
2304 4239 2489 4295 Patris
2525 4238 2784 4310 prmdicti
2814 4239 3023 4293 tumba
3049 4242 3183 4293 ante
3213 4238 3424 4310 posita,
3452 4238 3609 4311 quod
3654 4243 3750 4294 est

2084 4330 2444 4402 praecipuum
2490 4328 2682 4384 sancti
2728 4327 2965 4383 Martini
3017 4326 3229 4395 altare;
3282 4331 3456 4400 atque
3502 4327 3633 4383 ideo
3683 4327 3744 4383 in

2084 4418 2697 4490 dexteraipsiusparte
2713 4416 2970 4489 primum
2999 4415 3253 4472 occurrit
3284 4416 3438 4471 beati
3472 4414 3749 4487 Folquini

2084 4506 2352 4564 tumulus
2365 4507 2437 4563 ad
2443 4507 2468 4579 j
2478 4523 2573 4562 am
2585 4505 2802 4561 dictam
2818 4504 2982 4577 prius
2995 4505 3262 4561 tumbam
3284 4504 3369 4560 ire
3389 4503 3746 4561 volentibus.

2087 4596 2244 4653 Idem
2264 4596 2543 4669 praefatus
2557 4593 2884 4651 monachus
2894 4595 3021 4665 jam
3045 4594 3119 4649 ad
3147 4592 3299 4650 beati
3333 4593 3601 4665 Folquini
3623 4610 3753 4666 pen-

393 4693 479 4748 15.
514 4690 811 4764 Gregatim
857 4689 1041 4762 igitur
1084 4686 1182 4742 illo
1232 4685 1507 4741 defuncto
1556 4685 1628 4739 ad
1669 4685 1976 4757 exsequias
2006 4702 2052 4767 Β
2081 4689 2321 4742 venerat
2338 4683 2699 4756 sepulcrum,
2731 4699 2868 4739 cum
2901 4686 3138 4755 repente
3170 4682 3367 4738 nescio
3399 4699 3519 4754 qua
3554 4681 3748 4739 horri-

319 4781 474 4837 beati
508 4780 767 4853 corporis
799 4777 1060 4848 undique
1110 4772 1565 4840 conﬂuentibus,
1595 4789 1729 4828 cum
1781 4774 1973 4831 clerici

320 4868 480 4926 illius
502 4867 848 4925 difﬁcultate
874 4864 1102 4921 itineris
1127 4865 1550 4934 conquerentes
1574 4868 1973 4935 gravarentur,

321 4959 393 5013 ad
415 4958 679 5013 divinum
704 4974 764 5014 se
785 4952 1068 5011 auxilium
1091 4950 1665 5006 contulerunt.Tunc
1696 4952 1753 5006 in
1771 4954 1975 5009 eadem

322 5051 490 5102 nocte
522 5047 697 5103 ﬂante
718 5047 888 5100 vento
918 5038 1375 5096 australiomnis
1396 5038 1497 5095 illa
1511 5057 1798 5110 aquarum
1832 5042 1977 5098 indi-

322 5135 604 5192 metibilis
635 5130 1026 5205 profunditas,
1060 5144 1179 5199 qua
1226 5128 1482 5200 cingitur
1526 5129 1712 5185 Sitht’u
1756 5131 1972 5201 insula,

394 5296 473 5361 (5)
506 5294 720 5347 Eadem
769 5289 945 5343 verba
989 5287 1166 5361 habet
1214 5306 1393 5361 supra
1432 5289 1744 5345 Folcuinus
1776 5310 1976 5348 mona—

324 5360 704 5433 chus,aitque
724 5361 780 5433 id
812 5377 880 5433 se
896 5360 1188 5433 accepisse
1211 5376 1243 5413 a
1265 5360 1560 5416 \Viefredo
1582 5364 1974 5419 Tarvennensi

325 5429 625 5506 episcopo,
651 5430 751 5502 qui
786 5431 983 5485 sedem
1018 5429 1146 5484 iniit
1177 5447 1330 5485 anno
1360 5433 1484 5486 948.

399 5521 475 5595 (6)
508 5518 821 5595 Folcuinus
872 5516 1043 5595 levita
1088 5518 1304 5595 scribit
1337 5520 1609 5595 equitibus
1660 5539 1763 5593 pro
1803 5525 1975 5595 cquis,

327 5589 478 5663 (μιοᾱ
514 5589 735 5662 passim
767 5590 1001 5643 obvium
1036 5591 1189 5660 apud
1226 5589 1387 5645 illius
1416 5591 1513 5645 aevi
1547 5589 1833 5648 auctores.

397 5683 472 5747 (7)
503 5678 680 5735 Vicus
720 5682 808 5733 est
858 5694 1035 5750 prope
1082 5678 1577 5745 \Voroniholtum,
1614 5680 1785 5750 paulo
1831 5681 1981 5737 ultra

328 5752 589 5809 medium
623 5750 732 5806 iter
763 5751 834 5806 ab
866 5749 1318 5822 Audomaropoli
1342 5749 1718 5807 tendentibus
1743 5754 1977 5826 Bergas,

2087 4775 2368 4847 pilatione
2399 4788 2743 4839 concussus,
2770 4769 3200 4827 dissilientibus
3230 4770 3369 4826 hinc
3387 4770 3535 4827 inde
3569 4770 3752 4827 fusti-

2086 4864 2218 4933 bus,
2240 4878 2496 4935 prmceps
2516 4877 2698 4933 supra
2724 4851 3000 4916 sanctum
3035 4859 3329 4915 tumulum
3361 4860 3753 4927 ruit,nactus-

2086 4969 2199 5024 que
2228 4952 2381 5007 hanc
2410 4948 3091 5018 occasionem,Deum,si
3122 4950 3296 5021 cujus
3321 4949 3475 5021 apud
3499 4964 3562 5003 se
3590 4954 3757 5005 esset

2085 5040 2277 5098 meriti
2297 5039 2495 5095 anima
2513 5038 2785 5112 praesulis
2804 5038 2949 5094 inibi
2968 5038 3208 5111 sepulti,
3221 5055 3324 5112 per
3334 5039 3463 5109 ejus
3475 5036 3755 5094 ﬂebiliter

2086 5129 2436 5203 supplicavit
2481 5129 2988 5197 intercessionem,
3025 5132 3089 5183 ut
3141 5126 3423 5185 amissam
3479 5126 3583 5182 diu
3632 5126 3754 5183 sibi

2088 5294 2372 5349 hactenus
2405 5293 2598 5347 dictus
2622 5291 2941 5347 Ilelwlsbelw
2970 5291 3041 5346 ad
3084 5291 3302 5346 Iseram
3346 5304 3610 5355 amnem,
3645 5288 3754 5360 qui

2088 5365 2283 5420 influit
2315 5366 2369 5419 in
2402 5364 2637 5418 l‘enam.

2158 5458 2238 5521 (8)
2269 5454 2348 5509 De
2381 5454 2439 5508 S.
2460 5452 2766 5507 Ilumfrido
2798 5453 2926 5524 ejus
2960 5466 3297 5506 successore
3328 5444 3621 5522 agendum
3658 5449 3753 5503 in-

2089 5526 2270 5581 ferius
2301 5526 2371 5579 ad
2407 5541 2628 5578 annum
2660 5526 2784 5578 859.

2088 5684 2106 5739 1
2160 5614 2235 5683 (0)
2268 5612 2506 5668 Pl'iL‘ISSC
2531 5610 2760 5669 tantum
2804 5599 3010 5669 sei-ibit
3039 5608 3353 5677 Folcuinus
3398 5609 3594 5677 levita,
3632 5627 3753 5667 non

2113 5700 2463 5739 aervmasse.
3412 5718 3413 5721 η

2113 5700 2463 5757 aerymasse.
3326 5742 3329 5745 ν
3412 5718 3413 5721 η
