3912 6358
170 422 276 496 511

1138 431 1243 492 DE
1287 430 1561 493 GESTIS
1606 429 1989 493 ABBATUM
2032 431 2596 497 LAUBIENSIUM.

3454 437 3571 498 542

170 565 476 642 optabilem
508 566 780 623 redderet
809 564 1143 622 sanitatem.
1177 566 1292 620 Nec
1321 564 1573 619 multum
1613 566 1688 619 ibi
1716 567 1808 637 ja-
1839 566 1889 632 Α
1922 582 2039 637 qua
2068 572 2309 622 sanctus
2343 567 2485 622 civis
2515 566 2837 638 tegebatur,
2870 572 3227 639 exposcunt:
3259 570 3358 643 qui
3391 572 3578 629 consi-

170 675 303 714 cens
334 658 551 713 orando
581 659 868 721 moratus,
903 671 1037 709 mox
1081 654 1161 708 ita
1193 654 1445 709 surrexit
1478 653 1810 721 incolumis,

173 753 234 803 ut
259 746 632 818 stupentibus
677 743 912 800 cunctis
955 744 1176 815 gratias
1224 742 1340 797 Deo
1392 743 1647 809 referret,
1683 760 1813 814 pro-

170 836 306 908 priis
361 835 488 890 sine
545 833 727 889 ullius
796 832 1156 887 adminiculo
1226 832 1501 887 incedens
1576 831 1810 902 plantis.

168 926 247 979 Ab
306 925 429 995 ipso
491 939 628 994 ergo
687 922 782 976 die
851 921 1003 974 beati
1062 920 1169 985 yiri
1239 920 1507 974 tumulus
1573 919 1814 989 majoris

168 1013 397 1069 honoris
445 1011 767 1067 reverentia
825 1014 913 1065 est
972 1009 1241 1076 habitus;
1290 1008 1561 1081 idemque
1611 1027 1812 1063 mona-

170 1103 306 1159 obus
329 1105 595 1165 sanatus,
618 1097 895 1171 quoniam
918 1097 1298 1169 grammatice
1319 1102 1441 1153 erat
1467 1097 1811 1165 instructus,

168 1191 243 1248 ita
276 1192 394 1247 bzcc
435 1190 692 1261 elegiaco
734 1191 919 1242 metro
958 1186 1422 1258 comprehendit,
1459 1187 1721 1242 scribens
1757 1187 1813 1241 in

168 1282 287 1351 ejus
318 1279 547 1334 tumulo
583 1294 597 1332 :

252 1378 490 1428 Foleuini
522 1374 836 1424 veneranda
868 1374 1035 1423 Patris
1064 1373 1151 1423 hic
1182 1375 1425 1423 membra
1456 1374 1716 1431 locantur,

312 1440 551 1488 Antistes
581 1438 787 1487 dudum
817 1436 907 1499 qui
940 1436 1115 1499 fuerat
1144 1437 1427 1485 Morinum.

251 1502 457 1565 Quique
488 1504 683 1563 quater
709 1498 864 1565 denis
897 1500 1016 1565 vitae
1047 1498 1155 1547 dux
1186 1500 1387 1565 exstitit
1412 1499 1592 1565 annis,

312 1562 518 1619 Ménte,
544 1568 776 1625 actaque
808 1562 895 1625 pio
920 1562 1075 1625 jussu
1104 1562 1379 1625 operando
1404 1562 1499 1625 Dei
1531 1575 1544 1625 _:

182 1656 189 1661 η
246 1628 418 1689 Atque
450 1626 539 1675 die
568 1623 761 1689 quarto
792 1623 1000 1689 decimo
1031 1624 1335 1689 Decembris
1368 1623 1595 1689 ab_orbe

310 1663 313 1674 .
354 1642 418 1676 ue
450 1642 539 1675 me
568 1642 761 1689 quarto
792 1642 1000 1673 UCCIUJO
1031 1642 1335 1672 UBCL’UJDI‘IS
1368 1642 1435 1671 {ID
1466 1642 1595 1671 UFUB

310 1642 589 1752 gumptus,
621 1686 975 1750 apostolicum
1004 1685 1198 1749 gaudet
1235 1686 1381 1735 adire
1412 1686 1656 1734 chorum.

231 1781 313 1834 18.
336 1776 632 1833 Omnibus
662 1775 845 1847 igitur
871 1779 1002 1845 post
1033 1774 1142 1829 hoc
1175 1774 1328 1828 beati
1352 1773 1456 1828 viri
1488 1775 1694 1829 merita
1721 1789 1811 1827 ve-

163 1867 523 1935 nerantibus,
556 1868 621 1919 ut
652 1881 759 1918 vox
789 1861 1107 1918 Salvatoris
1140 1863 1485 1935 probaretur
1514 1862 1761 1917 dicentis
1797 1879 1809 1916 :

1926 656 2066 710 lium
2102 656 2201 711 diu
2251 674 2723 728 quaquaversum
2774 662 3043 729 poterant
3090 660 3466 729 trutinantes,
3501 663 3573 718 ad

1922 744 2164 800 Adolol'tl
2201 746 2475 802 Generosi
2510 750 2647 801 tunc
2689 747 2969 818 temporis
3008 746 3116 803 loci
3152 747 3309 804 illius
3340 751 3573 806 comitis

1924 840 1981 889 et
2004 834 2235 889 abbatis
2264 835 2529 890 notitiam
2549 835 2909 902 detulerunt,
2924 838 3307 909 consultoque
3326 841 3437 907 (t2)
3456 840 3576 894 Ste-

1924 923 2116 993 phano
2138 924 2400 993 ejusdem
2421 924 2700 995 temporis
2723 926 3191 980 reverentissimo
3209 928 3575 982 Tarvennen-

1924 1013 2005 1066 sis
2038 1012 2293 1065 ecclesia:
2326 1013 2620 1084 episeopo,
2653 1016 2948 1067 communi
2981 1016 3245 1070 omnium
3276 1016 3575 1071 voluntate

1922 1117 2057 1154 cum
2092 1099 2271 1155 cereis
2303 1104 2358 1154 et
2389 1101 2565 1155 choro
2602 1101 2997 1171 psallentium,
3023 1107 3197 1174 atque
3228 1103 3386 1158 omni
3417 1103 3575 1159 Cleri~

1925 1204 2125 1242 eorum
2152 1191 2432 1257 apparatu
2456 1188 2591 1241 ldus
2616 1188 2955 1243 Novembris
2972 1190 3064 1245 die
3092 1190 3570 1260 illucescente,ad

1923 1276 2108 1330 sancti
2144 1276 2247 1328 viri
2284 1275 2579 1329 tumulum
2604 1282 2839 1331 ventum
2874 1282 2979 1339 est.
3001 1279 3352 1351 elevatisque
3382 1282 3570 1335 sancti

1922 1364 2184 1433 corporis
2218 1365 2520 1428 membris,
2548 1369 2723 1436 atque
2756 1365 2869 1420 illic
2892 1366 3209 1432 collocatis,
3235 1369 3293 1421 in
3327 1370 3450 1424 loco
3482 1374 3573 1424 tu-

1922 1452 2067 1506 muli
2100 1452 2279 1507 altare
2311 1458 2670 1523 constructo,
2692 1453 2847 1509 diem
2879 1454 3038 1511 illam
3071 1457 3343 1512 cantibus
3364 1462 3419 1513 et
3439 1475 3578 1530 gau-

1921 1541 2038 1596 diis
2068 1542 2283 1597 duxere
2334 1542 2600 1597 festivam
2640 1559 2653 1597 :
2689 1544 3080 1616 explicitoque
3128 1546 3320 1601 officio
3352 1547 3574 1614 refecti,

1923 1630 2141 1701 quique
2172 1632 2243 1684 ad
2278 1630 2513 1701 propria
2538 1637 2678 1685 sunt.
2709 1633 2939 1689 reversi.
3346 1647 3352 1652 “

1996 1772 2088 1827 th.
2124 1772 2224 1827 His
2258 1773 2437 1845 igitur
2468 1773 2549 1827 sic
2584 1789 2646 1827 se
2678 1773 3052 1842 habentibus,
3088 1782 3390 1847 cmperunt
3420 1779 3574 1835 beati

1920 1862 2027 1915 viri
2062 1862 2325 1916 membra
2355 1860 2675 1916 virtutibus
2708 1861 3251 1920 enitere.‘Fecerunt
3284 1871 3476 1922 autem
3502 1867 3576 1924 ci-

161 1956 303 2012 ΝίΙιίι
333 1962 585 2027 opertum
614 1952 755 2025 quod
786 1968 893 2007 non
932 1951 1220 2018 reveletur,
1242 1967 1416 2023 neque
1444 1952 1819 2007 absrondz‘tum
1846 1936 1895 2002 Β
1924 1966 2021 2004 ves
2054 1949 2453 2004 febricitantes
2484 1952 2992 2021 consuetudinem,
3028 1970 3162 2008 cum
3196 1955 3574 2014 candelarum

161 2045 289 2119 quod
342 2061 461 2101 non
512 2044 724 2099 sciatur
763 2040 967 2112 (Matth.
1002 2058 1057 2109 x,
1107 2040 1220 2109 26).
1257 2040 1460 2096 Pastor
1511 2046 1815 2112 pastorum

159 2134 348 2189 vicarii
380 2134 501 2201 (10)
534 2132 627 2187 sui
658 2147 796 2186 ossa
825 2129 1013 2184 noluit
1040 2130 1151 2185 sub
1186 2134 1340 2184 terra
1371 2131 1563 2201 posita
1592 2129 1816 2186 diutius

162 2222 514 2289 delitescere,
543 2220 644 2276 sed
673 2218 1066 2274 venerandam
1090 2217 1374 2272 almitatis
1407 2219 1537 2288 ejus
1568 2218 1814 2289 gloriam

160 2312 333 2367 voluit
353 2310 637 2367 omnibus
658 2307 1001 2363 hominibus
1023 2306 1351 2379 propalare.
1375 2308 1540 2362 Anno
1565 2325 1815 2379 namque

163 2399 507 2457 felicissima:
534 2396 958 2453 incarnationis
979 2395 1211 2451 Domini
1237 2394 1419 2451 nostri
1441 2397 1582 2451 Jesu
1601 2396 1814 2452 Christi

162 2489 552 2561 nogentisimo
570 2487 849 2542 vicesimo
873 2490 1093 2551 octavo,
1109 2484 1430 2540 indictione
1452 2486 1660 2557 prima,
1678 2491 1818 2541 tem-

162 2594 287 2650 pore
316 2576 513 2634 Caroli
566 2576 742 2650 regis,
777 2574 1011 2641 reclusi,
1045 2575 1275 2629 duobus
1318 2575 1427 2645 (11)
1479 2576 1818 2646 spectabilis

162 2685 410 2740 personas
444 2665 625 2738 longe
657 2663 900 2719 remotis
930 2664 1165 2719 crebras
1207 2680 1309 2735 per
1338 2663 1593 2736 quietem
1628 2664 1817 2720 noctis

162 2755 344 2827 prodit
371 2754 660 2820 visiones,
696 2758 989 2825 quatenus
1020 2752 1215 2808 Sithiu
1264 2753 1557 2808 famosum
1588 2753 1818 2809 adirent

162 2844 527 2911 Cmnobium,
558 2858 626 2897 ac
655 2841 1007 2897 venerabilis
1033 2841 1217 2895 sancti
1250 2841 1517 2913 praesulis
1551 2841 1815 2913 Folquini

165 2934 419 2989 membra
440 2932 736 2997 levantes,
758 2931 828 2987 ad
854 2929 1059 2985 debita:
1081 2930 1470 2985 venerationis
1493 2946 1816 3003 praeparan-

162 3026 249 3077 tur
274 3019 662 3094 obsequium.
683 3019 789 3085 Qui
811 3018 1087 3092 gaudenti
1111 3018 1306 3074 animo
1329 3019 1502 3089 jussa
1526 3020 1819 3091 complen-

160 3115 256 3179 tes,
289 3113 595 3185 apparatu
624 3125 741 3181 quo
785 3112 1054 3179 poterant
1085 3108 1156 3162 ad
1188 3108 1381 3162 Sithiu
1419 3109 1547 3179 jam
1592 3109 1815 3164 dictum

159 3200 467 3256 adveniunt
508 3197 959 3267 Monasterium,
993 3197 1279 3251 adventus
1312 3196 1404 3251 sui
1437 3213 1676 3252 causam
1711 3198 1818 3252 fra-

160 3288 336 3347 tribus
356 3286 719 3345 monasterii
741 3285 1205 3359 produnt,licere
1227 3285 1339 3341 sibi
1362 3286 1551 3359 detegi
1582 3303 1813 3355 urnam,
1846 3306 1889 3372 ρ

221 3416 330 3495 (19)
362 3416 449 3495 En
484 3412 819 3495 Folquinus
857 3410 1352 3495 Cbristinvieqrg'as
1392 3410 1624 3495 dicitur.
1650 3412 1812 3495 Q‘u‘od

160 3480 502 3542 vocabulum
549 3480 732 3540 etiam
782 3487 992 3555 prmter
1037 3482 1183 3555 alios
1204 3480 1509 3555 Wibertus
1540 3481 1811 3555 Gembla-

163 3558 342 3615 censis
369 3558 562 3613 abbas
596 3552 863 3626 Philippo
887 3552 1216 3626 Coloniensi
1249 3552 1684 3626 archiepiscopo
1718 3553 1815 3626 tri-

162 3628 295 3701 buit,
332 3634 397 3684 ut
428 3626 713 3701 superius
748 3623 1015 3701 notatum
1047 3624 1119 3679 ad
1159 3623 1377 3679 librum
1411 3623 1478 3678 de
1511 3623 1813 3679 miraculis

164 3700 215 3754 S.
244 3697 570 3755 Adalharﬂi
605 3697 859 3752 abbatis.

223 3773 301 3841 (11
332 3772 556 3827 Confer
584 3784 654 3841 ea
684 3785 812 3840 quas
855 3766 1129 3841 superius
1176 3783 1245 3821 ex
1282 3764 1589 3841 _Folcwino
1638 3766 1815 3821 levita

162 3838 341 3897 notavi
374 3843 433 3897 in
469 3838 1142 3914 prmvia'observatione,
1176 3856 1234 3893 n.

220 3914 331 3984 (12)
361 3917 449 3969 An
469 3907 807 3984 consultus
830 3927 1007 3984 super
1043 3909 1153 3984 bac
1184 3925 1243 3964 re
1273 3908 1449 3963 fuerit
1480 3907 1810 3981 episcopus,

162 3979 263 4040 non
292 3979 583 4040 exorimit
614 3979 929 4038 Folcuinus
960 3980 1150 4036 levita.

223 4056 327 4127 (13)
346 4049 660 4112 Johannes
688 4052 914 4127 [peritis
936 4052 1117 4107 abbas
1140 4049 1452 4127 Sitliiensis
1473 4049 1531 4103 in
1556 4066 1681 4120 cap.
1708 4050 1771 4105 13
1796 4066 1809 4105 ε

165 4121 667 4202 «Conservamus,
700 4121 912 4202 inquit,
939 4140 1184 4202 cappam
1217 4121 1345 4202 ejus
1379 4138 1556 4202 unam
1577 4138 1815 4202 ‘proces-

163 4197 455 4265 sionalem,
480 4190 751 4261 mitram,
776 4190 1162 4258 chirotheeas,
1186 4190 1362 4264 atque
1388 4190 1677 4265 sandalia,
1701 4196 1814 4265 sto-

162 4265 237 4323 las
258 4262 492 4343 quoque
524 4275 668 4325 tres.
685 4288 714 4318 ››
739 4269 997 4332 Quorum
1019 4262 1355 4321 contactum
1388 4262 1813 4337 parturientibs

1928 2056 2042 2111 quo
2072 2038 2321 2110 quisque
2352 2044 2577 2110 poterat
2602 2057 2843 2096 munere
2875 2043 3063 2098 sancti
3096 2045 3362 2114 prmsulis
3392 2046 3576 2102 altare

1925 2130 2315 2199 frequentare,
2332 2134 2506 2200 atque
2530 2130 2852 2184 secundum
2878 2133 3199 2202 petentium
3230 2135 3406 2189 fidem
3431 2152 3580 2191 rece-

1926 2217 2081 2289 pisse
2114 2218 2334 2289 quique
2359 2218 2552 2272 mirati
2587 2224 2725 2273 sunt
2750 2220 3181 2276 sanitatem.De
3205 2223 3353 2278 stola
3380 2228 3576 2280 autem

1927 2307 2077 2377 ejus,
2102 2324 2227 2378 qua:
2260 2306 2452 2362 adhuc
2482 2311 2682 2374 restat,
2710 2307 3055 2365 mulieribus
3080 2310 3424 2369 difficultate
3456 2330 3580 2386 par-

1928 2400 2024 2449 tus
2057 2397 2169 2465 (13)
2204 2395 2609 2451 laborantibus
2635 2414 2736 2467 per
2756 2397 2885 2465 ejus
2909 2400 3120 2454 merita
3144 2401 3394 2457 salutem
3428 2420 3580 2474 smpe

1928 2484 2263 2556 provenisse
2294 2485 2573 2551 vidimus,
2609 2484 2689 2539 ita
2733 2490 2799 2539 ut
2841 2486 3035 2542 triduo
3068 2488 3151 2543 vel
3206 2506 3272 2545 eo
3324 2490 3579 2563 amplius

1929 2578 2192 2628 materno
2223 2589 2396 2627 onere
2428 2577 2701 2645 gravata),
2724 2591 2857 2629 cum
2882 2592 3027 2647 pene
3048 2577 3385 2634 viderentur
3406 2581 3580 2636 morti

1927 2661 2235 2734 contigum,
2258 2661 2317 2715 in
2348 2661 2614 2733 ingressu
2647 2664 2913 2734 ejusdem
2938 2665 3119 2733 stolm,
3144 2671 3379 2737 partum
3404 2670 3579 2725 eden-

1928 2754 2014 2804 tes
2038 2751 2420 2805 redderentur
2441 2750 2677 2806 sanitati
2712 2752 2993 2823 pristinaz.
3021 2755 3221 2810 Multis
3242 2757 3417 2812 etiam
3442 2757 3576 2812 aliis

1926 2838 2162 2894 indiciis
2185 2839 2469 2893 Dominus
2502 2845 2773 2895 sanctum
2806 2858 2979 2896 suum
3010 2845 3269 2899 ostendit
3300 2844 3577 2902 mirifica-

1928 2931 2053 2982 tnm
2089 2929 2146 2982 in
2179 2928 2362 2993 ccclis,
2384 2934 2660 3000 operante
2692 2933 2748 2984 et
2779 2935 3050 2986 manente
3072 2948 3204 2987 cum
3229 2933 3430 2990 electis
3450 2937 3577 2994 suis

1928 3033 2114 3088 usque
2144 3016 2203 3071 in
2237 3017 2412 3071 tinem
2435 3018 2627 3073 saeculi
2662 3018 2909 3074 Domino
2933 3025 3131 3077 nostro
3160 3022 3300 3078 Jesu
3324 3010 3574 3094 Christo,

1927 3106 2027 3177 qui
2059 3111 2384 3161 coaeternus
2413 3113 2473 3162 et
2513 3108 3032 3165 consubstantialis
3065 3111 3216 3165 Patri
3246 3115 3303 3167 et
3332 3112 3578 3184 Spiritui

1927 3200 2153 3263 sancto,
2184 3196 2325 3250 vivit
2355 3201 2412 3251 et
2443 3201 2647 3269 regnat
2691 3213 2795 3269 per
2834 3198 3065 3255 infinita
3096 3200 3309 3257 sazcula
3338 3202 3576 3259 smeulo-

1928 3300 2079 3340 rum.
2113 3284 2317 3340 Amen.

1926 3408 2294 3482 salutiferam
2349 3425 2480 3482 esse»
2525 3413 2796 3482 testatur.
2831 3411 3094 3482 Denique
3154 3413 3468 3470 Folcardus
3516 3417 3574 3471 in

1923 3480 2198 3557 prmdicto
2225 3479 2373 3535 libro
2396 3480 2673 3557 primode
2698 3479 3081 3557 miraculis—8.
3104 3485 3346 3557 Bertﬁini,
3382 3502 3507 3557 cap.
3541 3488 3576 3541 9

1923 3550 2145 3623 scribit,
2171 3567 2382 3623 eorpus
2415 3551 2601 3623 sancti
2629 3551 2886 3606 Folcuini
2920 3556 3136 3623 magnis
3169 3550 3374 3610 celebre
3394 3550 3573 3614 virtu-

1922 3622 2064 3701 tibus
2097 3621 2504 3701 suntcfmpore,
2533 3621 2637 3675 hoc
2662 3627 2750 3676 est
2776 3621 3085 3701 undecimo
3109 3626 3339 3693 smculo,
3369 3627 3569 3701 fuisse,

1922 3694 2051 3768 Haec
2081 3693 2803 3768 pretiosalmpéltacoram
2844 3693 3071 3765 inspexi
3114 3714 3317 3768 nuper,
3344 3704 3401 3752 et
3432 3693 3572 3755 rell;

1923 3764 2091 3839 quius
2121 3763 2602 3839 sancti_F_olcuini
2636 3763 2958 3839 veneratus
2975 3783 3128 3834 sum,
3157 3763 3371 3839 majori
3399 3770 3571 3827 altari

1922 3833 2229 3907 impositas
2263 3834 2335 3889 ad
2379 3833 2541 3907 latus
2583 3835 2839 3907 australe
2888 3836 2947 3890 in
3003 3833 3279 3907 prie’clara
3329 3840 3572 3897 basilica

1922 3905 2235 3961 Sithiensis
2258 3923 2360 3961 seu
2393 3905 2708 3960 Bertiniani
2736 3905 3075 3962 monasterii
3103 3925 3114 3963 :
3142 3908 3571 3969 humanissime

1923 3983 2200 4048 acceptus
2230 3993 2265 4031 a
2294 3977 2778 4033 reverendissimo
2828 3979 3065 4034 domino
3113 3982 3321 4037 abbate
3351 3988 3407 4038 et
3438 3985 3569 4040 reli-

1942 4048 2105 4131 giosis
2136 4048 2464 4131 coenobitis,
2498 4048 2663 4131 facile
2705 4049 3018 4131 impetravi
3073 4053 3408 4109 facultatem
3444 4073 3571 4127 per-

1947 4120 2209 4197 ustrandi
2246 4120 2477 4197 egregia
2509 4119 2679 4197 istius
2705 4119 2816 4176 loci
2841 4129 3243 4192 monumenta,
3268 4143 3395 4197 qua:
3429 4119 3571 4183 mihi

1923 4190 2177 4247 multum
2208 4190 2457 4248 subsidii
2492 4193 2821 4248 conferunt.

1459 4546 2273 4649 POLGUINI

742 4858 903 4971 DE
992 4857 1399 4973 GESTlS

1533 4734 1790 4780 ABBATIS
1834 4734 2185 4779 LAUBIBNSIS

1479 4856 2060 4971 ABBATUM
2142 4857 2982 4972 LAIJBIENSIUIVI

1437 5065 1626 5134 (Pertz
1657 5063 1893 5119 Menum.
1930 5063 2107 5120 Germ.
2142 5068 2289 5123 (list.

1590 5298 2146 5387 MONITUM

225 5576 505 5650 Ansegisi,
527 5576 632 5649 qui
655 5573 869 5629 saeculo
889 5575 1251 5650 Ix‘abbatum
1274 5574 1809 5650 Fontanellensium
1843 5578 1887 5642 D
1921 5577 2284 5641 monasterii,
2319 5577 3236 5650 cuiipseprzeerat,Laubiensis
3267 5574 3573 5650 scribenda

168 5650 313 5713 gesta
355 5645 699 5717 scripserat,
736 5645 1069 5717 exemplum
1110 5648 1360 5702 fortasse
1410 5653 1648 5701 secutus
1682 5647 1808 5701 Fol-

169 5717 359 5774 cuinus
388 5717 499 5791 (14)
534 5724 787 5776 exeunte
830 5717 1042 5773 saeculo
1075 5718 1301 5773 decimo
1333 5723 1498 5791 gesta
1528 5720 1808 5773 abbatum

229 5813 330 5887 (14)
363 5816 706 5887 Folcwinus
731 5814 1068 5887 Folcuinus,
1094 5814 1434 5887 Folquinus,
1470 5815 1804 5881 Fulcoinus,

174 5881 493 5958 Fulcuinus,
512 5885 862 5959 'Volquinus
893 5881 1063 5943 idem
1081 5891 1189 5943 est.

1921 5650 2201 5718 suscepit.
2237 5649 2340 5713 Qui
2378 5647 2828 5704 illustri’editus
2880 5647 3003 5703 loco
3033 5647 3421 5718 (15),sciticet
3468 5652 3569 5699 Ca-

1920 5719 2026 5773 roli
2062 5719 2309 5774 Martelli
2342 5736 2409 5773 ex
2441 5720 2788 5790 Hieronymo
2823 5718 2941 5772 {ilio
2974 5717 3220 5787 posteris
3256 5728 3565 5771 accensen-

1990 5816 2101 5896 es
2126 5818 2300 5896 sese
2332 5814 2465 5896 «ab:
2493 5811 3274 5896 Lota-cap;.28-:—-F91mzin9
3308 5810 3379 5896 in,
3398 5809 3562 5896 chs:

1918 5876 2133 5944 talario
2158 5888 2221 5944 L.
2251 5885 2468 5947 Bertini
2491 5876 2744 5952 auctore,
2769 5882 3013 5941 Karolus
3037 5879 3339 5937 Martellus
3359 5876 3562 5949 genuit
