3912 6372
155 363 257 426 549

1105 357 1206 421 DE
1250 357 1522 422 GESTIS
1567 357 1949 422 ABBATUM
1987 361 2560 426 LAUBIENSIUM.

3425 365 3544 427 550

153 496 400 554 nantibus
429 496 622 566 aptus.
659 491 808 548 Nam
841 491 994 547 sicut
1023 493 1245 548 dictum
1277 499 1386 560 est,
1416 494 1644 548 cinctus
1686 497 1774 548 est
1803 495 1858 560 Α
1891 496 2150 566 quinque
2176 514 2187 564 ;
2223 497 2320 568 qui
2354 514 2559 552 omnes
2583 501 2972 570 regnaverunt
2993 498 3103 552 sub
3126 499 3366 569 praefato
3391 501 3544 572 prin-

153 584 294 642 silvis
321 586 372 639 et
397 586 782 654 exasperatus
813 581 1104 654 scopulis;
1140 584 1295 638 unde
1345 589 1401 638 et
1448 588 1778 655 perpetrato

154 671 340 730 scelere
384 686 500 727 non
552 670 968 726 inveniebatur
1014 671 1224 737 hostis.
1267 674 1417 741 (657)
1467 671 1592 726 Tali
1642 689 1778 744 ergo

153 759 515 835 oportunitate
536 765 795 832 captata,
811 759 1078 816 Morosus
1101 761 1365 833 quidam,
1381 761 1470 815 vir
1492 761 1668 832 hujus
1692 778 1781 816 ar-

150 852 217 906 tis
242 855 294 904 et
319 849 526 920 operis,
563 848 666 904 tali
697 848 759 903 in
781 847 906 904 loco
940 849 1262 905 latrociniis
1295 850 1778 915 insistebat,lem-

151 955 272 1011 pore
297 954 404 1010 quo
434 955 470 992 a
499 936 786 993 Clodoveo
817 939 1107 1010 septimus
1141 939 1452 995 Lotharius
1480 941 1688 1011 agebat
1721 939 1777 992 in

151 1027 390 1100 sceptris.
423 1026 530 1094 Qui
564 1043 702 1082 cum
736 1026 1000 1082 minimis
1033 1027 1354 1084 sceleribus
1393 1046 1506 1082 non
1559 1045 1778 1099 usque-

151 1132 357 1188 quaque
385 1120 721 1182 contentus,
755 1116 1070 1189 grandiora
1100 1134 1344 1189 quasque
1389 1117 1694 1172 moliretur
1723 1123 1781 1171 et

151 1209 342 1276 ageret,
373 1205 612 1260 tandem
647 1206 965 1260 miserante
1015 1223 1194 1278 super
1244 1207 1334 1260 his
1382 1206 1648 1273 Domino,
1679 1224 1781 1278 per

151 1298 391 1348 sanctum
423 1293 754 1349 Autberum
786 1294 1269 1350 Camaraceusem
1315 1295 1677 1366 episeopmn,
1713 1329 1779 1334 —

150 1397 267 1436 nam
297 1381 601 1452 parrochia
632 1387 723 1436 est
753 1382 940 1454 ipsius
991 1383 1251 1438 eerlesim
1304 1384 1610 1450 terminus,
1647 1385 1780 1438 licet

149 1469 428 1543 hucusque
462 1470 639 1526 etiam
671 1472 716 1506 ³⁸
746 1476 805 1526 et
836 1472 1173 1527 Leodiensis
1215 1473 1583 1544 protenditur
1613 1505 1676 1513 -——
1710 1475 1780 1527 de

150 1559 353 1614 Moroso
367 1559 424 1614 in
441 1559 832 1616 Landelinum
855 1578 1190 1630 conversus,
1208 1563 1503 1617 secundus
1521 1563 1591 1617 de
1605 1562 1780 1618 Saulo

149 1647 318 1702 factus
345 1651 432 1704 cst
469 1647 706 1719 Paulus,
731 1653 790 1705 et
818 1651 995 1705 finem
1017 1650 1182 1706 viciis
1203 1651 1385 1719 dedit,
1403 1656 1460 1706 et
1482 1651 1674 1706 locum
1697 1669 1784 1708 sa-

147 1736 249 1792 cris
300 1735 515 1792 studiis
571 1736 850 1807 initiavit,
895 1742 961 1794 ut
1017 1755 1194 1811 quem
1253 1739 1782 1796 commaculaverat

144 1825 312 1895 victis,
341 1825 644 1882 dedicaret
673 1827 1014 1896 virtutibus,
1049 1833 1106 1884 et
1135 1829 1180 1864 ³⁷
1213 1829 1311 1884 ubi
1347 1830 1784 1902 superabunda-
1811 1862 1860 1928 Β

143 1917 222 1970 rat
246 1920 576 1988 peccatum,
607 1918 1114 1989 superabundaret
1152 1923 1209 1974 et
1257 1921 1466 1992 gratia,
1501 1921 1656 1976 sicut
1703 1921 1784 1976 ait

145 2005 419 2077 apostolus
449 2007 629 2075 (Rom.
663 2024 720 2075 ν,
754 2009 866 2077 20).
889 2008 950 2063 In
974 2025 1088 2080 quo
1111 2008 1236 2066 loco
1259 2014 1315 2064 et
1336 2009 1644 2066 ecclesiam
1670 2011 1781 2066 sibi

143 2099 502 2167 protemporc
519 2096 909 2180 coqstituens,
925 2097 1177 2152 deflebat
1199 2097 1414 2170 quibus
1437 2104 1608 2155 antea
1633 2099 1786 2155 oble-

143 2180 408 2254 ctabatur,
425 2198 611 2242 manu
625 2191 685 2241 et
705 2185 904 2242 labore
923 2184 1142 2242 victum
1167 2189 1785 2259 quaerensJasciviam-

143 2265 241 2342 que
259 2274 718 2346 carnisjejuniis
737 2279 795 2330 et
816 2275 1031 2347 vigiliis
1053 2276 1387 2344 domans,et
1409 2278 1786 2332 exercebatur

142 2375 356 2417 summo
385 2363 610 2418 mentis
641 2363 948 2419 conamine
977 2364 1020 2400 ³⁸
1053 2366 1110 2420 in
1144 2365 1236 2421 his
1267 2383 1396 2438 qum
1419 2372 1558 2423 sunt
1579 2367 1702 2435 Dei,
1721 2372 1786 2422 ut

142 2462 325 2506 omnes
347 2451 734 2518 mirarentur,
756 2452 1024 2510 videntes
1043 2455 1566 2512 commutationem
1585 2458 1782 2511 dexte-

139 2552 206 2592 ra:
225 2538 462 2596 Excelsi.
499 2541 752 2596 Talibus
780 2542 963 2614 igitur
990 2543 1303 2611 exercitiis,
1329 2544 1600 2617 pluribus
1631 2546 1701 2600 ad
1726 2545 1784 2600 id

139 2627 300 2683 studii
331 2631 775 2687 conﬂuentibus
823 2631 1130 2705 speculum
1185 2633 1375 2690 factus
1424 2640 1549 2703 est;
1583 2635 1784 2707 sicque

141 2713 468 2775 Lobbicnsis
525 2719 775 2776 cmnobii
827 2721 1104 2778 fundator
1147 2723 1340 2778 extitit
1387 2725 1636 2796 primus.
1672 2725 1784 2780 Sed

141 2807 493 2873 praeordinati
503 2825 563 2876 ο,
579 2809 650 2864 de
672 2825 788 2882 qua
807 2811 1256 2883 praiposuimus,
1273 2813 1396 2881 Dei,
1413 2815 1513 2886 qui
1530 2832 1643 2871 non
1669 2831 1788 2871 om-

141 2891 298 2949 nibus
320 2896 559 2968 judicia
589 2914 700 2954 sua
737 2899 1080 2956 manifestat
1109 2933 1179 2943 —-
1207 2902 1425 2958 Iudicia
1472 2905 1620 2960 enim
1670 2913 1782 2971 tua,

143 2979 211 3035 ait
238 2982 578 3054 Psalmista,
611 2986 841 3059 abyssus
868 2989 1042 3045 multa
1075 2990 1186 3062 (Ps.
1219 3007 1388 3060 xxxv,
1417 2992 1474 3064 7)
1506 3023 1574 3033 --
1604 2992 1788 3048 voluit

139 3067 178 3104 ”
199 3069 432 3129 beatum
467 3073 867 3132 Landelinum
900 3077 1099 3135 Lobiis
1137 3079 1486 3154 demigrare,
1522 3085 1587 3136 ut
1617 3080 1785 3136 alteri

141 3161 480 3234 quandoque
521 3163 920 3220 subsecutum
966 3164 1130 3222 locus
1179 3173 1428 3238 vacaret,
1463 3185 1536 3225 ne
1582 3170 1786 3242 utique

139 3261 298 3320 super
325 3251 584 3308 alterius
634 3253 1086 3311 fundamentum
1136 3256 1380 3312 aedilicia
1429 3262 1684 3314 strueret
1729 3265 1788 3315 et

130 3335 544 3396 detrimentum
561 3346 1044 3414 pateretur,aut‘°
1055 3363 1125 3401 ne
1137 3346 1350 3401 merita
1363 3351 1525 3401 tanta
1537 3347 1788 3404 duorum

139 3425 295 3482 unius
325 3427 436 3486 loci
473 3431 761 3503 angustia
787 3437 1142 3490 artarentur.
1179 3435 1302 3490 Hiis
1335 3436 1480 3491 forte
1511 3437 1791 3510 prmscius

140 3510 328 3599 bestius
359 3518 735 3575 Landelinus
768 3521 964 3578 Lobiis
995 3523 1352 3597 demigrans,
1387 3525 1790 3599 Chrispinium

135 3598 236 3673 (53)
262 3607 458 3678 petiit.

191 3693 226 3744 2
248 3693 312 3748 “.
346 3695 467 3752 Nec
501 3695 824 3754 defuerunt
869 3699 1171 3772 adjutores
1203 3705 1262 3756 et
1293 3707 1699 3774 cooperatores
1731 3704 1789 3759 in

133 3780 374 3847 pradieti
427 3782 548 3840 loci
616 3785 1096 3858 augmentatione
1157 3805 1333 3860 quam
1394 3789 1611 3862 plures,
1653 3789 1791 3846 licet

132 3868 356 3926 nomina
377 3887 595 3928 eorum
618 3871 970 3943 exciderint;
989 3877 1358 3948 temporibus
1378 3876 1658 3933 Clotharii
1687 3878 1788 3933 lilii

133 3952 402 4030 Clodovei,
437 3962 548 4035 qui
581 3963 852 4036 regnavit
881 3965 1053 4020 annis
1083 3967 1138 4033 4,
1161 3967 1262 4022 sed
1285 3970 1342 4022 et
1365 3967 1611 4023 fratrum
1635 3968 1785 4040 ejus,

132 4041 353 4104 Hildrici
375 4051 618 4109 scilicet
638 4053 684 4088 ⁸³
704 4047 860 4126 regis
880 4054 1407 4126 Austrasiorum,et
1423 4055 1784 4126 Theoderici,

134 4146 289 4203 quem
333 4137 642 4214 Pippinus
669 4141 714 4176 ⁸³
745 4141 1054 4199 debellavit
1101 4143 1160 4198 in
1211 4143 1523 4214 Textricio,
1559 4145 1788 4219 sibique

131 4223 458 4302 subjugavit
485 4229 607 4286 sub
641 4245 822 4304 seque
851 4247 1098 4304 regnum
1133 4233 1299 4290 ﬁnire
1341 4235 1611 4306 permisit
1657 4241 1790 4308 post

133 4323 334 4372 annum
365 4319 543 4392 regni
570 4319 765 4390 ipsius
786 4319 1128 4377 Theoderici
1161 4322 1458 4378 decimum
1491 4327 1784 4394 actavum,

133 4397 380 4462 Clodovei
405 4425 660 4480 quoque
687 4407 792 4464 ﬁlii
823 4409 1188 4479 Theoderici,
1210 4411 1307 4484 qui
1334 4413 1596 4484 regnavit
1615 4415 1788 4470 annis

133 4485 364 4564 duobus,
395 4497 504 4552 sed
538 4501 602 4552 et
633 4496 834 4554 fratris
863 4498 992 4570 ejus
1021 4498 1366 4567 Hildeberti,
1400 4508 1786 4572 cognomento

1891 583 2037 655 cipe,
2071 585 2233 656 regni
2267 589 2496 641 tantum
2529 585 2614 641 eis
2647 587 2883 641 nomine
2922 593 3196 642 manente
3227 590 3290 641 “.
3325 590 3449 654 Quo
3483 588 3542 642 in

1892 677 2150 744 tempore
2169 705 2236 714 ——-
2254 675 2580 729 secundum
2603 674 2830 747 quodin
2853 675 3094 730 Actibus
3117 675 3540 748 apostolorum,

1891 761 1949 815 in
1977 763 2174 816 Asiam
2207 763 2462 819 volentes
2495 764 2576 820 ire
2609 765 3198 836 discipuli,pr0hibiti
3223 767 3540 837 suntaspi-

1892 849 2005 904 ritu
2029 852 2260 906 Domini
2283 877 2297 918 ;
2322 855 2664 908 servabatur
2683 853 2838 908 enim
2864 857 2907 889 ‘5
2927 855 3178 910 Johanni
3195 856 3316 894 ‘5—
3335 856 3544 910 beatus

1890 939 2175 994 Usmarus
2205 941 2486 997 virtutum
2515 943 2803 999 exercitiis
2826 946 2868 978 ‘7
2899 945 3176 998 omnibus
3208 943 3422 1012 clarus,
3447 944 3542 999 cui

1895 1029 2146 1083 Lobbias
2177 1031 2544 1102 apostolatus
2569 1032 2760 1086 locum
2788 1033 3151 1104 delegaverat
3181 1033 3484 1101 Dominus,
3510 1051 3544 1089 ει

1892 1116 2279 1188 Pippinojam
2300 1120 2454 1174 dicto
2479 1120 2739 1192 principe
2763 1127 3056 1188 evocatus,
3075 1122 3228 1177 idem
3254 1127 3545 1178 monaste-

1892 1205 2044 1260 rium
2080 1209 2399 1276 regeudum
2433 1211 2660 1280 accepit
2688 1212 2730 1244 ⁸³
2760 1228 2865 1281 per
2895 1211 3211 1283 Hyldulphi
3255 1211 3542 1266 interven-

1893 1301 2040 1360 tum,
2076 1297 2174 1366 qui
2209 1301 2329 1350 erat
2364 1315 2518 1350 unus
2549 1299 2620 1351 de
2653 1299 3173 1368 procerilmsregni
3197 1300 3540 1370 majoribus.

1890 1386 2042 1452 (lih‘tl)
2073 1386 2256 1454 Cujus
2280 1387 2493 1440 indicia
2518 1387 2859 1441 meritorum
2893 1390 3127 1442 fuerunt
3149 1405 3294 1459 puer
3315 1389 3409 1442 ille
3430 1391 3546 1456 (54)

1891 1478 1948 1528 et
1981 1475 2150 1546 panis
2181 1476 2350 1528 matri
2381 1475 2433 1528 in
2457 1483 2715 1530 oromate
2740 1478 2784 1511 ‘9
2802 1482 3286 1547 prmiuoustralus
3309 1483 3364 1532 et
3385 1494 3548 1533 scan-

1893 1563 1980 1617 sio
2011 1562 2111 1617 illa
2145 1564 2322 1617 beata:
2357 1565 2526 1618 scalm
2551 1570 2758 1620 aterra
2787 1565 2932 1620 cmlo
2963 1570 3168 1633 tenus;
3197 1583 3326 1638 quae
3348 1565 3548 1622 omnia

1893 1657 2183 1723 quantum
2235 1653 2404 1707 beato
2451 1654 2575 1708 viro
2624 1659 2978 1725 congruunt,
3021 1671 3090 1710 ex
3138 1655 3370 1710 actibus
3417 1653 3546 1726 ejus

1893 1741 2322 1812 cognoscimus.
2360 1743 2526 1798 Forte
2555 1759 2660 1798 nec
2683 1742 2811 1798 sine
2843 1743 3099 1814 quodam
3127 1743 3409 1816 praesagio
3431 1743 3546 1800 tale

1893 1830 2136 1886 sortitus
2167 1834 2256 1886 est
2286 1846 2520 1886 nomen.
2544 1831 2859 1888 Ursmarus
2889 1831 3045 1888 enim
3077 1847 3146 1886 ex
3175 1831 3408 1888 duobus
3431 1830 3547 1887 usi-

1893 1919 2030 1973 tatis
2061 1919 2257 1975 Gallia:
2288 1919 2652 1976 locutionum
2673 1919 2987 1992 generibus
3009 1919 3228 1975 dicitur
3245 1921 3310 1988 ⁸ο,
3336 1920 3546 1975 Latina

1891 2007 2174 2074 videlicet,
2211 2025 2388 2079 quam
2430 2015 2785 2080 usurpantes
2830 2009 3112 2064 vitiarunt
3141 2011 3208 2078 5‘,
3241 2013 3299 2065 ct
3326 2009 3545 2064 Teuto-

1893 2097 2059 2165 nica;
2091 2113 2418 2170 congruum
2451 2099 2622 2170 plane
2655 2099 2820 2153 beato
2855 2099 2977 2152 viro
3023 2097 3395 2154 vocabulum.
3433 2097 3546 2154 Ur-

1893 2203 2024 2240 sum
2059 2186 2214 2240 enim
2246 2185 2414 2241 aiunt
2439 2193 2674 2258 partum
2697 2187 3011 2242 informem
3039 2187 3245 2259 lingua
3264 2187 3542 2255 lambere,

1893 2281 1949 2330 et
1979 2276 2134 2346 quod
2166 2281 2389 2330 natura:
2430 2277 2630 2330 minus
2679 2279 2790 2342 est,
2825 2277 3020 2331 oflicio
3069 2276 3282 2350 lingua:
3314 2277 3358 2310 ⁵²
3387 2293 3545 2331 com-

1892 2365 2066 2436 plere.
2106 2363 2198 2418 Sic
2231 2369 2288 2418 et
2327 2364 2423 2420 ille
2475 2365 2681 2420 beatus
2728 2364 2816 2419 vir
2861 2363 3122 2419 carnales
3171 2381 3457 2436 quosque,
3491 2367 3548 2420 et

1894 2453 2085 2508 solum
2144 2471 2212 2508 ea
2270 2455 2471 2526 qua)”
2513 2454 2709 2510 carnis
2767 2459 2908 2510 sunt
2967 2453 3284 2526 sapientes,
3334 2455 3544 2526 praedi-

1897 2545 2082 2600 cando
2132 2544 2204 2597 ad
2261 2545 2508 2598 formam
2559 2545 2650 2598 sui
2704 2543 2935 2600 reduxit
2984 2543 3254 2615 principii
3288 2544 3366 2612 5‘;
3408 2560 3547 2614 par-

1896 2633 2122 2688 turiens
2152 2648 2384 2702 semper
2414 2632 2661 2687 Domino
2690 2633 2760 2688 de
2788 2632 2925 2686 ﬁliis
2973 2631 3070 2686 ira:
3119 2631 3404 2704 populum
3449 2649 3544 2688 ac~

1896 2721 2254 2794 quisitionis,
2289 2725 2352 2775 ut
2381 2737 2516 2775 cum
2555 2719 2830 2792 Apostolo
2881 2721 3099 2775 diceret
3131 2735 3146 2774 :
3178 2719 3366 2775 Filioli
3409 2723 3538 2790 mei,

1896 2827 2027 2883 quos
2057 2813 2255 2866 iterum
2277 2811 2550 2880 parturia.
2583 2809 2750 2864 donec
2775 2809 3045 2878 formetur
3091 2807 3339 2862 Christus
3369 2809 3431 2862 in
3459 2823 3546 2862 vo-

1897 2901 1979 2956 bis
2002 2900 2139 2971 (Gal.
2176 2915 2252 2966 1v,
2289 2899 2394 2969 19).
2430 2897 2700 2963 Mentior,
2733 2897 2782 2951 si
2821 2896 2943 2952 haec
2991 2897 3120 2967 ejus
3168 2894 3442 2950 exercitia
3469 2895 3544 2950 ad

1901 2989 2088 3045 nostri
2118 2986 2398 3059 temporis
2427 2986 2626 3042 faecem
2657 2987 2700 3020 ⁵⁵
2732 3003 2847 3040 non
2899 3001 3086 3057 usque
3135 2984 3542 3040 decurrerunt.

1896 3079 2044 3134 Nam
2076 3083 2140 3133 ut
2168 3075 2609 3148 praetermittam
2641 3091 2762 3142 eos,
2795 3091 2946 3146 quos
2985 3078 3087 3130 aut
3140 3071 3258 3129 viva
3299 3089 3438 3129 voce
3463 3072 3547 3128 inv

1899 3167 2132 3232 struxit,
2165 3169 2268 3221 aut
2297 3163 2589 3220 vicinitate
2619 3164 2904 3236 temporis
2935 3180 3041 3236 per
3068 3179 3187 3230 eos,
3219 3163 3323 3234 qui
3347 3161 3546 3218 audie-

1900 3260 2032 3312 rant
2059 3271 2195 3310 cum
2227 3253 2316 3309 vel
2335 3253 2620 3319 viderant,
2646 3251 2756 3308 sibi
2781 3252 2838 3306 in
2863 3251 3138 3324 plurimis
3167 3251 3550 3306 immitabiles

1897 3344 2033 3401 fecit
2062 3375 2130 3384 --
2159 3361 2294 3398 nam
2329 3341 2620 3413 adaequari
2651 3341 2702 3396 ei
2734 3341 2794 3396 in
2825 3341 3102 3396 omnibus
3132 3341 3548 3396 difﬁcillimum

1901 3435 2012 3488 fuit
2043 3449 2058 3488 :
2089 3465 2157 3472 -—
2185 3449 2314 3499 nos,
2346 3431 2405 3484 in
2438 3447 2586 3501 quos
2619 3429 2762 3483 fines
2813 3429 3145 3484 seculorum
3195 3430 3474 3484 devenere
3504 3428 3549 3464 ⁵⁸

1898 3524 2034 3592 (55),
2067 3519 2206 3574 licet
2236 3520 2293 3574 in
2328 3517 2498 3574 nobis
2533 3515 2762 3572 nullum
2793 3517 3024 3588 patroni
3063 3516 3357 3588 specimen
3391 3515 3546 3570 relu-

1900 3615 2029 3666 ceat
2055 3607 2296 3681 ingenii,
2329 3607 2388 3660 id
2421 3606 2638 3678 ipsum,
2669 3605 3281 3676 quantulumcumque
3311 3621 3544 3671 sumus,

1899 3701 2028 3770 ejus
2075 3701 2416 3752 constamus
2445 3696 2488 3730 ⁵⁷
2519 3693 2862 3766 patrocinio.
2905 3693 3051 3748 Nam
3099 3692 3472 3766 signaculum
3501 3693 3547 3728 ⁵⁸

1899 3787 2262 3861 apostolatus
2293 3785 2422 3856 ejus
2450 3784 2494 3818 ⁵⁹
2525 3801 2632 3840 nos
2662 3798 2898 3855 quoque
2941 3799 3152 3838 sumus
3180 3781 3242 3836 in
3273 3782 3542 3838 Domino.

1901 3879 2214 3934 Famosum
2246 3879 2441 3930 autem
2481 3888 2617 3928 eum
2666 3889 2814 3938 esse,
2847 3889 2964 3927 non
3013 3887 3367 3944 magnopere
3419 3887 3546 3925 nos-

1898 3972 2056 4023 trum
2087 3970 2178 4021 est
2195 3963 2610 4020 commendare
2632 3980 2644 4028 ;
2667 3961 2778 4016 scit
2797 3961 2907 4017 hoc
2930 3977 3145 4034 magna
3167 3975 3302 4032 pars
3323 3959 3546 4026 Galliae,

1899 4057 2096 4112 sciunt
2126 4060 2184 4110 et
2214 4053 2296 4108 hii
2329 4069 2479 4124 quos
2505 4051 2680 4107 variis
2715 4049 3160 4106 infirmitatibus
3191 4053 3428 4106 vexatos
3459 4065 3551 4106 sa-

1899 4163 2008 4202 nos
2037 4143 2228 4200 reddit
2257 4141 2486 4198 cotidie.
3524 4157 3526 4162 ι

1969 4236 2024 4290 3.
2057 4236 2246 4300 Quare
2275 4235 2474 4287 autem
2506 4247 2641 4286 eum
2675 4231 3016 4302 episcopum
3048 4228 3229 4286 luisse
3273 4229 3546 4296 dicimus,

1899 4340 2052 4395 saepe
2079 4340 2112 4377 a
2141 4322 2312 4378 nobis
2343 4319 2656 4392 qumsitum
2688 4324 2796 4374 est.
2824 4319 2969 4374 Nam
2993 4322 3184 4374 textus
3213 4315 3528 4388 descriptio

1899 4414 1992 4468 nis
2013 4413 2144 4469 vita:
2175 4410 2362 4482 ipsius
2395 4408 2736 4480 episcopum
2769 4423 2904 4462 eum
2954 4407 3136 4461 fuisse
3183 4406 3350 4460 docet
3397 4404 3545 4476 (56);

1898 4501 2093 4558 locum
2124 4505 2321 4554 autem
2351 4496 2438 4553 vel
2472 4501 2736 4567 tempora
2765 4493 3150 4550 ordinationis
3181 4491 3481 4564 ipsius,vel
3513 4509 3550 4547 a

130 4572 287 4664 iusti,
319 4583 423 4654 qui
457 4584 740 4657 regnavit
766 4586 940 4642 annis
975 4591 1223 4659 septem,
1257 4603 1483 4643 necnon
1515 4594 1574 4645 et
1604 4590 1790 4664 Dago-
1821 4599 1870 4663 Β
1901 4591 2120 4664 quibus
2150 4587 2455 4644 ordinatus
2478 4585 2575 4651 sit,
2601 4583 2840 4639 omnino
2862 4581 3216 4637 silet.Sedin
3239 4581 3415 4636 curtis
3437 4581 3548 4636 sub

133 4661 260 4722 bet-ti
287 4670 394 4726 ﬁlii
441 4674 728 4746 ejusdem
779 4674 1120 4744 Hildeberti,
1155 4675 1256 4747 qui
1306 4678 1572 4748 regnavit
1619 4661 1793 4738 annis

1901 4683 2031 4753 ejus
2057 4685 2319 4750 tempore
2350 4674 2520 4730 factis
2550 4690 2616 4728 ac
2654 4671 3020 4744 perantiquis
3066 4671 3550 4726 membranarum

1492 4791 1753 4862 VARI/E'
1775 4805 2194 4864 LECTIONES.

191 4888 230 4926 ³⁸
259 4894 416 4951 enim
473 4899 528 4952 1.
580 4896 748 4954 deest.
783 4901 838 4954 2.
914 4899 958 4934 ³⁷
991 4902 1055 4955 ut
1087 4898 1159 4954 1?
1186 4902 1240 4954 2.
1317 4899 1360 4934 ³⁸
1391 4905 1604 4956 conatu
1638 4904 1688 4958 1.

133 5029 169 5062 ιϐ

133 5108 176 5174 et
199 5107 326 5174 alia,
362 5107 424 5166 iii

133 5171 170 5205 ’⁵⁸
198 5171 541 5252 ξιξεόβρίίὲ.

1765 4906 1811 4938 39
1841 4905 1997 4938 ηηῖιιῖ

191 4903 230 4926 ’³⁸
259 4903 416 4951 enim
473 4903 528 4952 1.
580 4903 748 4954 deest.
783 4903 838 4954 2.
914 4903 958 4934 ³⁷
991 4903 1055 4955 ut
1087 4903 1159 4954 1?
1186 4903 1240 4954 2.
1317 4903 1360 4934 ³⁸
1391 4905 1604 4956 conatu
1638 4904 1688 4958 1.
1765 4906 1811 4939 39
1841 4903 2030 4960 noluit
2069 4905 2118 4960 1.
2199 4903 2243 4935 ‘0
2271 4904 2330 4954 et
2355 4903 2410 4954 2.
2489 4903 2530 4932 ‘1
2565 4903 2816 4969 Capitula
2868 4903 3164 4952 Dacherius
3211 4912 3282 4951 ex
3327 4909 3550 4966 apogra-

128 4959 372 5050 Lab-
392 4969 521 5050 ,(ίῖ)
551 4972 779 5042 recepit.
857 4971 905 5050 ‘3‘
933 4971 1172 5050 secundi
1339 4971 1385 5004 ⁸³
1404 4972 1644 5050 pipinus
1671 4975 1750 5050 Α1⁴1
1777 4980 1831 5031 2.
1853 4979 2080 5050 smpius.
2156 4974 2202 5007 “
2224 4974 2599 5050 permanente
2628 4975 2682 5022 2.
2752 4969 2804 5050 is
2824 4967 3477 5050 quoniamscrvabatur

196 5037 602 5120 scripsi'ef
634 5037 905 5120 constanti
928 5042 1104 5120 {dedit
1129 5044 1240 5120 moi
1269 5037 1488 5120 usuist.
1510 5046 1585 5100 ita
1605 5047 1772 5101 etiam
1799 5037 2126 5120 parrbchia.
2157 5037 2302 5120 (Ὀζίᾴ
2308 5043 2376 5110 ie,
2409 5041 2600 5106 certis,
2633 5037 2956 5120 auctoritas,
2990 5041 3272 5120 conicere,
3297 5037 3552 5120 valitudq

457 5112 676 5196 ᾳέιίὺιειε
703 5113 1004 5196 scribendis
1031 5116 1086 5168 2.
1118 5114 1230 5168 sibi
1271 5115 1503 5196 minime
1547 5125 1772 5196 censtat.
1799 5111 1870 5174 ile
1899 5121 2109 5196 1._eero
2156 5115 2324 5196 nihil”
2350 5120 2678 5196 compertum
2726 5111 3005 5196 habemus:
3028 5111 3125 5196 “f7
3156 5111 3448 5196 exercitus

629 5185 676 5218 ⁸⁸
704 5189 964 5242 oromate
995 5201 1134 5240 corr.
1171 5189 1429 5240 aromate
1459 5189 1513 5240 2.
1590 5188 1636 5222 ⁵ο
1660 5189 1805 5245 deest
1831 5194 1885 5244 2.
1963 5191 2005 5226 δι
2035 5189 2182 5244 deest
2214 5189 2264 5240 1.
2293 5189 2348 5240 2.
2381 5177 2478 5240 ubi
2531 5186 2588 5239 in
2630 5185 2889 5254 ("uirgine
2933 5182 3158 5238 additur
3187 5200 3204 5236 :
3235 5182 3398 5236 deest
3447 5177 3552 5254 ali:

2199 4901 2243 4935 ‘0
2271 4904 2330 4954 et
2355 4903 2410 4954 2.
2489 4899 2530 4932 ⁴¹
2565 4897 2816 4969 Capitula
2868 4897 3164 4952 Dacherius
3211 4909 3555 4969 ex_apogra-

3082 5111 3125 5145 ’⁸⁷
3156 5107 3448 5166 exercitus
3479 5107 3555 5162 1?

135 5245 278 5370 Epid.
309 5245 630 5310 Ddcherius
659 5271 838 5312 vocem
862 5273 932 5312 ea:
961 5256 1076 5313 cod.
1112 5255 1237 5312 Lob.
1263 5257 1284 5311 Ρ
1310 5255 1483 5312 edidit
1531 5265 1584 5313 et
1621 5268 1742 5332 post
1786 5261 2106 5317 Teutonica
2152 5258 2278 5313 add.
2311 5273 2325 5310 :
2356 5273 2533 5312 ursus
2583 5245 2818 5323 dicitur,
2853 5255 2995 5326 quod
3046 5269 3212 5310 sensu
3269 5257 3432 5334 caret.
3509 5249 3555 5283 ⁸²

189 5329 261 5370 est
287 5323 337 5370 1-
417 5325 465 5361 ³³
496 5344 555 5370 η-
599 5325 722 5370 ςηιςι
759 5343 886 5370 nitas.
915 5328 966 5370 ί)-
1047 5329 1094 5362 5‘
1117 5327 1388 5370 nrmnf,,ii
1423 5330 1444 5370 1
1553 5331 1596 5362 55
1627 5331 1830 5370 f'nninm
1868 5333 1887 5370 4
1997 5333 2041 5368 56
2071 5331 2426 5370 rlmmnprnnl.
2459 5327 2532 5370 1‘?
2606 5325 2650 5360 57
2681 5330 3080 5370 nnnipszinmnr
3113 5327 3162 5370 1-
3239 5325 3282 5358 ⁵⁸
3315 5334 3550 5370 manum

189 5323 355 5401 estut._
417 5325 465 5361 ‘3
496 5344 557 5399 q.
599 5325 728 5384 sola
759 5343 886 5401 quae
915 5328 968 5384 2.
1047 5329 1094 5362 ω
1114 5327 1390 5401 prmpt..ii
1423 5330 1474 5382 1.

137 5387 182 5440 2-
251 5392 295 5426 δ’
319 5394 474 5452 deest
497 5387 558 5452 ἑ.

1553 5331 1596 5362 ⁵⁵
1624 5331 1834 5388 faciem
1868 5333 1915 5391 1.

1997 5333 2041 5368 ⁵⁸
2071 5331 2427 5387 devenerunt
2459 5327 2532 5380 1?
2606 5325 2650 5360 ⁵⁷
2681 5322 3080 5383 contestamur
3113 5327 3163 5380 1.
3239 5325 3282 5358 ⁵⁸
3315 5322 3551 5394 signum

1633 5582 1647 5600 ο
1727 5499 1961 5559 ΝΟΤίΕ.

197 5577 300 5728 (53g
329 5582 613 5658 Crespin,
649 5585 799 5668 di_oc.
832 5585 1291 5644 Cameracensis.

198 5651 280 5725 (54
332 5655 418 5713 Cf.
450 5659 623 5714 Anso
659 5656 790 5716 Vita
819 5659 1080 5717 Ursmari
1110 5677 1161 5716 c.
1197 5661 1222 5716 1

198 5651 300 5725 (54)
332 5655 418 5713 Cf.
450 5651 623 5714 Ᾱιιεὸ
659 5656 790 5716 Vita
819 5659 1080 5717 Ursmari
1110 5677 1161 5716 c.
1197 5661 1222 5716 1

1975 5593 2303 5666 (55)-\nnp_s
2320 5588 2392 5648 ab
2415 5585 2816 5666 incarnatione
2837 5585 3186 5666 millesimus
3209 5581 3545 5638 timebatur.

2111 5665 2194 5722 Cf.
2228 5661 2358 5717 Vita
2389 5677 2443 5716 a.
2474 5661 2708 5716 Ausone
2737 5657 2797 5714 in
2829 5657 2986 5733 prol.‘
3009 5661 3065 5712 et
3094 5672 3224 5728 sqq.
