3912 6360
158 362 279 423 533

1154 357 1255 419 DE
1300 358 1575 420 GESTIS
1616 355 1996 421 ABBATUM
2041 357 2597 421 LAUBIENSIUM.

3466 361 3583 422 551

155 494 356 568 gloria:
366 492 659 565 magistri,
676 492 965 548 decedens
976 498 1176 548 octavo
1191 491 1479 548 Kalendas
1500 491 1633 547 Maii
1647 493 1726 562 (713

1978 492 2080 544 am
2116 490 2438 546 heretieum
2473 491 2640 547 illum
2663 493 2722 547 in
2743 492 2854 548 hoc
2877 510 2991 549 non
3023 498 3111 549 est
3141 494 3394 577 credere,
3430 496 3584 568 quod

175 650 179 654 ἢ
222 585 279 641 6.
314 583 453 639 Post
484 598 660 655 quem
683 583 874 638 extitit
898 577 1281 638 Theoduinus
1303 582 1487 638 abbas
1511 598 1523 647 ;
1551 581 1661 634 sub
1684 596 1819 651 quo,

157 670 556 729 Karlomanno
577 668 803 742 majore
823 670 1035 726 domus
1056 669 1428 737 concedente,
1450 668 1650 724 villam
1675 668 1822 724 Fon-

155 765 351 830 tanus,
386 774 567 831 quam
600 758 852 815 Sambra
880 757 1069 826 alluit,
1102 758 1349 814 ecclesia
1380 761 1581 813 nostra
1610 758 1826 813 habere

156 849 411 923 meruit;
435 847 497 905 in
518 849 692 921 cujus
712 848 1112 907 concessionis
1131 853 1293 904 carta
1310 846 1392 903 sic
1420 847 1821 919 subscriptum

154 942 285 996 est:
340 936 533 994 Actum
590 938 905 1010 Liptinas"3
934 938 1071 993 villa
1112 938 1357 1009 publica,
1403 954 1507 1009 quo
1550 938 1686 1009 facit
1732 939 1824 994 Fe-

160 1029 425 1084 bruarius
463 1026 579 1083 dies
607 1043 725 1095 sex,
758 1042 905 1099 anno
947 1026 1181 1083 secundo
1223 1034 1483 1098 regnante
1525 1026 1817 1082 lIilderico.

155 1119 228 1175 Et
258 1118 320 1173 in
351 1117 462 1173 hac
493 1114 875 1189 stipulatione
907 1132 921 1171 :
952 1116 1205 1188 Signum,
1240 1115 1823 1189 inquit,Karlomanni

154 1202 386 1280 majoris
411 1200 628 1272 domus,
660 1206 758 1278 qui
791 1204 934 1260 hanc
977 1205 1323 1261 donationem
1377 1207 1506 1275 fecit
1548 1206 1819 1275 ﬁrmavit-

157 1313 280 1371 que.
309 1299 368 1351 Is
399 1311 542 1350 sane
562 1296 652 1350 est
672 1292 1103 1350 Karlomannus
1127 1294 1349 1366 Pippini
1384 1294 1581 1361 frater,
1603 1294 1703 1365 qui
1738 1310 1821 1348 re-

157 1385 437 1459 linquens
459 1384 570 1456 (66)
592 1398 900 1456 operosam
925 1384 1083 1454 regni
1109 1382 1819 1453 administrationem,pri-

156 1490 323 1531 mum
346 1474 546 1543 Roma)
576 1470 826 1527 clericus
852 1471 1128 1540 i’actus,in
1151 1472 1376 1543 Serapti
1403 1475 1599 1527 monte
1622 1489 1818 1526 mona-

157 1564 404 1620 sterium
425 1558 750 1627 redi'ficavit,
761 1564 960 1632 postea
973 1562 1126 1631 apud
1140 1561 1419 1616 Sanctum
1436 1560 1815 1614 Benedictum

153 1651 215 1707 in
247 1651 495 1706 Cassino
549 1652 748 1704 monte
797 1648 1122 1705 monachus
1155 1650 1394 1705 eil‘ectus
1426 1653 1533 1704 est.
1570 1648 1815 1704 llildcri-

153 1757 290 1797 cum
306 1738 422 1811 (67)
445 1737 606 1795 enim
627 1754 824 1810 regem
848 1755 1028 1811 supra
1047 1737 1416 1795 nominatum
1438 1737 1549 1794 sub
1572 1738 1630 1793 Pi
1639 1738 1816 1810 ppino

1934 580 2203 635 hereticis
2237 597 2351 636 non
2384 582 2653 636 resistere
2692 582 2846 638 idem
2879 598 3025 654 pene
3054 590 3143 640 est
3172 586 3216 619 '°
3247 585 3402 657 quod
3435 586 3588 641 fave-

1933 683 2015 733 re,
2046 672 2104 724 et
2131 670 2217 724 tot
2248 669 2515 741 tantique
2544 668 2654 725 viri
2686 675 2826 726 tunc
2855 671 3135 744 temporis
3180 685 3297 729 non
3328 672 3591 729 sinerent

1934 756 2048 813 tale
2078 757 2217 829 quid
2246 775 2507 831 serpere;
2540 759 2683 831 quin
2703 757 2887 815 immo
2906 759 3178 816 “inditis
3207 759 3443 833 scriptis
3473 777 3590 835 pu-

1934 845 2250 913 blicis,sive
2282 848 2354 903 ad
2384 850 2820 920 praecavendum
2842 848 2887 884 ⁸⁸
2913 849 3033 906 sive
3065 851 3137 906 ad
3167 851 3588 908 confutandam

1932 934 2208 1004 heresim,
2243 934 2427 992 libera
2456 936 2907 1010 insequerentur
2935 939 3303 1007 auctoritate,
3338 939 3586 997 Domino

1937 1022 2276 1080 terribiliter
2332 1025 2748 1082 interminante
2781 1043 2794 1081 :
2828 1026 3157 1096 Maledictus,
3216 1027 3429 1101 inquit,
3489 1030 3590 1101 qui

1928 1112 2273 1185 prohibuerit
2300 1114 2546 1184 gladium
2572 1131 2735 1170 suum
2763 1133 2797 1170 a
2826 1118 3095 1187 sanguine
3120 1117 3582 1189 (Jer.xr.vm,t0).

1935 1200 2049 1256 Nec
2091 1203 2215 1257 ﬁeri
2248 1202 2439 1274 potuit
2475 1205 2539 1272 ⁸⁸,
2579 1208 2646 1258 ut
2673 1220 2791 1273 eos,
2825 1221 3073 1276 quorum
3107 1208 3301 1264 mente
3330 1206 3391 1261 in
3420 1205 3584 1262 oculis

1931 1295 2057 1345 erat
2110 1292 2493 1360 conversatio,
2554 1291 2899 1348 Ursmarum
2976 1294 3105 1349 dico
3159 1300 3217 1350 et
3273 1294 3581 1351 Erminum

1930 1379 2166 1434 nonnisi
2217 1380 2555 1436 imitaturus
2602 1388 2912 1454 expeteret,
2946 1398 3079 1438 cum
3112 1383 3185 1439 ab
3217 1384 3360 1456 ipsis
3404 1384 3582 1455 recipi

1929 1484 2044 1521 non
2076 1469 2282 1539 potuit,
2317 1470 2428 1524 nisi
2476 1472 2757 1542 probatus
2787 1478 2843 1527 et
2890 1472 3017 1543 ipse
3064 1477 3238 1528 antea
3277 1474 3338 1531 in
3377 1473 3587 1531 castris

1929 1555 2251 1612 Dominicis
2284 1558 2460 1614 fuerit
2488 1560 2862 1616 exercitatus.
2890 1563 3000 1617 Sed
3032 1566 3090 1617 et
3119 1562 3191 1618 do
3219 1567 3424 1619 sancto
3453 1560 3589 1618 Vul-

1926 1645 2053 1715 giso
2087 1646 2357 1719 episcopo
2386 1647 2463 1702 nil
2485 1649 2555 1703 ad
2575 1665 2681 1704 nos
2697 1654 2905 1721 praeter
2923 1667 3133 1723 parum
3156 1651 3449 1724 perlatum
3470 1656 3582 1707 est.

1928 1732 2263 1790 Invenimus
2286 1738 2484 1791 tamen
2514 1734 2573 1791 in
2606 1737 2826 1794 nostris
2846 1738 3219 1810 perantiquis
3245 1739 3587 1812 martyr-olo-

152 1826 709 1903 rcgnasse,tradunt
738 1825 1026 1895 historia;
1051 1844 1177 1900 quas
1209 1830 1266 1883 et
1294 1827 1492 1900 ipsum
1523 1830 1817 1882 testantur
1842 1860 1895 1928 Β
1927 1820 2247 1928 Ξίἰξιζμιιεό
2288 1825 2331 1859 ⁸⁷
2363 1824 2489 1928 dies
2518 1824 2768 1925 natalitii
2794 1826 2838 1928 ξε
2868 1826 2996 1928 θῇιιε
3027 1826 3110 1883 sic
3142 1828 3463 1928 adnotatur
3485 1829 3531 1863 ⁸⁹
3562 1846 3577 1885 :

154 1916 554 1992 posteajussu
570 1911 861 1972 Zacharias
878 1932 1038 1987 papa:
1057 1920 1359 1972 attonsum
1376 1919 1431 1971 et
1449 1914 1507 1970 in
1527 1920 1816 1971 monaste-

153 2006 313 2065 rium
332 2010 571 2063 trusum
586 2005 660 2074 ’δὴ
682 2000 935 2077 indeque
957 2004 1357 2062 monarchiam
1383 2003 1566 2078 regni,
1588 2004 1815 2061 Bonifa-

158 2084 249 2151 cio
282 2090 727 2166 archiepiscopo
755 2096 1152 2161 consecrante,
1188 2091 1430 2165 Pippino
1459 2092 1726 2149 cessisse.

188 2184 193 2189 λ
221 2184 281 2240 7.
305 2181 391 2238 De
410 2179 553 2237 Abel
577 2197 809 2253 quoque
839 2197 1019 2253 supra
1048 2180 1350 2237 nominato
1371 2180 1485 2238 tale
1507 2181 1647 2253 quid
1670 2199 1821 2238 com-

157 2272 443 2345 perimus.
467 2268 668 2325 Remis
691 2285 826 2324 cum
849 2269 1257 2337 fuissemus,et
1279 2286 1412 2324 cum
1434 2270 1555 2326 viro
1577 2286 1821 2324 venera-

156 2361 259 2417 bili
283 2365 343 2416 et
366 2358 604 2415 illarum
619 2356 876 2431 partium
891 2357 1292 2414 eruditissimo
1310 2359 1823 2415 confabularemur

154 2449 525 2507 Adalberonc
546 2447 592 2482 ⁷⁸
621 2445 1081 2520 archiepiscopo,
1115 2448 1549 2519 requirentibus
1580 2449 1621 2482 ⁷⁵
1654 2448 1824 2503 nobis

159 2539 450 2612 originem
481 2536 748 2609 ejusdem
776 2534 1029 2591 civitatis
1050 2537 1113 2604 ⁷⁷,
1138 2542 1193 2591 et
1225 2537 1284 2592 in
1318 2553 1385 2592 ea
1415 2538 1822 2610 episcoporum

162 2626 596 2693 successiones,
618 2621 864 2697 prolatis
898 2624 1165 2696 ejusdem
1194 2624 1448 2682 ciwtatis
1473 2624 1822 2698 pontificali-

162 2716 275 2773 b'us
290 2715 478 2789 gestis
492 2715 740 2786 (68),pro
752 2712 1144 2785 oportunitate
1158 2714 1435 2786 temporis
1450 2713 1748 2771 satisfecit.
1759 2714 1822 2770 In

163 2804 383 2876 quibus
409 2799 679 2857 videlicet
699 2800 882 2873 gestis
900 2798 1206 2857 inventum
1228 2807 1338 2868 est,
1363 2803 1517 2875 quod
1537 2803 1596 2858 in
1619 2803 1822 2858 eadem

165 2892 398 2949 civitate
434 2889 578 2948 Abel
618 2889 861 2963 quidam
892 2890 935 2924 ⁷⁸
968 2888 1141 2946 fuerit
1170 2891 1499 2964 episcopus,
1533 2892 1633 2964 qui
1668 2893 1726 2948 in
1758 2909 1827 2948 ea

167 2966 339 3054 plura
368 2976 459 3035 vel
491 2975 834 3050 acquisierit
857 2975 944 3033 vel
980 2976 1363 3046 ordinaverit;
1389 2978 1521 3033 finis
1543 2996 1675 3035 vero
1696 2980 1825 3051 ejus

167 3061 301 3144 quis
364 3069 564 3137 fuerit,
610 3067 860 3140 scriptor
912 3072 1213 3140 gestorum
1272 3073 1373 3123 aut
1426 3068 1690 3137 nescivit,
1724 3073 1827 3124 aut

167 3159 409 3217 omnino
483 3159 677 3214 tacere
751 3154 951 3213 voluit.
1014 3155 1129 3211 Nos
1196 3156 1490 3212 ventilatis
1544 3159 1589 3193 7°
1643 3159 1825 3213 unde-

167 3241 427 3321 cumque
483 3251 818 3319 temporum
874 3246 1161 3313 numeris,
1191 3245 1349 3302 hunc
1390 3248 1643 3303 eundem
1685 3245 1828 3303 Abel
1848 3216 1902 3290 hc

165 3342 223 3397 et
253 3340 530 3394 nostrum
560 3335 744 3391 fuisse
786 3334 844 3390 et
893 3334 1134 3391 Scotum
1174 3339 1230 3391 et
1277 3328 1641 3415 episcopum,
1675 3335 1830 3393 facili

167 3429 396 3485 ratione
443 3424 844 3499 probavimus.
892 3424 1005 3481 Sed
1054 3424 1194 3497 quia
1243 3425 1513 3498 scriptori
1562 3427 1689 3499 ejus
1741 3426 1829 3481 in-

165 3520 366 3576 certus
399 3514 626 3573 exstitit
657 3513 816 3581 ﬁnis,
849 3511 1253 3588 longinquitas
1287 3514 1333 3551 ⁸ο
1362 3514 1507 3571 forte
1555 3515 1692 3572 fecit
1744 3513 1834 3577 iti-

165 3606 353 3673 n'eris,
383 3609 443 3664 et
471 3602 578 3660 viri
613 3601 870 3677 religiosi
926 3600 1260 3660 voluntaria
1290 3604 1557 3678 privatio,
1581 3608 1637 3660 et
1668 3621 1834 3662 amor

168 3695 375 3772 patria:
400 3692 675 3753 cmlestis.
700 3690 854 3750 Dixit
883 3690 1061 3749 etiam
1090 3692 1404 3767 episcopus
1436 3711 1616 3768 supra
1642 3693 1831 3750 nomi-

168 3776 372 3855 natus,
402 3781 897 3855 praedecessorum
930 3792 1172 3837 suorum
1203 3779 1443 3839 ductam
1475 3799 1659 3856 usque
1677 3783 1748 3839 ad
1772 3798 1835 3840 se

168 3870 687 3941 consuetudinem,
717 3872 782 3925 ut
809 3868 964 3925 inter
988 3868 1306 3927 missarum
1338 3868 1646 3928 sollemnia
1678 3872 1738 3928 in
1769 3889 1837 3929 ea

170 3958 419 4039 speciali
449 3958 1006 4018 commemoratione
1037 3959 1468 4028 defunctorum,
1501 3976 1630 4033 quae
1658 3978 1838 4035 super

174 4051 404 4127 diptica
430 4048 649 4105 dicitur
678 4052 736 4104 et
770 4046 830 4103 in
869 4048 1307 4104 consecratione
1331 4048 1612 4107 dominici
1642 4067 1839 4125 corpo-

173 4140 259 4197 ris
291 4136 657 4198 sollemniter
682 4134 898 4208 agitur,
932 4132 1144 4191 cotidie
1175 4134 1234 4190 in
1266 4151 1468 4191 aurem
1515 4137 1839 4210 presbyteri

175 4220 465 4287 reeitante
493 4224 739 4282 silcntcr
767 4223 1149 4291 subdiacono,
1170 4223 1437 4280 omnium
1470 4224 1656 4298 ipsius
1682 4227 1841 4284 sedis

178 4310 427 4377 nomina
456 4310 931 4389 scripto-viritim
981 4311 1300 4369 recitantur
1328 4315 1736 4387 episcOporum
1755 4317 1795 4351 ⁸¹
1823 4335 1836 4387 ;

180 4408 446 4479 satisque
476 4404 745 4472 mirasse,
769 4402 927 4476 quod
954 4400 1014 4457 in
1047 4419 1117 4460 ea
1146 4404 1701 4461 commemoratione
1733 4406 1843 4464 iste

180 4486 299 4554 non
320 4495 674 4552 inveniatur.
694 4490 879 4563 Quod,
903 4495 969 4548 ut
998 4491 1366 4575 conjicimus,
1400 4492 1616 4551 idcirco
1646 4500 1843 4553 actum

1925 1911 2114 1966 Pridie
2159 1911 2339 1968 Nonas
2386 1913 2675 1969 Februarii
2703 1916 2761 1969 in
2792 1915 3036 1971 Laubaco
3070 1919 3399 1974 monasterio
3426 1918 3582 1990 depo-

1926 2002 2052 2056 sitio
2080 2003 2259 2056 sancti
2289 2001 2497 2072 Vulgisi
2522 2003 2779 2076 episcopi.
2809 2004 2922 2060 Sed
2952 2008 3012 2059 et
3040 2005 3408 2062 mausoleum
3429 2008 3496 2076 '°,
3516 2006 3579 2064 in

1930 2105 2044 2160 quo
2074 2090 2345 2146 conditus
2377 2092 2415 2126 ⁹¹
2443 2092 2622 2163 jacet,
2647 2092 2706 2147 in
2737 2097 3013 2166 promptu
3047 2099 3137 2151 est
3166 2110 3423 2155 cernere.

2000 2180 2053 2234 8.
2088 2178 2429 2236 Theoduino
2478 2180 2659 2253 igitur
2708 2182 2905 2238 abbati
2954 2184 3307 2241 successit”
3340 2190 3582 2243 sanctus

1930 2267 2351 2339 Theodulphus
2377 2267 2687 2341 episcopus
2718 2270 2778 2325 in
2808 2270 3134 2342 provisione
3165 2274 3427 2346 praedicti
3448 2273 3581 2342 loci,

1938 2356 2152 2428 partim
2177 2356 2284 2411 sub
2308 2356 2365 2411 Pi
2372 2358 2551 2429 ppino
2574 2358 2813 2430 prmfato
2833 2360 3096 2433 principe
3113 2367 3245 2432 post
3262 2362 3415 2419 facto
3427 2380 3583 2436 rege,

1934 2461 2140 2500 novem
2179 2461 2312 2500 vero
2353 2446 2524 2501 annis
2554 2446 2663 2502 sub
2686 2448 2886 2504 Carolo
2909 2465 3042 2522 rege
3070 2456 3204 2521 post
3232 2466 3364 2509 vero
3395 2453 3439 2487 π
3469 2453 3585 2509 im-

1932 2540 2197 2605 peratore
2223 2551 2236 2603 ;
2271 2551 2479 2607 regens
2510 2535 2655 2591 illud
2687 2553 2801 2592 non
2832 2540 3089 2610 segniter
3107 2544 3166 2597 et
3194 2546 3589 2617 augmentans

1934 2639 2049 2677 non
2084 2623 2471 2680 mediocriter.
2506 2625 2626 2690 Sub
2685 2626 2813 2697 ejus
2872 2626 3030 2681 enim
3090 2632 3353 2700 tempore
3398 2630 3589 2688 multa

1933 2710 2189 2766 ecclesia:
2218 2715 2429 2767 nostrre
2456 2714 2674 2784 prandia
2703 2714 2913 2770 collata
2945 2719 3104 2787 sunt,
3137 2732 3267 2788 que
3299 2718 3589 2775 describe-

1934 2804 2154 2868 rentur,
2180 2799 2365 2855 sinon
2399 2800 2457 2855 in
2479 2806 2755 2875 promptu
2777 2808 2977 2859 essent
2996 2804 3425 2876 donationes,et
3452 2823 3586 2863 car-

1930 2891 2001 2942 tae
2032 2887 2342 2961 legatariae,
2375 2893 2433 2945 et
2460 2889 2585 2961 ipse
2622 2890 2893 2947 brevitati
2924 2908 3042 2948 non
3071 2893 3395 2951 studerem.
3428 2895 3586 2953 Obiit

1933 2982 2130 3033 autem
2174 2994 2326 3033 anno
2354 2979 2463 3031 776
2492 2977 2805 3035 Dominicaa
2851 2980 3295 3053 incarnationis,
3326 2984 3421 3041 die
3449 3001 3586 3042 vero

1935 3065 2264 3121 festivitatis
2295 3066 2481 3122 sancti
2510 3066 2798 3125 Johannis
2828 3070 3120 3142 Baptistae.

2006 3155 2062 3209 9.
2093 3157 2248 3211 Anso
2279 3155 2436 3212 hunc
2477 3156 2742 3229 sequitur
2771 3157 2830 3213 in
2862 3160 3167 3233 regimine,
3200 3162 3286 3227 vir
3315 3164 3507 3225 bonus
3536 3168 3594 3222 et

1940 3250 2203 3313 sanctus,
2237 3245 2420 3301 abbas
2477 3250 2708 3302 tantum
2757 3253 2814 3304 et
2861 3267 2977 3305 non
3018 3252 3352 3325 episcopus,
3386 3270 3594 3327 regens

1940 3334 2095 3390 idem
2128 3334 2457 3390 cmnobium
2504 3335 2617 3392 sub
2657 3338 2786 3409 jam
2827 3338 2983 3397 dicto
3012 3341 3364 3414 imperatore
3391 3344 3594 3403 Carolo

1938 3421 2148 3497 viginti
2180 3428 2432 3496 quatuor
2461 3423 2796 3484 annis.Erat
2816 3432 3013 3485 autem
3042 3428 3197 3487 idem
3217 3433 3374 3491 Anso
3403 3437 3462 3491 et
3488 3449 3594 3506 pro

1941 3512 2263 3585 capacitate
2296 3512 2515 3586 ingenii
2538 3513 2629 3570 sul
2651 3513 2860 3574 litteris
2888 3517 3331 3579 studensExtat
3358 3518 3597 3581 libellus

1942 3600 2083 3659 Vitas
2115 3601 2302 3657 sancti
2330 3601 2588 3659 Ursmari
2620 3602 2693 3658 ad
2723 3604 3211 3676 praedecessorum
3241 3608 3370 3681 ejus
3400 3608 3593 3669 Theo—

1943 3689 2232 3764 dulphum
2262 3690 2604 3764 episcopum
2629 3691 2705 3749 ab
2733 3709 2800 3751 eo
2829 3694 3197 3768 conscriptus
3225 3695 3517 3768 (69),item
3537 3703 3596 3756 et

1944 3780 2131 3837 sancti
2152 3778 2375 3836 Ermini
2407 3777 2558 3837 alius
2578 3781 2710 3852 (70),
2744 3780 2803 3837 in
2834 3781 3050 3854 quibus
3099 3784 3340 3856 quidem
3377 3786 3596 3854 veritas

1944 3869 2221 3939 historiis,
2244 3873 2534 3943 quantum
2567 3886 2601 3927 a
2630 3869 2919 3944 simplicis
2965 3871 3309 3947 eloquentia:
3345 3875 3469 3935 viro
3499 3877 3598 3934 de-

1944 3958 2119 4017 scribi
2141 3957 2351 4032 potuit,
2375 3956 2781 4033 amplectenda
2805 3966 2911 4018 est.
2931 3961 3012 4019 De
3032 3962 3372 4024 confusione
3396 3972 3594 4024 autem

1947 4049 2235 4107 dictorum
2257 4064 2372 4105 non
2403 4052 2673 4106 nostrum
2703 4053 2795 4108 est
2817 4051 3101 4124 judicare,
3134 4060 3263 4128 quas
3291 4053 3411 4112 illis
3436 4060 3607 4124 tanta

1946 4137 2119 4206 inest,
2146 4143 2212 4195 ut
2231 4138 2521 4195 incertum
2552 4139 2650 4209 sit,
2674 4143 2876 4197 utrum
2907 4143 2952 4177 9‘
2981 4143 3056 4200 ad
3085 4143 3443 4203 insinuanda
3472 4160 3601 4220 qua:

1949 4227 2413 4296 noverat,minus
2432 4227 2565 4285 licet
2595 4230 3137 4303 eruditc,quantum
3166 4234 3240 4290 ad
3270 4235 3600 4303 διεσώθη-ες.

1950 4316 2128 4373 fuerit
2147 4315 2445 4388 proclivis,
2468 4334 2541 4373 an
2571 4334 2676 4390 pro
2708 4318 3052 4377 excellentia
3072 4325 3376 4394 gestorum
3394 4328 3605 4396 sponte,

1954 4405 2386 4480 parvipenderit
2414 4404 2645 4480 regulas
2666 4407 2908 4465 artis.Et
2937 4407 3031 4466 hic
3060 4409 3170 4467 sub
3200 4412 3440 4482 praefato
3460 4408 3607 4468 obiit

1954 4494 2179 4564 Carolo,
2197 4511 2263 4553 eo
2286 4511 2401 4568 quo
2424 4495 2579 4551 idem
2601 4495 2920 4568 imperator
2938 4496 3127 4554 factus
3147 4502 3238 4556 est
3258 4515 3412 4555 anno
3432 4499 3606 4574 (800).

182 4578 294 4655 est,
313 4588 385 4642 ut
402 4582 528 4658 ipse
553 4580 788 4663 vacanti
812 4578 936 4661 sedi
950 4580 1079 4653 jam
1100 4585 1275 4638 antea
1304 4581 1616 4656 episcopus
1638 4583 1849 4657 jussus
1880 4594 1928 4662 D
2031 4585 2166 4641 Post
2186 4584 2381 4659 eum95
2401 4582 2647 4641 eandem
2672 4584 2966 4642 abbatiam
2988 4587 3293 4660 usurpavit
3314 4587 3612 4647 Hildricus

184 4676 264 4732 sit
283 4658 988 4747 aliquantisperinsidere
1009 4686 1023 4738 ;
1042 4672 1102 4725 at
1123 4685 1226 4741 pro
1249 4687 1447 4727 amore
1464 4671 1565 4728 Dei
1588 4673 1851 4735 volunta-

186 4754 276 4822 ria
302 4761 565 4822 cessione
595 4761 805 4834 sponte
844 4752 1177 4832 catalogum
1207 4756 1377 4815 illum
1410 4761 1752 4834 repudiasse
1780 4766 1846 4822 3'.

1960 4673 2278 4732 canonicus
2299 4673 2409 4729 sub
2430 4672 2556 4746 ipso
2577 4672 2947 4745 imperatore.
2967 4674 3037 4731 Et
3058 4680 3192 4749 post
3208 4679 3343 4734 eum
3367 4677 3613 4735 Ramne-

1958 4764 2118 4821 ricus
2134 4766 2394 4836 tempore
2410 4761 2610 4819 domni
2630 4761 2903 4822 Ludovici
2916 4764 2959 4802 9°
2982 4764 3376 4838 imperatoris.
3395 4766 3619 4825 Deinde

1548 4885 1789 4947 VARIE
1829 4889 2227 4947 LECTIONES
2240 4930 2254 4946 .

257 4985 304 5024 ⁷³
332 4983 575 5068 liptinas
594 4981 1034 5068 _¢.:orr._.1‘iptana‘s
1178 4983 1240 5068 1‘
1265 4981 1572 5068 reclusum
1599 4988 1654 5042 2.
1696 4988 1740 5024 ⁷⁵
1769 4988 1843 5068 ab
1873 4987 2205 5068 alberonehl
2287 4990 2342 5042 2.
2366 4986 2427 5068 _7°
2459 4986 2899 5068 requirentibus
2919 5005 3057 5068 corr.
3087 4988 3532 5068 inquirentibus
3556 4996 3617 5053 2.

191 5058 233 5140 ff
260 5053 517 5140 tqrbis_2.
569 5056 639 5140 λε
671 5053 911 5140 quidem
940 5053 1019 5140 1?.
1046 5057 1102 5110 2.
1124 5055 1223 5140 ηπ
1252 5056 1330 5111 ita
1384 5056 1669 5140 (egelidum
1726 5058 1983 5140 videtur;
2032 5058 2300 5140 veritatis
2357 5060 2408 5114 1.
2443 5053 2658 5140 dantis
2690 5059 2744 5114 2.
2780 5059 3008 5140 collatis
3037 5061 3122 5125 ed.
3144 5053 3245 5140 :30
3271 5064 3534 5140 longitas
3560 5069 3621 5123 2.

190 5130 236 5210 ξξ
262 5128 416 5210 deest
443 5129 494 5210 1ἶ
524 5125 977 5210 “'{repudians‘
990 5126 1047 5206 ,1.
1089 5125 1169 5210 A33
1198 5126 1466 5210 penesit
1485 5131 1541 5210 2‘.
1607 5129 1653 5164 ⁸⁸
1672 5125 1970 5210 gmoﬂaut
2000 5147 2200 5210 ymmo
2225 5134 2279 5185 2.
2309 5131 2538 5210 saepius.
2690 5132 3109 5210 pradicandam
3137 5137 3220 5210 2ῘΔ
3270 5136 3316 5174 ⁸³
3343 5125 3535 5210 potest
3561 5141 3620 5194 2.

190 5203 236 5238 ⁸⁷
268 5200 418 5258 deest
456 5201 499 5273 Vl
523 5199 553 5256 ‘I
588 5201 666 5273 “2.
704 5195 786 5273 7'“
820 5195 1037 5273 natalis
1088 5195 1267 5273 2._'”
1295 5197 1639 5273 adnotatus
1669 5195 1725 5273 2.
1803 5202 1849 5239 9°
1877 5195 2245 5259 manseolum
2305 5195 2435 5273 ejus
2490 5203 2545 5257 2.
2623 5202 2662 5238 ⁹¹
2690 5195 3001 5262 conditum
3044 5209 3103 5263 2.
3178 5206 3224 5243 θ’
3254 5195 3538 5268 διιέθθεεὶῐ
3564 5211 3621 5266 2.

192 5273 422 5331 ”-faeto
447 5272 506 5329 2.
584 5269 631 5307 "
654 5272 721 5325 nt
751 5285 868 5326 non
900 5269 927 5325 1
953 5268 982 5323 ‘I
1010 5270 1065 5325 2.
1143 5267 1189 5302 ⁸⁵
1219 5280 1394 5341 quem
1421 5274 1477 5327 2.
1554 5272 1598 5309 ³⁸
1626 5270 1875 5329 lodovici
1908 5276 1932 5331 1
1959 5275 1988 5331 7
2008 5277 2062 5330 2.

1802 5397 2036 5458 ΝΟΤᾸΞ.

265 5522 378 5597 (66)
410 5516 699 5597 Einhardi
728 5517 864 5597 Vita
892 5516 1081 5597 Caroli
1111 5520 1252 5597 c._2.

262 5588 380 5664 (67)
412 5592 501 5664 Ib.
534 5606 590 5664 9.
626 5589 769 5664 1._et
796 5588 1055 5664 Annales
1084 5606 1137 5664 ᾳ.
1169 5588 1296 5661 749,
1329 5590 1455 5647 750.

262 5658 379 5743 (68)
411 5658 729 5724 Flodoardi
756 5680 769 5729 ;
804 5658 907 5718 ubi
936 5660 1068 5719 vide
1097 5660 1138 5718 ι.
1166 5677 1230 5735 κ,
1262 5658 1313 5718 c.
1349 5663 1433 5719 16.

522 5789 796 5868 Pyram.
842 5787 1188 5854 CXXXVII.

2048 5524 2159 5603 (et?)
2190 5523 2396 5603 Editus
2420 5525 2687 5603 ActLHSS.
2717 5528 2899 5603 April.
2934 5545 2996 5600 ιι,
3028 5529 3154 5587 560.

2046 5597 2163 5670 (70)
2196 5597 2343 5655 Ibid.
2377 5614 2460 5669 In,
2492 5598 2617 5656 375.

3201 5798 3280 5856 13
