3912 6404
272 364 391 430 555

1362 363 1724 430 FOLCUINI
1766 361 2102 428 ABBA’I‘IS
2143 358 2606 429 LAUBIENSIS

3578 356 3697 420 556

272 503 620 575 pervenitad
643 503 925 559 domuum
963 502 1351 568 Folradum”,
1387 502 1721 571 piissimum
1753 500 1927 556 abba-
1954 501 2010 567 Α
2112 501 2197 555 12.
2224 500 2291 556 Et
2325 500 2432 555 hoc
2465 499 2639 554 rebus
2681 497 2959 554 humanis
2990 500 3276 569 exempto,
3303 493 3596 552 Habertus
3628 495 3700 552 de

272 590 776 659 tem,avunculum
796 592 923 663 jam
946 591 1085 646 dicti
1111 589 1462 658 Ramnerici,
1488 589 1597 644 sub
1611 588 1813 643 eodem
1828 588 1931 644 im-

271 684 559 752 peratore.
592 678 859 735 Priorum
880 682 1111 734 tantum
1134 677 1393 746 nomina,
1420 694 1535 731 non
1550 681 1716 749 gesta
1734 677 1931 732 sciun-

271 771 389 836 tur;
405 769 577 825 credo
590 771 828 840 propter
840 785 1130 823 annorum
1145 768 1186 801 93
1201 767 1555 838 paucitatem
1571 784 1642 821 au
1654 770 1673 820 t
1685 783 1934 822 comm»:-

272 857 660 912 morationem
684 873 798 912 non
831 856 1018 912 multo
1050 856 1276 911 utilem.
1310 855 1543 911 Tertius
1571 855 1703 927 quis
1737 856 1929 924 fuerit,

270 948 440 1016 gesta
467 946 716 1012 docent;
751 944 861 1000 fuit
891 944 1049 1000 enim
1080 944 1282 1000 multae
1314 944 1641 999 nobilitatis
1674 948 1731 998 et
1763 944 1931 1017 regias

271 1033 599 1091 affinitatis.
633 1034 773 1090 Erat
832 1034 1047 1106 quippe
1108 1033 1309 1089 Carolo
1361 1050 1428 1089 ex
1473 1038 1682 1105 patruo
1728 1050 1928 1105 nepos,

271 1124 428 1179 sicut
488 1125 676 1179 elucet
706 1124 751 1159 99
801 1124 861 1179 in
923 1123 1141 1195 pariete
1195 1123 1376 1177 turris
1429 1121 1683 1177 ecclesia:
1744 1122 1933 1177 sancti

274 1212 535 1278 Quintini
559 1212 617 1266 in
641 1214 904 1284 Augusta
924 1211 1419 1267 Viromandorum
1450 1242 1514 1249 —-—
1538 1227 1673 1265 nam
1706 1211 1764 1265 id
1798 1228 1937 1282 quo-

272 1317 389 1372 que
426 1301 851 1357 monasterium
894 1306 1119 1357 rexerat
1142 1334 1208 1341 —-
1240 1300 1504 1373 sculptis,
1538 1300 1598 1353 in
1632 1300 1785 1355 hunc
1818 1317 1935 1355 mo-

272 1387 418 1444 dum
448 1405 510 1445 se
540 1390 607 1424 ¹⁰⁰
637 1389 991 1446 habentibus
1024 1406 1038 1445 :

335 1512 468 1563 Cum
499 1512 652 1564 denis
679 1513 862 1563 lustris
891 1518 1072 1563 ternos
1101 1514 1281 1563 minus
1312 1513 1529 1563 inclitus
1558 1526 1731 1563 annos

400 1576 513 1639 Rex
545 1580 731 1639 ageret
755 1577 993 1631 Carolus,
1026 1580 1237 1639 sceptra
1268 1580 1331 1612 ¹ο¹
1366 1577 1601 1625 tenendo
1632 1577 1735 1639 pia,

337 1637 516 1700 Rebus
548 1637 602 1687 et
627 1637 881 1687 humanis
909 1637 1187 1700 exemptus
1216 1639 1455 1687 culmina
1483 1639 1634 1700 regni

402 1699 693 1763 Linqueret
719 1700 953 1763 ingentis
989 1703 1053 1763 ὀἳ
1069 1699 1172 1749 rex
1202 1700 1485 1763 Ludoviee,
1518 1699 1611 1749 tibi

335 1761 576 1826 Condere
603 1762 767 1826 coepit
785 1761 933 1826 bpus
962 1762 1125 1826 hujus
1160 1762 1477 1812 venerabilis
1509 1764 1643 1812 aulis
1680 1762 1763 1820 '03,

403 1823 583 1873 Abbas
611 1823 870 1874 Fulradiis
901 1823 1175 1875 nobilitate
1206 1826 1404 1874 cluens.
1820 1852 1825 1855 λ

338 1886 576 1958 Namque
605 1886 732 1958 huic
761 1888 1138 1958 Hieronymus,
1188 1887 1407 1958 Carolus
1426 1890 1618 1958 “pater.
1631 1886 1810 1958 extitit
1840 1885 1932 1943 illi,

400 1949 498 2012 Qui
529 1950 759 2011 proprias
789 1949 1056 2012 specimen
1089 1950 1263 2012 gentis
1293 1949 1358 1998 ad
1391 1950 1497 1999 alta
1526 1949 1665 2007 tulit,

339 2008 485 2075 Bella
511 2008 721 2075 gere—ns,
753 2008 1053 2075 pacemque
1075 2008 1252 2069 tuens,
1279 2012 1370 2074 qui
1400 2012 1635 2061 culmina
1664 2012 1813 2073 regni

361 2078 365 2083 '
400 2072 481 2122 Ad
508 2072 715 2136 prolem
743 2072 887 2123 misit
917 2072 1211 2124 auxiliante
1243 2072 1368 2123 Deo.

350 2206 436 2263 10.
472 2205 595 2263 Hiis
628 2207 835 2263 diebus
886 2207 1186 2264 lucernam
1219 2224 1389 2263 suam
1422 2206 1728 2274 Dominus,
1755 2224 1934 2279 quam

265 2293 653 2365 justiﬁcando
682 2295 988 2368 igniverat,
1026 2296 1268 2367 ignitam
1299 2295 1937 2363 beatificaverat,beati-

273 2383 513 2439 ﬁcatam
536 2384 837 2441 miraculis
868 2384 1285 2453 declaraverat,
1305 2383 1510 2440 nolens
1542 2384 1766 2439 diutius
1799 2383 1937 2440 deli-

273 2473 627 2540 tescere,sed
653 2474 725 2529 ad
750 2475 1031 2545 majorem
1054 2473 1486 2530 venerationem
1509 2472 1937 2528 cunctishomi-

275 2561 454 2618 nibus
492 2562 796 2636 propalare
833 2565 921 2632 ιω,
952 2562 1214 2636 priedicti
1245 2562 1476 2618 abbatis
1508 2578 1607 2617 cor
1634 2561 1845 2634 tetigit,
1879 2566 1936 2617 et

273 2650 344 2686 ¹⁰⁸
368 2654 434 2706 ut
452 2651 643 2707 sancti
665 2656 723 2708 et
743 2652 1056 2709 venerandi
1090 2657 1148 2707 et
1179 2669 1313 2708 cum
1346 2651 1505 2707 omni
1536 2668 1732 2707 amore
1753 2650 1936 2706 nomi-

272 2738 455 2794 nandi
516 2738 777 2797 Ursmari
833 2758 1045 2814 corpus
1090 2742 1155 2776 ¹⁰⁶
1207 2742 1276 2796 de
1337 2740 1606 2813 sepulcro
1662 2739 1933 2809 elevaret,

273 2828 562 2885 accendit.
597 2830 731 2896 Qun
772 2830 1013 2887 elevatio
1048 2832 1201 2886 facta
1232 2837 1320 2887 est
1345 2832 1519 2905 jussu
1552 2835 1608 2886 et
1640 2830 1933 2902 permissu

273 2915 404 2988 ejus
452 2919 554 2991 qui
612 2922 751 2977 tunc
802 2927 927 2978 erat
976 2923 1410 2978 Cameracensis
1455 2921 1767 2994 episcopus
1795 2920 1929 2991 (71),

273 3007 587 3079 agentibus
617 3010 682 3044 ¹⁰⁷
712 3010 940 3066 clericis
989 3011 1300 3083 utriusque
1347 3010 1590 3077 ordinis,
1642 3025 1775 3064 cum
1819 3009 1930 3063 fre-

272 3096 514 3166 quentia
534 3097 734 3170 populi
759 3114 994 3170 magna.
1020 3098 1376 3169 Expletaque
1410 3097 1747 3161 elevatione,
1774 3096 1929 3151 diem

272 3181 436 3238 illam
458 3184 726 3241 festivam
748 3186 960 3241 duxere
987 3187 1070 3253 ίοε,
1105 3186 1390 3257 nobisque
1421 3190 1477 3239 et
1507 3184 1757 3257 posteris
1789 3184 1931 3239 cele-

2042 588 2284 645 Corbeia
2313 588 2495 643 abbas
2517 586 2825 643 asciscitur
2855 586 3025 659 (835),
3046 585 3135 640 vir
3154 584 3346 641 bonus
3367 588 3425 642 et
3446 583 3704 642 multum

2043 677 2339 747 laudatus,
2374 680 2432 732 et
2473 677 2545 731 ob
2576 675 2636 730 id
2668 676 2741 731 ad
2767 675 2875 731 hoc
2907 691 2941 730 a
2970 673 3309 747 supradicto
3350 674 3708 747 imperatore

2044 771 2370 838 promotus.
2406 767 2543 821 Erat
2591 765 2747 821 enim
2800 763 3063 837 religioni
3099 764 3366 832 studens,
3399 765 3541 820 etin
3575 781 3711 821 con-

2044 854 2345 911 struendis
2376 855 2495 911 sive
2527 854 2593 889 ηδ
2624 853 2978 911 exornandis
3025 853 3201 909 rebus
3248 870 3485 927 operam
3535 854 3706 911 dans.

2045 945 2321 1000 Testatur
2348 961 2637 1017 campana
2656 943 3009 1016 percelebris
3030 943 3158 1015 ejus
3168 943 3343 1015 jussu
3365 942 3522 999 facta
3545 947 3605 999 et
3621 960 3710 1000 ec-

2045 1031 2233 1089 clesiae
2255 1038 2467 1088 nostrre
2492 1034 2794 1102 donata,in
2827 1050 2943 1105 qua
2970 1036 3361 1101 sunt.versus,
3387 1032 3485 1104 qui
3520 1032 3706 1090 abba-

2045 1124 2242 1178 tem“5
2271 1126 2327 1177 et
2367 1124 2668 1190 factorem,
2691 1120 2779 1177 vel
2803 1122 2875 1177 ad
2899 1122 3040 1194 quid
3066 1123 3221 1177 facta
3251 1121 3351 1190 sit,
3373 1121 3542 1194 quasi
3578 1122 3710 1195 ipsa

2046 1211 2115 1266 de
2147 1230 2208 1266 se
2239 1211 2531 1284 loquente,
2558 1211 2667 1267 hoc
2701 1212 2872 1267 modo
2896 1209 3276 1267 manifestant
3310 1228 3322 1267 :
3568 1208 3571 1213 ί

2234 1382 2453 1431 Haberti
2483 1381 2705 1444 imperio
2735 1394 3030 1445 componor
3057 1380 3123 1430 ab
3145 1384 3262 1445 arte
3285 1381 3517 1445 Paterni,

2232 1446 2338 1494 Nec
2369 1445 2533 1494 Musis
2558 1443 2738 1501 docta,
2771 1457 2838 1507 en
2862 1443 3055 1494 cantus
3082 1443 3406 1494 modulabor
3440 1457 3710 1507 amoenos,

2233 1508 2394 1556 Nocte
2423 1507 2615 1571 dieque
2636 1507 2762 1571 vigil
2791 1506 3104 1570 depromam
3134 1507 3373 1557 carmina
3403 1506 3634 1560 Christo.

2117 1674 2452 1747 Temptavit
2480 1678 2537 1731 et
2568 1675 2725 1731 idem
2758 1675 2941 1732 abbas
2987 1676 3399 1748 aquaeductum
3431 1694 3465 1734 a
3495 1677 3711 1736 foreste

2046 1763 2277 1831 ducere,
2316 1764 2500 1819 ardua
2539 1763 2831 1819 montium
2876 1763 3134 1833 sulcans,
3169 1765 3241 1821 ad
3274 1770 3707 1839 competentem

1965 1875 2012 1940 Β
2044 1856 2251 1908 nutum
2284 1853 2342 1907 in
2376 1869 2550 1908 usum
2602 1852 3097 1919 molendinorum,
3132 1854 3233 1909 sed
3274 1852 3551 1926 perficere
3585 1872 3707 1911 non

2045 1942 2235 2012 potuit
2266 1958 2411 2013 opus
2445 1946 2865 2015 praeposterum
2884 1949 2941 1998 et
2962 1960 3088 1999 sero
3112 1943 3455 1999 inchoatum
3478 1945 3545 1979 ¹¹⁶
3566 1944 3704 2015 (72).

2046 2030 2191 2084 Nam
2218 2046 2460 2101 pervasa
2500 2034 2590 2085 est
2630 2029 2865 2085 abbatia
2898 2030 2999 2085 illa
3030 2030 3319 2088 hostiliter
3347 2033 3420 2088 ab
3449 2033 3514 2067 ¹¹⁷
3547 2032 3709 2089 Huc-

2046 2117 2206 2173 berto
2230 2118 2293 2151 “8
2324 2118 2436 2189 (73)
2468 2117 2583 2173 Deo
2615 2122 2672 2173 et
2716 2118 2939 2174 sanctis
2983 2118 3205 2173 odibili.
3234 2119 3342 2186 Qui
3376 2120 3474 2175 ubi
3508 2136 3708 2177 rerum

2046 2207 2361 2261 summa“9
2375 2204 2594 2277 potitus
2617 2210 2706 2262 est
2729 2207 2905 2276 (864),
2922 2206 3162 2279 expulso
3185 2207 3465 2265 Harberto
3487 2213 3544 2265 et
3563 2208 3712 2267 Cor-

2048 2294 2239 2349 beiam
2272 2311 2520 2362 reverso,
2554 2311 2790 2351 omnem
2828 2295 3125 2352 abbatiam
3174 2295 3333 2353 illico
3363 2298 3616 2370 partitur
3644 2298 3709 2354 in

2047 2398 2106 2437 re
2137 2381 2398 2449 militari,
2431 2382 2709 2457 delcgans
2744 2385 2808 2419 ¹²⁰
2838 2384 3015 2440 victui
3077 2385 3325 2442 fratrum
3368 2385 3623 2457 villulas,
3652 2394 3713 2445 ct

2046 2488 2144 2529 eas
2167 2473 2326 2544 parvi
2345 2473 2631 2544 redditus,
2648 2478 2712 2530 ut
2734 2473 2954 2547 placuit
2986 2474 3603 2547 delcgatori.Efﬁcitur
3632 2478 3710 2534 ad

2046 2561 2166 2616 haec
2200 2561 2459 2627 uxorius,
2496 2561 2714 2620 liberos
2753 2579 3088 2635 procreans,
3123 2568 3180 2618 et
3211 2564 3282 2619 ad
3315 2581 3432 2620 suae
3464 2564 3708 2623 damna-

2045 2649 2222 2706 tionis
2254 2649 2561 2706 cumulum
2595 2650 2677 2706 nil
2709 2651 2821 2708 sibi
2854 2650 3119 2708 clericale
3160 2657 3368 2725 praeter
3396 2658 3705 2711 tonsuram

2046 2740 2594 2811 praeferensmFuit
2614 2739 2770 2796 enim
2793 2743 2967 2795 tantae
2989 2741 3413 2813 pcrversitatis,
3434 2748 3500 2798 ut
3528 2743 3701 2816 vulgo

2044 2828 2249 2898 fertur,
2283 2833 2347 2883 ut
2378 2828 2569 2900 ipsam
2602 2829 2670 2864 ¹²²
2698 2827 2872 2884 etiam
2900 2828 3242 2902 evangelica:
3278 2830 3539 2889 veritatis
3569 2849 3702 2889 ma-

2034 2918 2314 2988 jestatem
2347 2921 2633 2989 quantum
2665 2917 2737 2973 ad
2771 2932 2832 2972 se
2873 2934 2987 2973 non
3049 2918 3341 2975 horruerit
3390 2920 3701 2993 infamare,

2043 3005 2242 3060 dicens
2265 3004 2408 3059 illud
2446 3005 2601 3076 quod
2643 3005 2926 3077 scriptum
2952 3011 3040 3062 est
3061 3024 3095 3062 a
3118 3008 3184 3041 ¹²³
3204 3008 3475 3078 Domino,
3505 3011 3701 3067 dicen-

2041 3097 2132 3148 te:
2169 3092 2357 3147 Omnis
2388 3095 2483 3165 qui
2510 3109 2566 3148 se
2595 3094 2799 3149 exultat
2827 3093 3235 3163 humz'lz'abz'tur,
3256 3102 3368 3153 etc.
3404 3101 3556 3171 (Luc.
3579 3117 3698 3169 xxv,

2043 3180 2149 3252 11),
2200 3197 2313 3235 non
2360 3185 2646 3245 constare,
2681 3197 2783 3253 pro
2833 3197 2897 3235 eo
2932 3182 2999 3215 ¹²⁴
3026 3184 3184 3253 quod
3216 3183 3266 3239 si
3311 3185 3437 3256 ipse
3468 3206 3531 3244 se
3562 3194 3701 3245 tan-

271 3271 437 3327 brem
493 3287 624 3328 esse
677 3290 937 3329 sanxere.
974 3274 1150 3329 Facta
1183 3279 1272 3330 est
1303 3277 1499 3329 autem
1532 3273 1652 3327 haec
1683 3272 1926 3329 elevatio
1958 3244 2001 3313 ο
2040 3274 2169 3325 tum
2191 3268 2830 3343 humiliaretquantum
2844 3269 3547 3345 exaltaverat,numquam
3561 3293 3711 3336 eum

270 3375 425 3416 anno
456 3359 688 3417 Domini
717 3363 844 3428 823,
877 3361 949 3416 ab
992 3360 1180 3434 ipsius
1218 3376 1351 3418 vero
1396 3362 1583 3417 sancti
1610 3362 1676 3396 ¹⁰⁹
1701 3378 1816 3417 non
1839 3363 1925 3417 di-

273 3464 403 3507 cam
455 3449 616 3506 obitu
656 3450 760 3507 sed
800 3449 1087 3517 natalitio,
1123 3468 1237 3522 quo
1282 3451 1469 3507 vivere
1494 3452 1559 3487 “0
1589 3450 1763 3523 coepit
1792 3467 1925 3506 cum

274 3537 525 3608 Christo,
560 3538 785 3595 decimo
815 3542 948 3611 post
993 3545 1231 3596 centum
1281 3544 1499 3596 exacto.
1533 3540 1758 3596 Abhinc
1790 3556 1926 3613 ergo

274 3628 448 3699 coepit
478 3628 629 3683 beati
661 3627 770 3682 viri
801 3626 1045 3684 celebris
1095 3629 1250 3685 fama
1301 3629 1683 3695 crebrescere,
1707 3635 1763 3684 et
1790 3646 1926 3684 con-

273 3714 593 3772 ﬂuentibus
613 3715 1019 3788 languentium
1046 3719 1258 3773 turmis
1271 3718 1342 3773 ad
1361 3717 1589 3774 diversa
1605 3718 1926 3774 sanitatum

271 3819 483 3878 genera
512 3802 816 3861 miraculis
845 3809 1318 3873 coruscare.0um
1342 3805 1528 3863 multa
1548 3807 1930 3879 prmdecesso-

272 3909 405 3950 rum
427 3896 761 3950 nostrorum
785 3910 887 3950 seu
911 3895 1143 3967 ignavia
1163 3913 1265 3952 seu
1290 3895 1583 3968 imperitia
1606 3896 1677 3951 ad
1694 3901 1928 3968 tempus

262 3983 666 4054 jacuerunt,et
686 3984 747 4018 ¹¹¹
772 3984 969 4040 studia
990 3984 1316 4041 litterarum
1342 3989 1481 4041 sunt
1502 3985 1924 4057 prmtermissa;

274 4087 381 4129 nos
397 4086 465 4128 ea
485 4087 612 4144 quae
632 4071 887 4130 vidimus
909 4077 1012 4130 aut
1041 4074 1397 4141 audivimus,
1432 4073 1839 4130 excellentiora
1862 4075 1928 4111 ιη

271 4163 505 4217 tantum
564 4164 853 4229 notantes,
886 4162 1011 4222 suis
1054 4162 1112 4217 in
1164 4162 1304 4219 locis
1356 4179 1663 4234 ponemus,
1711 4167 1769 4218 et
1818 4162 1927 4219 hoc

271 4248 558 4306 faciemus
595 4249 799 4306 ordine
841 4256 1087 4319 servato,
1123 4268 1257 4307 cum
1291 4251 1406 4307 Deo
1439 4252 1691 4307 donante
1727 4252 1798 4306 ad
1832 4269 1925 4307 no-

271 4338 379 4395 stri
409 4338 691 4411 temporis
718 4339 917 4397 faecem
950 4341 1409 4413 pervenerimus.

342 4429 429 4484 11.
462 4428 724 4486 Decessit
743 4435 939 4487 autem
966 4430 1275 4503 praedictus
1308 4429 1490 4486 abbas
1524 4429 1775 4486 triennio
1797 4436 1929 4502 post

268 4517 572 4589 prmfatam
628 4517 1009 4576 elevationem
1058 4520 1226 4590 (826),
1275 4517 1613 4590 relinquens
1675 4525 1807 4591 post
1866 4538 1927 4574 se

2039 3357 2241 3425 fuisse,
2285 3363 2351 3414 ut
2399 3361 2537 3414 tunc
2585 3363 2729 3427 erat,
2763 3362 2882 3413 tam
2930 3359 3282 3432 praeducem,
3317 3361 3499 3418 immo
3531 3366 3713 3439 abje-

2040 3447 2373 3503 ctissimum
2394 3447 2673 3511 omnibus
2685 3446 3276 3521 etvilem.01inguam
3297 3452 3708 3522 particulatim

2038 3536 2461 3592 concidendam
2494 3541 2551 3594 et
2580 3537 2828 3594 canibus
2860 3544 2960 3593 aut
2987 3537 3190 3595 avibus
3229 3538 3656 3611 projiciendam
3686 3545 3703 3599 1

2040 3626 2332 3698 Ignoravit
2353 3625 2597 3683 forsitan
2621 3625 2927 3698 miser,aut
2950 3626 3139 3684 sciens
3172 3627 3386 3687 misere
3416 3630 3705 3705 desipuit,

2040 3715 2195 3787 quod
2228 3715 2363 3771 talis
2393 3719 2458 3771 ut
2489 3732 2616 3783 sua,
2650 3714 2785 3771 licet
2818 3717 2882 3750 "5
2905 3715 3282 3789 permittente
3312 3718 3449 3787 Deo,
3479 3720 3704 3780 exalta-

2039 3804 2439 3873 tio,zrternalis
2462 3805 2538 3861 sit
2558 3821 2730 3861 casus
2755 3809 2810 3859 et
2831 3804 3079 3877 abjectio
3107 3806 3310 3865 :sicut
3338 3806 3709 3882 imprecetur

2038 3892 2126 3949 vel
2166 3894 2362 3967 potius
2403 3892 2714 3967 prophetat
2743 3892 2923 3949 David
2953 3893 3012 3948 in
3045 3893 3272 3965 psalmo
3305 3913 3317 3951 :
3352 3895 3491 3953 Deus
3520 3914 3703 3969 meus,

2037 3984 2333 4055 inquiens,
2382 3999 2524 4054 pone
2579 3983 2703 4038 illos
2742 3991 2803 4038 ut
2830 3990 3003 4038 rotam
3033 3991 3082 4039 et
3110 3986 3254 4040 sicut
3279 3986 3542 4058 stipulam
3571 3996 3708 4045 ante

2036 4074 2235 4144 faciem
2256 4074 2400 4128 venti
2421 4072 2589 4143 (Psal.
2605 4088 2813 4138 ann,
2840 4073 2947 4142 14).
2966 4071 3173 4128 Rotam
3198 4073 3413 4147 quippe
3431 4075 3703 4134 videmus

2038 4161 2285 4217 inferius
2306 4162 2371 4196 ¹²⁶
2392 4159 2621 4228 elevari,
2646 4161 2748 4217 sed
2772 4160 2971 4217 inante
3001 4178 3290 4231 corruere,
3325 4167 3383 4219 et
3413 4165 3568 4221 unde
3597 4166 3701 4223 in-

2038 4251 2211 4307 choat
2236 4249 2712 4317 ascensum,inde
2741 4248 2823 4305 ibi
2855 4251 3078 4323 patitur
3109 4252 3574 4327 casum.Stipula
3596 4272 3707 4313 au-

2040 4347 2157 4397 tem
2181 4357 2295 4413 quo
2319 4339 2492 4395 altius
2513 4343 2684 4395 vento
2707 4343 2994 4412 raptatur,
3029 4355 3095 4396 eo
3120 4342 3183 4375 ίετ
3206 4342 3443 4414 gravius
3474 4344 3705 4417 mergi-

2037 4435 2152 4487 tur.
2187 4430 2473 4501 Expertus
2502 4432 2592 4484 est
2620 4433 2679 4484 et
2706 4427 2831 4501 ipse
2864 4429 2923 4484 in
2955 4445 3016 4485 se
3049 4429 3148 4485 Dei
3199 4447 3377 4503 super
3425 4431 3533 4488 hoc
3564 4432 3704 4489 vin-

2040 4518 2441 4575 dictam.Nam
2473 4517 2603 4590 ipsa
2634 4516 2869 4589 die,qua
2899 4518 3019 4574 haec
3050 4520 3374 4576 nauseabat
3404 4519 3493 4577 vel
3523 4520 3703 4582 latra-

268 4606 598 4679 Ecgardum
623 4608 687 4642 “3
708 4608 1190 4679 abbatem.Cujus
1218 4612 1474 4678 tempore
1496 4608 1786 4663 ordinatio
1811 4609 1923 4680 pri-
1952 4620 1997 4683 Ι]
2029 4610 2150 4675 bat,
2186 4605 2504 4677 conﬂigens
2535 4604 2595 4660 in
2626 4604 2751 4660 acie
2777 4620 2912 4661 cum
2944 4606 3205 4662 Conrado
3237 4607 3301 4642 ¹²⁸
3343 4606 3699 4666 Raeticarum

268 4709 368 4752 ma
388 4696 541 4752 facta
561 4699 650 4751 est.
687 4696 745 4751 in
782 4695 1135 4752 monasterio
1174 4700 1391 4761 nostro,
1429 4701 1635 4768 agente
1666 4698 1922 4753 Theode-

268 4781 388 4838 rico
418 4784 820 4840 Cameracensi
850 4783 1142 4857 pontifice,
1177 4784 1368 4840 adhuc
1402 4785 1690 4841 Ludovico
1729 4785 1921 4859 impc-

268 4874 458 4928 ratore
479 4872 814 4944 superstite.

2029 4698 2117 4754 vel
2138 4695 2478 4754 Jurensium
2503 4695 2569 4729 “9
2581 4694 2840 4766 partium
2874 4694 3307 4766 duce,primum
3328 4694 3532 4769 lingua
3544 4696 3702 4754 blas-

2032 4781 2719 4860 phematransfossus,ad
2742 4783 3017 4844 ultimum
3039 4783 3383 4841 interfectus
3400 4789 3488 4840 est
3508 4784 3625 4857 (74)
3642 4791 3702 4842 et

2031 4876 2189 4933 hunc
2204 4874 2441 4947 quidem
2466 4872 2623 4929 necis
2648 4873 2824 4930 ﬁnem
2840 4872 3224 4946 blasphemus
3246 4873 3459 4931 habere
3479 4874 3703 4948 dignus

1635 4972 1876 5029 VARI/IS
1917 4972 2333 5031 LECTIONES.

337 5038 379 5075 9"
413 5039 707 5097 fulradum
737 5045 790 5098 2.
868 5044 910 5079 93
941 5044 1084 5100 deest
1118 5046 1163 5098 1.

1243 5046 1285 5077 91'
1318 5043 1534 5115 relucet
1561 5048 1613 5099 2.
1694 5046 1758 5079 ιυο
1787 5045 1932 5100 deest
1958 5049 2012 5100 2.
2092 5046 2151 5095 '9‘
2189 5049 2388 5115 septra
2417 5046 2471 5098 2.
2552 5044 2619 5078 ¹⁰²
2669 5042 2938 5115 ingentes
2994 5043 3071 5099 1?
3120 5047 3173 5099 2.
3260 5045 3326 5079 ¹⁰³
3358 5042 3494 5100 aula
3531 5044 3695 5101 1?2.

263 5110 331 5146 ¹⁰⁴
358 5112 601 5186 probare
626 5117 680 5169 2.
743 5116 825 5186 _“’5
856 5114 999 5170 deest
1034 5117 1079 5169 1.
1109 5120 1162 5170 2.
1243 5116 1308 5149 ¹⁰⁵
1340 5114 1483 5171 deest
1510 5120 1563 5170 2.
1644 5116 1708 5149 ¹⁰τ
1740 5117 1968 5186 agentis
1996 5121 2051 5172 2.
2133 5117 2196 5150 “’3
2228 5110 2286 5170 d'.
2322 5133 2379 5169 n.
2415 5121 2473 5170 et

2506 5131 2560 5186 p.
2597 5131 2648 5170 c.
2684 5132 2813 5171 esse
2840 5116 3037 5171 desunt
3063 5119 3119 5170 2.
3164 5116 3231 5152 ¹⁰⁹
3259 5115 3364 5170 viri
3396 5120 3449 5171 2.
3495 5118 3563 5151 ¹¹⁰
3591 5132 3697 5173 vc-

262 5199 322 5238 re
352 5182 476 5239 ante
506 5184 690 5240 vivere
720 5184 953 5242 deletum
984 5194 1036 5241 tn
1070 5192 1122 5241 2.
1202 5188 1263 5220 ¹¹¹
1293 5186 1436 5243 deest
1461 5191 1513 5242 2.
1595 5188 1659 5221 ¹¹²
1692 5182 2033 5244 excellentia
2060 5192 2114 5242 2.
2196 5189 2261 5221 “3
2292 5182 2612 5259 ergardum
2646 5188 2724 5242 1?
2779 5192 2834 5242 2.
2891 5204 2962 5260 eg
3006 5188 3215 5242 ardum
3271 5187 3358 5243 ed.
3403 5187 3697 5259 egardum

262 5254 401 5311 Ann.
435 5256 603 5310 Laub.
684 5257 748 5291 ¹¹⁴
777 5262 833 5313 et
861 5262 915 5312 2.
996 5260 1057 5293 ἰδ
1084 5259 1372 5313 habentur
1403 5260 1452 5313 1.
1532 5260 1599 5293 “6
1629 5259 1977 5314 inuuoatum
2029 5276 2171 5314 corr.
2228 5258 2571 5314 inchoatum
2619 5260 2675 5312 2.
2755 5259 2820 5292 “7
2858 5275 2887 5313 a
2916 5204 3077 5314 1%2.
3158 5260 3227 5294 ³⁸⁸
3257 5258 3512 5314 huberto
3542 5275 3697 5314 corr.

259 5254 401 5311 Ann.
435 5256 603 5310 Laub.
684 5257 748 5291 ¹¹⁴
777 5262 833 5313 et
861 5262 915 5312 2.

257 5324 548 5402 hucberto
566 5330 618 5383 2.
663 5329 763 5402 ut”
791 5329 936 5385 deest
963 5333 1016 5402 2.
1115 5332 1179 5363 “0
1210 5329 1491 5402 delegatis
1528 5331 1551 5383 1
1577 5330 1603 5384 '?
1633 5334 1685 5384 2.

261 5396 329 5432 ³⁸⁸
356 5397 500 5455 deest
530 5400 578 5455 1.
659 5400 721 5435 ¹²⁶
751 5417 802 5457 v.
836 5401 895 5458 in
925 5400 1113 5457 altum
1145 5404 1197 5457 2.
1279 5396 1518 5457 127'deest
1552 5403 1601 5456 1.

996 5260 1057 5293 ἰδ
1084 5259 1372 5313 habentur
1403 5260 1452 5313 1.
1532 5260 1599 5293 ¹¹⁶
1629 5259 1977 5330 inquoatum
2029 5276 2171 5315 corr.
2228 5258 2571 5314 inchOatum
2619 5260 2675 5312 2.
2755 5259 2820 5292 ¹¹⁷
2858 5262 2940 5314 a1

996 5368 1016 5383 η.
1115 5332 1179 5363 ί²¹⁵
1210 5329 1491 5384 (Ιθὶθεῑίιῐὶε
1528 5330 1603 5384 1'?
1633 5334 1685 5384 2.
1785 5332 1845 5364 ¹²¹
1880 5347 2182 5384 reservans
2213 5333 2267 5384 2.
2384 5331 2450 5364 1”
2479 5329 2627 5384 deest
2652 5333 2707 5383 2.
2823 5330 2891 5363 ¹²³
2923 5348 2940 5384 ι

1880 5347 2182 5386 reservans
2213 5347 2267 5384 Ζ.

1682 5372 1685 5382 ,
1880 5348 2182 5387 reservans
2213 5348 2267 5384 τι.
2479 5348 2627 5384 deest
2653 5348 2707 5383 ι.
2826 5348 2891 5363 Iw
2923 5348 3024 5385 um
3053 5348 3108 5384 κ.

1682 5402 1745 5436 ³⁸³³
1778 5406 1940 5459 cotra
1971 5404 2027 5460 1.
2070 5400 2306 5459 cotrado
2337 5402 2390 5456 2.
2472 5401 2538 5436 “9
2568 5400 2966 5459 virehensium
3002 5402 3026 5456 1
3052 5401 3081 5456 ?
3112 5404 3166 5455 2.

3023 5262 3077 5314 2.
3158 5260 3227 5294 “9
3257 5258 3512 5315 huberto
3542 5275 3697 5316 corr.

2384 5331 2450 5364 ¹²²
2479 5329 2627 5384 deest
2652 5333 2707 5383 2.
2823 5330 2891 5363 ¹²³
2923 5329 3024 5385 ubi
3053 5333 3108 5384 2.

3225 5331 3293 5365 ¹²δ
3325 5347 3601 5403 superscr.
3633 5332 3694 5387 2.

1860 5498 2093 5557 NOTAE.

334 5595 447 5670 ea
478 5594 801 5670 salitgarii.

396 5667 450 5738 2)
483 5667 761 5726 Einhardi
794 5672 968 5727 verba
998 5670 1057 5727 in
1086 5671 1206 5726 vita
1234 5668 1426 5727 Karoli
1458 5687 1507 5725 c.
1539 5672 1630 5726 25.

353 5738 446 5812 73)
477 5739 673 5805 Fratre
706 5741 1053 5825 Thiotbirgae
1086 5740 1283 5805 uxoris
1314 5740 1600 5807 Hlotharii
1632 5741 1704 5803 II.

2101 5600 2213 5667 (74)
2245 5599 2326 5655 Cf.
2377 5597 2691 5670 Regionem
2751 5603 2808 5654 et
2864 5601 3013 5656 Ann.
3075 5597 3398 5661 Xautcnsos
3460 5599 3690 5671 $1.866,

1975 5738 1982 5745 _
2031 5670 2327 5731 Hincmari
2361 5672 2510 5729 Ann.
2543 5686 2595 5729 α.
2628 5671 2752 5729 864.
