3912 6358
314 391 431 454 559

1405 386 1767 451 FOLCUINI
1811 383 2144 447 ABBATIS
2188 383 2640 448 LAUBIENSIS

3618 381 3732 443 560

316 526 491 584 statio
512 523 896 594 navium,sive
919 523 991 579 ad
1009 522 1408 596 hyemandum
1428 523 1544 576 sive
1570 521 1640 576 ad
1664 518 1970 592 quodlibet
1997 519 2052 587 Α
2084 518 2554 584 Mediomatricm,
2609 533 2735 591 quae
2786 533 2941 572 nunc
2992 514 3189 572 Mettis
3218 515 3452 585 dicitur,
3489 531 3523 573 a
3552 531 3730 588 puero

314 613 452 672 belli
486 612 811 686 periculum
844 610 1281 677 declinandum,
1316 609 1433 665 illic
1466 626 1581 665 cos~
1598 608 1813 664 fecerat
1842 621 1971 663 esse

314 700 650 758 continuos.
684 698 995 772 Singulphi
1026 698 1166 754 villa
1195 712 1408 754 nomen
1441 702 1531 753 est
1562 696 1752 752 fundi.
1789 696 1843 752 Is
1874 712 1972 751 no-

313 793 449 846 stra
478 788 734 845 ecclesiae
766 787 962 857 servit,
994 791 1052 843 et
1081 788 1141 842 in
1172 804 1237 842 eo
1264 785 1549 843 memoria
1598 785 1787 841 sancti
1841 784 1975 840 Urs-

314 878 467 935 mari
499 883 557 933 et
586 876 773 933 sancti
808 877 979 945 Petri,
1014 876 1073 931 in
1108 893 1223 949 qua
1264 880 1405 930 tunc
1456 874 1764 930 duodecim
1800 891 1972 929 cano-

314 967 584 1024 nicorum
619 966 947 1023 habebatur
978 972 1318 1021 conventus.
1356 964 1594 1019 Memini
1629 980 1721 1018 me
1754 970 1808 1018 et
1839 980 1973 1017 nos-

315 1061 546 1114 trorum
580 1055 888 1129 plerosque
918 1054 1221 1109 hominem
1256 1055 1321 1089 ¹⁵²
1351 1052 1587 1109 illorum
1638 1057 1974 1125 temporum

316 1146 555 1213 vidisse,
610 1145 710 1218 qui
757 1148 959 1200 utrum
1008 1144 1072 1179 ¹⁵³
1119 1142 1234 1200 alio
1286 1143 1524 1198 nomine
1573 1147 1900 1208 vocaretur,
1945 1157 1979 1197 a

318 1235 492 1292 nobis
521 1250 637 1290 non
666 1233 852 1289 multo
896 1232 1230 1303 quaesitum,
1266 1232 1475 1288 atl‘ectu
1509 1235 1726 1300 tamen,
1761 1234 1825 1286 ut
1877 1247 1980 1303 pu-

320 1327 500 1391 tatur,
535 1321 825 1395 patronali
857 1323 922 1356 ‘5‘
972 1339 1005 1377 a
1054 1339 1232 1394 puero
1287 1343 1315 1370 «
1366 1320 1756 1376 bruoderchin
1803 1320 1913 1391 (83)
1947 1341 1973 1369 ››

321 1412 662 1478 vocabatur,
698 1426 875 1481 quem
909 1428 1015 1464 nos
1048 1410 1155 1465 etsi
1190 1409 1387 1464 minus
1432 1408 1613 1465 latine
1661 1426 1979 1481 possumus

322 1499 633 1557 nominare
661 1498 1065 1567 fraterculum,
1115 1498 1212 1571 qui
1262 1500 1499 1554 eosdem
1548 1498 1767 1553 vidisse
1815 1514 1877 1552 se
1924 1499 1981 1551 et

323 1589 686 1663 cognovisse,
721 1592 779 1643 et
808 1588 963 1660 quod
996 1586 1343 1659 praepositus
1374 1603 1576 1643 eorum
1626 1584 1980 1658 Sparnarius

324 1677 394 1715 ³³⁸
421 1678 614 1733 dictus
645 1677 744 1743 sit,
777 1676 1125 1732 testabatur.
1161 1676 1269 1742 Qui
1297 1674 1462 1731 locus
1493 1692 1528 1731 a
1556 1674 1981 1731 Northmannis

325 1768 410 1824 ita
447 1766 787 1823 destructus
833 1769 941 1831 est,
974 1768 1043 1819 ut
1079 1767 1451 1819 remanerent
1499 1763 1558 1819 in
1612 1781 1678 1819 eo
1725 1763 1821 1821 vix
1850 1780 1981 1819 ma-

327 1855 616 1912 ceriarum
647 1854 853 1909 ruina).
887 1852 1174 1909 Similiter
1202 1856 1259 1909 et
1288 1857 1482 1909 cetera
1534 1852 1792 1908 ecclesiae
1846 1870 1981 1909 nos-
2014 1890 2063 1959 Β

324 1948 432 2001 trs
487 1942 710 2016 predia,
764 1958 895 2014 qua:
946 1942 1103 2016 apud
1154 1941 1517 1997 Brabantum
1566 1945 1733 1998 erant
1787 1941 1984 2014 profu-

326 2032 506 2101 siora,
564 2031 674 2087 hoc
749 2034 1013 2103 tempore
1089 2030 1376 2087 exhausta
1454 2034 1709 2089 sunt.et
1782 2031 1985 2087 exina-

333 2120 478 2177 nita.

403 2210 492 2265 17.
543 2207 671 2265 Tali
723 2224 861 2281 ergo
910 2208 1085 2264 modo
1134 2208 1371 2264 turbata
1419 2207 1676 2265 ecclesia:
1721 2225 1883 2281 pace,
1932 2212 1990 2264 et

332 2298 706 2353 ﬁrmamento
740 2297 805 2332 ¹⁶⁶
828 2297 990 2369 regni
1032 2298 1221 2368 posito
1273 2298 1332 2351 in
1384 2298 1714 2364 formidine,
1768 2299 1987 2353 Franco

333 2386 649 2459 praedictus
683 2386 1018 2459 episcopus,
1051 2391 1287 2441 coactus
1336 2386 1521 2457 justa,
1572 2389 1862 2459 quantum
1916 2386 1989 2441 ad

334 2474 664 2543 saeculares,
728 2480 783 2530 et
850 2491 983 2531 vero
1054 2474 1384 2531 necessaria
1462 2475 1613 2530 bella
1670 2474 1987 2547 suscipere,

336 2564 521 2622 accito
581 2563 691 2620 sibi
751 2562 1059 2636 Reginerio
1118 2564 1397 2636 quodam,
1460 2580 1635 2636 quem
1704 2565 1994 2637 Longum-

336 2652 551 2709 collum
600 2657 833 2720 vocant,
877 2653 999 2708 viro
1049 2658 1332 2709 strennuo
1365 2660 1420 2709 et
1463 2654 1522 2707 in
1558 2652 1785 2709 bellicis
1817 2653 1992 2708 rebus

332 2742 667 2809 exercitato,
728 2740 813 2796 hii
870 2741 1205 2813 frequenter
1260 2741 1318 2796 in
1392 2742 1515 2797 acie
1586 2741 1989 2813 conﬁigentes,

336 2845 575 2903 perraro
644 2830 803 2899 victi,
864 2829 1167 2902 multoties
1239 2831 1479 2887 extitere
1549 2829 1815 2886 victores.
1877 2830 1992 2887 Nec

335 2922 629 2975 cessatum
679 2922 789 2987 est,
824 2918 1007 2974 donec
1058 2920 1124 2953 "’7
1176 2926 1335 2991 peste
1385 2919 1586 2975 attrito
1620 2920 1683 2953 ¹⁵⁸
1716 2935 1848 2992 rege
1892 2935 1994 2975 eo-

336 3024 469 3063 rum
501 3007 814 3063 Godefrido
844 3007 918 3063 ad
948 3008 1128 3064 ﬁdem
1159 3008 1377 3064 Christi
1412 3025 1689 3064 converso
1719 3012 1777 3063 et
1805 3007 1992 3079 bapti-

334 3100 485 3165 sato,
537 3112 642 3151 nec
692 3093 879 3151 multo
922 3100 1054 3167 post
1102 3096 1427 3165 interfecto,
1462 3113 1575 3168 pax
1621 3098 1688 3132 ¹⁵⁹
1737 3094 1994 3152 ecclesia:

338 3184 607 3239 redditur
633 3184 803 3256 (885).
840 3184 974 3240 Post
1002 3184 1126 3240 haec
1158 3184 1378 3241 France
1427 3186 1761 3258 episcopus,
1800 3184 1995 3241 sciens

2080 608 2394 664 educatum
2455 607 2660 663 fuisse.
2713 606 2859 663 Nam
2919 606 3191 673 Roberto,
3248 604 3515 676 ejusdem
3579 607 3733 662 sedis

2082 697 2375 769 episcopo,
2427 696 2680 752 eundem
2755 693 3023 751 libellum
3091 693 3408 767 legendum
3461 694 3627 752 misit
3681 698 3738 751 et

2083 785 2607 858 comprobandum.
2643 783 2833 857 Hujus
2865 782 3123 856 episcopi
3172 781 3355 856 aliqui
3387 782 3565 839 etiam
3598 800 3735 839 nos-

2082 879 2175 931 tra
2230 878 2394 930 aetate
2454 875 2871 931 meminerunt.
2925 874 3113 946 Hujus
3170 889 3405 947 quoque
3474 877 3737 946 tempore

2085 964 2391 1019 dedicatur
2439 963 2685 1019 ecclesia
2733 969 2937 1019 nostra
2985 963 3058 1018 ab
3106 962 3235 1035 ipso
3283 966 3515 1023 evocato
3568 963 3640 1019 ad
3680 962 3739 1017 id

2086 1070 2256 1126 opus,
2317 1057 2373 1107 et
2431 1053 2747 1123 conjuncto
2802 1051 2915 1107 sibi
2984 1049 3268 1107 Dodilone
3336 1050 3741 1110 Cameracensi

2085 1141 2398 1214 episcopo;
2458 1140 2616 1213 quod
2678 1141 2739 1197 in
2798 1140 3042 1196 basibus
3112 1139 3546 1210 columnarum,
3608 1140 3741 1213 quis

2088 1246 2266 1301 quam
2316 1234 2543 1302 partem
2598 1229 2973 1299 dedicaverit,
3024 1230 3083 1285 in
3132 1234 3411 1303 promptu
3470 1234 3562 1286 est
3614 1245 3742 1286 cer-

2089 1336 2245 1374 nere.
2278 1319 2439 1375 Hanc
2486 1335 2621 1391 ergo
2668 1318 2956 1375 novellam
3007 1318 3458 1389 dedicationem,
3491 1336 3561 1375 ne
3597 1319 3745 1375 forte

2090 1407 2299 1463 iterata
2328 1410 2430 1461 aut
2461 1411 2632 1463 antea
2670 1407 2882 1462 infecta
2932 1406 3125 1475 fuerit,
3180 1407 3229 1462 si
3282 1408 3414 1480 quis
3467 1407 3742 1481 requirit,

2089 1496 2295 1568 paucis
2328 1495 2718 1551 absolvemus.
2742 1495 3061 1552 Ecclesiam
3088 1496 3369 1574 priorem,
3394 1496 3442 1552 si
3474 1495 3749 1553 meminit

2090 1584 2270 1641 lector
2325 1584 2604 1656 prudens,
2662 1585 2775 1641 sub
2833 1584 3078 1658 Pippino
3139 1585 3399 1658 principe
3458 1600 3494 1643 a
3542 1589 3751 1641 sancto

2091 1673 2368 1731 Ursmaro
2399 1674 2614 1730 factam
2647 1675 2712 1709 ¹⁶⁷
2733 1673 2861 1745 jam
2893 1691 3074 1747 supra
3103 1673 3360 1730 diximus
3390 1674 3526 1747 (82),
3559 1672 3749 1730 diem-

2091 1778 2206 1835 que
2273 1762 2657 1818 dedicationis
2731 1762 2862 1835 ejus
2919 1780 2956 1819 ν
3010 1761 3307 1820 Kalendas
3379 1762 3751 1836 Septembris

2093 1852 2527 1908 annotavimus.
2583 1853 2739 1922 Qum,
2799 1858 3097 1909 crescente
3162 1852 3330 1926 copia
3387 1868 3585 1910 rerum
3647 1868 3754 1927 per

2096 1939 2559 1997 muniﬁcentiam
2592 1956 2797 2015 regum
2821 1958 2924 1999 seu
2954 1946 3280 1999 ceterorum
3303 1941 3587 2011 ﬁdelium,
3612 1943 3756 2015 quia

2095 2027 2207 2086 loci
2274 2028 2565 2088 nobilitati
2614 2046 2792 2103 parva
2847 2035 2906 2088 et
2964 2030 3163 2087 minus
3225 2034 3362 2105 apta
3416 2031 3752 2099 videbatur,

2097 2121 2397 2177 destructa
2426 2123 2483 2176 et
2528 2120 2795 2176 funditus
2827 2136 3027 2178 eversa
3057 2125 3167 2188 est,
3202 2125 3259 2177 et
3289 2121 3402 2177 ista
3431 2137 3561 2194 quas
3594 2137 3756 2177 nunc

2097 2213 2187 2264 est
2231 2207 2603 2281 elegantioris
2651 2208 2848 2266 formae
2903 2213 2959 2263 et
3006 2206 3218 2282 speciei
3278 2209 3579 2266 aediﬁcata.
3615 2211 3757 2277 Quae

2099 2297 2171 2352 ad
2210 2297 2269 2352 id
2302 2313 2450 2369 opus
2498 2295 2793 2354 columnis
2842 2297 3256 2371 undecumque
3303 2298 3576 2367 corrasis,
3610 2315 3760 2355 oum

2100 2385 2343 2442 basibus
2386 2391 2443 2442 et
2502 2384 2775 2458 epistiliis
2823 2402 2926 2441 seu
2985 2386 3194 2443 ceteris
3249 2376 3605 2445 latomorum
3664 2386 3761 2446 vel

2100 2474 2593 2531 cementariorum
2637 2473 2969 2549 disciplinis
3000 2492 3106 2548 pro
3159 2475 3381 2533 moduli
3428 2476 3521 2532 sui
3562 2493 3759 2550 quan-

2100 2563 2268 2620 titate
2317 2564 2595 2620 omnibus
2643 2563 2864 2621 circum
2914 2580 2977 2621 se
3021 2565 3227 2636 positis
3276 2569 3365 2620 est
3395 2565 3764 2639 incompara-

2102 2652 2258 2722 bilis,
2320 2654 2475 2725 quod
2532 2652 2671 2727 quia
2746 2652 3033 2722 occulata,
3092 2659 3155 2711 ut
3222 2656 3411 2726 aiunt,
3471 2655 3764 2729 probatur

2102 2742 2236 2811 ﬁde,
2270 2741 2391 2799 hazc
2422 2738 2517 2799 hic
2557 2742 2703 2799 satis
2751 2743 2829 2798 sit
2872 2743 3160 2817 tetigisse.
3214 2745 3527 2800 Auctorem
3557 2746 3763 2799 autem

2102 2832 2251 2902 ejus,
2285 2832 2406 2887 sive
2436 2845 2535 2887 rex
2566 2832 2742 2889 fuerit
2786 2831 2882 2887 ille
2913 2832 3033 2887 sive
3083 2831 3288 2905 abbas,
3322 2833 3379 2889 id
3432 2832 3762 2890 nescimus.

2102 2920 2162 2975 Si
2195 2920 2330 2992 quis
2359 2920 2736 2992 improperat,
2770 2919 3105 2992 antiquitati
3157 2937 3285 2993 qua:
3317 2922 3388 2978 de
3437 2921 3532 2978 his
3570 2920 3762 2990 siluit,

2105 3023 2221 3061 non
2254 3007 2445 3075 nobis,
2477 3012 2807 3064 succensat.

2175 3095 2263 3151 19.
2300 3096 2416 3151 Isto
2474 3112 2707 3168 quoque
2766 3100 2996 3151 mortuo
3055 3101 3113 3151 et
3160 3098 3218 3153 in
3271 3098 3519 3156 ecclesia
3568 3100 3765 3156 sancti

2105 3182 2398 3238 Lamberti
2423 3182 2651 3255 sepulto
2682 3183 3140 3255 (920),turbatur
3168 3203 3375 3241 rursus
3407 3187 3664 3245 ecclesia
3697 3189 3768 3244 de

334 3271 608 3328 illicitum
673 3288 824 3343 esse,
889 3289 1248 3346 quemquam
1305 3274 1646 3348 sanguineis
1717 3274 1994 3332 manibus
2023 3261 2068 3329 C
2106 3272 2368 3330 antistite
2397 3271 2826 3330 substituendo.
2860 3273 3008 3329 Nam
3038 3274 3152 3346 (86(
3185 3290 3321 3348 pars
3368 3291 3489 3331 una
3528 3275 3770 3333 Hildui-

336 3365 548 3424 saneta
590 3365 860 3431 tractare,
915 3362 1095 3419 mittit
1141 3363 1389 3421 Romam
1446 3362 1782 3421 Berieoncm
1843 3364 1990 3421 Leo-

340 3450 605 3508 diensem
636 3450 933 3521 clericum,
960 3456 1017 3509 et
1045 3452 1408 3509 Theuterum
1442 3453 1829 3510 Lobbiensem
1864 3469 1989 3510 mo—

340 3538 619 3609 nachum,
678 3556 828 3613 quos
897 3540 1157 3597 ordinari
1230 3541 1555 3614 episcopos,
1629 3542 1731 3615 qui
1804 3541 1989 3597 vicem

336 3645 506 3686 suam
538 3630 852 3702 suppleant
884 3630 969 3700 ³⁶⁰,
1004 3630 1189 3688 oravit
1218 3634 1277 3687 et
1306 3631 1581 3687 exoravit.
1615 3630 1839 3698 Quibus
1860 3631 1989 3703 jam

334 3717 507 3775 factis
559 3718 852 3791 episcopis
910 3718 1249 3791 parochiam
1307 3734 1476 3776 suam
1547 3719 1989 3793 gubernandum

335 3806 656 3876 commisit,
715 3808 841 3880 ipse
899 3807 970 3864 de
1025 3807 1250 3881 reliquo
1303 3807 1363 3864 in
1422 3825 1564 3882 pace
1621 3813 1680 3865 et
1736 3807 1861 3865 ocio
1923 3808 1987 3844 ¹⁶¹

335 3896 665 3965 consenuit,
696 3895 815 3952 vita
845 3896 1178 3965 discedens,
1214 3900 1527 3970 postquam
1558 3898 1617 3953 in
1648 3896 1988 3969 episcopatu

334 3983 469 4056 plus
501 4001 680 4056 quam
710 3984 1146 4057 quinquaginta
1177 3990 1481 4059 perageret
1516 3986 1581 4022 ιδ’
1610 4001 1817 4042 annos.

410 4073 500 4131 18.
528 4072 678 4144 (901)
707 4073 1260 4147 Hunc,Stcphanus
1309 4074 1595 4148 sequitur,
1628 4073 1716 4131 vir
1761 4073 1990 4131 littera-

336 4176 472 4216 rum
502 4163 581 4230 et,
613 4165 903 4233 quantum
936 4163 1010 4219 ad
1043 4162 1376 4231 canonicos,
1413 4161 1680 4237 religioni
1723 4163 1987 4220 studens.

336 4246 441 4306 Hic
470 4249 584 4321 (84)
615 4249 952 4321 passionem
1003 4250 1157 4308 beati
1194 4251 1259 4287 ¹⁶³
1290 4251 1581 4307 Lamberti
1628 4251 1892 4325 impolita
1925 4253 1992 4287 ¹⁶⁴

337 4335 627 4412 digestam
667 4338 803 4395 stilo
855 4339 1141 4395 urbanius
1191 4338 1526 4407 elucidavit,
1560 4344 1616 4395 et
1662 4341 1989 4398 armoniam

333 4439 407 4485 ex
433 4443 501 4484 ea
532 4426 939 4485 dulcissimam
973 4428 1261 4495 melodice,
1285 4444 1412 4499 qua)
1441 4427 1687 4485 celebris
1718 4429 1987 4501 habetur,

334 4516 686 4589 composuit.
736 4516 896 4573 Fecit
942 4521 999 4572 et
1047 4516 1317 4573 libellum
1368 4517 1663 4590 quendam
1714 4536 1783 4575 ex
1813 4518 1995 4592 pluri-

336 4603 453 4662 mis
483 4605 814 4663 divinorum
866 4603 1152 4661 librorum
1185 4607 1249 4641 ¹⁶⁵
1279 4604 1539 4661 ﬂosculis
1587 4606 1900 4681 decerptis,
1931 4608 1991 4665 in

339 4707 456 4761 quo
534 4691 903 4764 singularum
958 4692 1018 4747 in
1079 4710 1233 4749 anno
1291 4693 1677 4750 festivitatum
1741 4697 2001 4770 capitula

340 4794 478 4837 cum
528 4778 788 4837 collectis
818 4783 875 4835 et
904 4780 1171 4838 versibus
1218 4781 1347 4837 utili
1381 4788 1714 4840 commento
1757 4786 1821 4821 ¹⁶⁶
1854 4803 1998 4844 con-

341 4866 547 4939 gessit.
605 4866 669 4924 ln
729 4867 899 4940 cujus
956 4867 1138 4925 libelli
1201 4869 1538 4942 prazfatione
1596 4875 1871 4948 ostendit,
1934 4894 1997 4935 se

2101 3377 2268 3429 num,
2304 3361 2570 3434 ejusdem
2599 3359 2854 3417 ecclesia
2886 3359 3167 3418 clericum
3201 3363 3311 3419 sibi
3345 3364 3625 3437 possebat
3651 3366 3773 3439 epi-

2099 3464 2367 3522 scopum,
2419 3447 2644 3506 favente
2694 3446 2761 3485 ¹⁶⁸
2807 3448 2920 3506 sibi
2972 3449 3038 3486 ¹⁶⁹
3068 3450 3140 3507 ad
3175 3449 3283 3508 hoc
3332 3449 3667 3510 Gisleberto
3702 3455 3772 3490 ¹⁷⁰

2102 3535 2469 3594 Lothariensi
2494 3536 2769 3610 duce,qui
2794 3536 3222 3611 ﬁoccipendens
3245 3539 3467 3614 regiam
3485 3530 3766 3613 majesta-

2099 3628 2240 3695 tem,
2274 3623 2436 3699 regni
2468 3622 2579 3681 sibi
2613 3631 2995 3700 usurpaverat
3025 3644 3356 3698 summam;
3390 3626 3508 3686 alia
3546 3628 3764 3688 Richa-

2099 3714 2255 3770 rium
2285 3716 2348 3751 ’7‘
2374 3714 2619 3771 Prumizs
2651 3716 3135 3786 abbatem,donec
3165 3722 3225 3775 et
3253 3734 3545 3775 consensu
3567 3717 3766 3776 Caroli

2100 3803 2254 3877 regis
2285 3804 2752 3878 expetitum.0ui
2783 3804 3053 3862 videlicet
3083 3804 3344 3875 Carolus,
3370 3805 3542 3875 facto,
3566 3809 3634 3863 ut
3665 3806 3763 3862 di-

2100 3899 2261 3950 ctum
2293 3898 2401 3963 est,
2426 3894 2758 3968 interregno
2788 3910 3034 3968 regnum
3066 3895 3439 3968 quorundam
3460 3894 3758 3969 interreg-

2102 3985 2437 4052 nantium,a
2458 3982 2710 4041 Fuleone
2727 3982 3167 4057 archiepiscopo
3188 3984 3387 4040 Remis
3408 3988 3684 4041 evocatus
3708 3990 3765 4041 et

2102 4076 2479 4130 consecratus
2510 4076 2869 4145 paterneque
2897 4088 3075 4145 regno
3107 4078 3197 4128 est
3228 4072 3763 4141 restitutus.0uam

2101 4161 2533 4218 ordinationem
2563 4160 2852 4217 novellam
2876 4160 3003 4217 suis
3035 4160 3252 4235 quippe
3283 4162 3343 4217 in
3373 4162 3646 4236 partibus
3666 4162 3766 4218 de-

2101 4250 2434 4325 dignantes,
2464 4250 2704 4323 partim,
2738 4254 2803 4306 ut
2833 4255 2923 4305 est
2953 4248 3257 4324 ingenium
3290 4250 3621 4321 hominum,
3656 4267 3761 4324 spe

2102 4340 2444 4413 acquirendi
2476 4338 2726 4414 gratiam
2759 4339 2889 4395 novi
2923 4339 3077 4413 regis
3122 4340 3233 4396 sibi
3280 4338 3757 4409 reconciliabant,

2100 4429 2315 4503 partim
2338 4428 2647 4485 obﬁrmato
2665 4426 2977 4500 supercilio
2995 4444 3099 4501 per
3126 4445 3189 4485 se
3212 4429 3336 4485 suis
3353 4428 3762 4503 principaban-

2104 4525 2217 4575 tur.
2237 4519 2319 4575 Ex
2350 4516 2568 4591 quibus
2598 4517 2961 4573 Gislebertus
2992 4535 3147 4573 unus
3179 4521 3324 4586 erat,
3345 4518 3448 4591 qui
3476 4520 3618 4576 tunc
3652 4519 3757 4576 Lo-

2029 4634 2076 4698 D
2106 4607 2464 4664 thariensem
2492 4606 2773 4662 ducatum
2805 4605 3016 4679 agebat
3042 4608 3128 4662 '7’.
3154 4608 3277 4673 Quo
3300 4606 3760 4679 jubente,immo

2107 4700 2487 4769 extorquente
2518 4694 2715 4767 potius
2745 4698 2802 4751 et
2831 4700 3097 4768 urgente,
3132 4699 3514 4753 consecratur
3540 4695 3763 4753 Hildui-

2107 4803 2221 4845 nus
2251 4784 2563 4858 episcopus
2591 4783 2666 4839 ab
2691 4783 3049 4841 Herimanno
3077 4785 3451 4858 Aggrippinae
3481 4784 3641 4844 sedis
3669 4802 3761 4843 ar-

2106 4871 2627 4948 chiprazsulemovo
2659 4877 2716 4931 et
2745 4871 3027 4931 inusitato
3049 4876 3512 4947 genere,absque
3528 4874 3686 4948 regis
3706 4879 3763 4934 et

1702 4998 1945 5058 νΑΗΙίΕ
1984 4999 2404 5060 LECTIONES.

407 5090 475 5126 ‘"
502 5091 647 5173 deest
895 5095 1219 5173 utrumque
1252 5095 1325 5150 1?
1353 5096 1404 5173 _2.
1438 5167 1447 5173 _
1487 5096 1552 5173 "ft
1568 5097 1895 5173 matronali
1925 5104 1981 5173 2_.
2059 5100 2126 5136 ¹⁶⁶
2158 5094 2587 5173 sponnarius2.
2668 5098 2733 5135 ¹⁵⁸
2763 5097 3195 5173 ﬁrmamentii.
3276 5099 3341 5133 ¹δ⁷
3371 5098 3756 5173 ἁοοοοᾳορπν,

337 5161 1060 5253 ΞοηείἳέηὛῗεέίέῖίέθηὲλ
1122 5161 1530 5253 ῗ¹ῗῗ.ρ;.οξιτίξὲ
1559 5171 1616 5253 ἓ·
1697 5161 2218 5253 ¹Ϋῗ.ειξρρ¹θνθξιιὲῖ
2258 5170 2565 5253 -¹⁶¹.οογίο
2595 5168 2967 5253 σοννςροίοὲε

1712 5242 1777 5278 ¹⁶⁶
1809 5238 1973 5300 utilis
2004 5248 2134 5301 coto
2164 5247 2219 5299 2.
2250 5242 2325 5298 De
2358 5241 2407 5296 1.
2439 5238 2552 5298 non
2580 5238 2807 5298 constat.

334 5304 363 5360 1
386 5303 415 5361 ?
440 5307 496 5387 2ἔ
558 5303 815 5387 f‘f'deest
838 5309 893 5362 2.
974 5307 1040 5341 ¹⁷⁰
1073 5310 1150 5364 ita
1179 5309 1318 5364 Ann.
1349 5308 1652 5368 Lobienses.
1686 5311 1994 5387 gillaberto
2021 5319 2077 5373 2.
2108 5316 2189 5373 sic
2216 5321 2267 5372 el
2296 5313 2476 5384 infra.

330 5235 410 5306 2.Δ
470 5234 536 5270 ¹⁶⁴
560 5231 889 5306 impolitam
924 5236 946 5289 1
972 5234 999 5289 ‘I
1025 5239 1080 5292 2.
1131 5230 1421 5294 "Wlibrts
1451 5240 1474 5293 1
1501 5239 1529 5293 7
1558 5244 1613 5295 2.

335 5376 577 5447 gerebat
606 5378 659 5433 2.

3068 5170 3136 5205 ¹⁶²
3161 5175 3359 5242 ageret
3387 5173 3441 5226 2.
3462 5241 3467 5242 ί
3527 5171 3615 5242 ν¹⁸³ί
3640 5170 3756 5226 divi

2906 5242 2969 5277 ¹⁸⁷
3000 5240 3145 5298 deest
3176 5240 3228 5307 1,
3258 5245 3313 5297 2.
3409 5241 3476 5277 ¹⁶⁸
3508 5241 3755 5299 faciente

2576 5313 2640 5349 ιτι
2671 5312 2986 5370 riccarium
3015 5328 3158 5369 corr.
3193 5312 3514 5371 ricbarium
3542 5316 3596 5372 2.
3692 5313 3757 5348 ¹⁷²

1935 5501 2169 5564 ΝΟΤᾸΞ.

403 5588 517 5661 (83)
549 5588 917 5661 Βηαάενειιθῖιο

406 5659 524 5733 (84)
561 5659 643 5720 Cf.
682 5661 828 5719 Hist.
864 5659 975 5717 litt.
1007 5661 1079 5733 v,
1115 5667 1365 5726 170-172.

2170 5601 2283 5675 (85)
2311 5598 2539 5675 Cea}.

2173 5669 2285 5745 (86)
2315 5669 2412 5731 Cf.‘
2433 5671 2743 5732 Flodoardi
2773 5672 2925 5730 Ann.
2960 5688 3014 5729 a.
3036 5669 3161 5729 920.
