3912 6358
795 400 809 429 I

290 420 408 485 563

1375 422 1742 485 FOLCUINI
1788 422 2119 484 ABBATIS
2162 422 2625 485 LAUBIENSIS

3595 421 3720 482 564

288 558 401 616 etis
432 557 744 615 defunctus
764 557 934 628 (947),
970 558 1370 626 Farabertum,
1396 558 1535 615 item
1567 558 1813 614 Prumia:
1840 559 1939 614 ab-
1972 560 2029 626 Α
2059 558 2644 632 potentiae,populum
2680 556 3016 629 imperitum
3045 553 3720 628 scandalizabant,sznpe

289 647 510 715 batem,
542 646 812 703 antistitii
846 646 937 703 sui
972 646 1210 719 reliquit
1248 647 1543 703 heredem.
1577 648 1805 703 Rursus
1836 648 1945 703 sub

290 752 380 807 eo,
393 740 459 792 ut
479 735 705 808 pridem
730 735 842 792 sub
861 735 1154 805 Riehario,
1169 736 1324 809 apud
1350 754 1455 792 nos
1476 740 1687 793 cuncta
1710 736 1950 793 fuerunt

288 823 538 893 venalia,
560 824 702 880 adeo
730 828 794 879 ut
814 823 978 881 locus
1007 824 1164 881 idem
1182 842 1217 881 a
1235 824 1511 898 parasitis
1547 827 1835 899 Argentea
1861 825 1947 881 di-

291 917 522 969 ceretur
560 911 749 968 vallis.
801 914 967 969 Tunc
1016 929 1230 970 corona
1268 912 1367 969 illa
1408 914 1621 987 regalis
1651 930 1828 971 aurea
1857 915 1947 979 ’0‘,

290 1002 577 1058 hactenus
610 1000 796 1058 artius
828 1000 1129 1075 deplorata
1148 1003 1234 1070 ³0⁷,
1251 1001 1387 1057 miri
1404 1002 1597 1074 operis
1614 1007 1671 1058 et
1691 1019 1807 1059 non
1837 1004 1946 1058 mi-

291 1090 440 1147 nimi
472 1089 769 1163 ponderis,
803 1091 1100 1147 confracta
1131 1108 1234 1164 pro
1257 1090 1506 1147 libitu203
1528 1096 1584 1147 et
1606 1091 1947 1164 dilapidata,

290 1195 537 1253 gemmae
568 1179 699 1252 ejus
726 1181 1119 1252 pessumdata:
1152 1180 1397 1237 mirifice
1429 1184 1485 1236 et
1517 1182 1588 1237 ab
1611 1180 1797 1237 oculis
1818 1183 1951 1238 sub-

291 1268 478 1324 ducite
507 1272 665 1325 sunt.
681 1270 752 1325 Et
778 1268 889 1326 hoc
911 1270 1233 1326 ducebatur
1264 1287 1369 1343 pro
1398 1269 1602 1339 nihilo,
1624 1274 1853 1326 tantum
1887 1274 1953 1324 ut

291 1357 579 1430 potiretur
599 1373 801 1415 emens
833 1358 1072 1414 annuali
1104 1358 1462 1415 ministerio:
1497 1375 1680 1432 eoque
1714 1359 1847 1431 quis
1870 1360 1951 1414 di-

292 1446 537 1503 cebatur
564 1446 841 1516 sanctior,
878 1464 991 1521 quo
1023 1448 1095 1504 ad
1128 1448 1390 1504 dandum
1422 1448 1731 1520 profusior,
1747 1464 1813 1504 eo
1845 1449 1954 1503 uti-

291 1534 712 1609 lissimus,quo
753 1536 1169 1593 veracissimus
1190 1537 1278 1592 ²⁰⁹.
1314 1538 1426 1593 Sed
1477 1537 1548 1594 de
1578 1537 1645 1572 ²¹⁰
1665 1536 1759 1593 his
1804 1535 1951 1592 nihil

295 1627 498 1680 nostra
522 1623 784 1691 interest,
816 1624 1012 1680 videat
1036 1624 1099 1660 ²¹¹
1134 1624 1236 1697 qui
1268 1625 1427 1681 fecit!

364 1715 456 1767 22.
493 1711 687 1779 Ottho,
721 1715 863 1768 tunc
911 1712 1359 1785 potentissimus
1399 1729 1498 1769 rex
1548 1713 1845 1781 australis,
1897 1717 1955 1768 et

297 1801 554 1855 subacta:
577 1798 755 1856 Italiae
772 1803 913 1857 tunc
931 1801 1339 1874 imperitabat;
1364 1804 1537 1875 cujus
1559 1803 1736 1858 frater
1756 1803 1954 1875 Brunp

295 1888 408 1994 (98)
440 1887 771 1994 unicum‘et
800 1888 1099 1991 singulare
1128 1890 1187 1946 in
1219 1890 1435 1994 Christi
1485 1890 1730 1949 ecclesia
1776 1892 1963 1959 decus
1983 1930 2031 1994 Β

296 1978 584 2046 futurum,
615 1977 777 2034 velut
817 1979 1280 2050 pretiosissimus
1328 1978 1477 2053 lapis
1527 1980 1954 2053 multiplicibus

295 2065 783 2140 philosophorum
815 2066 1070 2139 pollebat
1098 2069 1464 2141 argumentis
1495 2068 1663 2139 (952).
1696 2070 1953 2125 Advoca-

295 2161 395 2212 tur
425 2154 737 2211 Ratherius
759 2154 892 2226 (99),
926 2160 983 2211 et
1013 2156 1283 2223 habetur,
1316 2156 1468 2213 inter
1496 2156 1786 2229 palatinos
1824 2157 1951 2229 phi-

298 2243 576 2315 losophos
608 2243 856 2315 primus.
891 2244 1036 2309 Quid
1071 2244 1294 2301 multa?
1323 2246 1449 2301 Non
1495 2246 1737 2314 destitit,
1771 2247 1954 2302 donec

299 2332 522 2405 regiam
541 2330 704 2387 illam
721 2336 778 2387 et
798 2332 1109 2388 mirificam
1129 2332 1387 2389 indolem
1405 2333 1463 2388 in
1486 2334 1763 2390 omnibus
1786 2335 1957 2389 disci-

300 2419 479 2494 plinis
495 2419 1067 2493 perspicacissimam
1086 2422 1422 2478 redderetet
1438 2422 1774 2494 perfectam.
1792 2424 1954 2489 Quod

302 2526 546 2566 cernens
586 2526 791 2582 regum
839 2514 982 2566 tunc
1002 2512 1069 2545 ²¹²
1118 2510 1433 2579 maximus,
1464 2528 1599 2567 eum
1650 2528 1683 2567 a
1739 2511 1957 2569 scholis

302 2616 440 2656 cum
463 2603 626 2654 tanto
659 2598 879 2655 honore
911 2604 997 2665 ut,
1012 2617 1114 2672 per
1134 2600 1640 2666 erat,evocavit,et
1671 2601 1728 2654 in
1753 2617 1958 2673 sugge-

303 2692 463 2745 stum
493 2686 855 2744 Caloniensis
885 2687 1142 2743 ecclesiae
1182 2694 1315 2761 post
1362 2689 1709 2744 Wicfridum
1735 2691 1823 2760 “3,
1856 2691 1956 2760 qui

303 2791 492 2850 nuper
521 2775 871 2844 decesserat,
905 2777 1182 2833 omnibus
1214 2777 1682 2833 acclamantibus
1711 2782 1767 2833 et
1815 2794 1956 2851 gau-

303 2862 599 2933 dentibus,
631 2863 1021 2923 intronizavit.
1058 2864 1166 2921 Ubi
1215 2866 1507 2938 quomodo
1560 2865 1780 2936 vixerit,
1814 2884 1957 2939 quo-

302 2954 477 3011 modo
506 2953 791 3020 docuerit,
816 2951 905 3008 vel
945 2952 1089 3024 quid
1138 2953 1355 3023 fecerit,
1381 2953 1633 3026 qualiter
1670 2972 1773 3026 pro
1818 2973 1959 3027 pace

302 3041 684 3099 ecclesiarum
714 3040 815 3096 Dei
837 3058 901 3096 se
928 3040 1122 3112 ipsum
1156 3041 1526 3115 impenderit,
1552 3059 1730 3115 quam
1775 3045 1834 3099 in
1866 3061 1956 3101 ec-

302 3128 497 3187 clesiis
527 3128 647 3185 sive
676 3128 1033 3201 ampliandis
1071 3129 1190 3187 sive
1238 3132 1638 3188 restaurandis
1659 3134 1745 3201 ’1‘,
1781 3150 1958 3206 quam

305 3220 367 3275 in
416 3217 659 3290 privatis
707 3220 765 3273 et
791 3217 861 3253 ²¹⁸
910 3217 1161 3291 publicis
1209 3219 1471 3277 aedificiis
1513 3224 1954 3294 componendis,

2057 648 2251 704 dictus
2281 652 2336 703 et
2368 665 2518 720 saepe
2567 647 2853 703 dicendus
2903 647 3157 701 domnus
3197 646 3412 713 Bruno,
3447 645 3541 701 cui
3585 647 3717 717 jam

2055 737 2236 794 totius
2267 737 2430 810 regni
2464 735 2843 809 dispensandi
2877 752 3017 792 cura
3046 735 3413 802 imminebat,
3447 738 3613 790 ratus
3658 734 3717 789 id

2057 826 2212 899 quod
2245 842 2447 881 verum
2479 825 2613 890 fuit,
2643 826 2800 881 hunc
2829 826 3083 897 ejectum
3115 823 3364 879 antehac
3410 828 3468 880 et
3518 823 3718 895 negle-

2057 921 2215 970 ctum
2247 915 2355 971 hoc
2385 919 2547 970 tanto
2579 914 2860 970 beneﬁcio
2891 914 2962 969 ad
3008 911 3154 969 illud
3201 912 3335 968 ﬁdei
3363 916 3421 969 et
3450 914 3719 968 verttatis

2057 1003 2245 1058 fmdus
2278 1003 2511 1072 adduci,
2544 1008 2610 1058 ut
2640 1020 2673 1058 a
2704 1003 2936 1058 nemine
2986 1006 3185 1075 posset
3226 1001 3449 1071 seduci,
3484 1002 3569 1058 ita
3619 1003 3718 1057 de-

2059 1108 2221 1147 mum
2255 1110 2320 1147 os
2351 1092 2717 1164 loquentium
2749 1091 2991 1147 inimica
3010 1092 3078 1126 9”
3108 1091 3411 1147 obstruere
3446 1105 3506 1146 se
3546 1107 3721 1163 posse

2060 1181 2326 1247 credidit,
2347 1181 2396 1235 si
2420 1179 2582 1236 nulla
2612 1180 2841 1235 occasio
2874 1179 3132 1235 scandali
3179 1184 3378 1251 posset
3424 1179 3483 1234 in
3513 1195 3720 1234 eorum

2059 1270 2331 1342 episcopo
2354 1268 2615 1342 reperiri.
2634 1269 2745 1323 Sed
2770 1269 2840 1324 ad
2866 1268 2956 1324 sui
2977 1267 3294 1340 perniciem
3313 1285 3449 1340 pars
3476 1267 3722 1323 sinistra

2060 1356 2388 1429 praevaluit;
2422 1357 2703 1429 quicquid
2734 1373 2836 1429 pro
2869 1356 3055 1412 salute
3088 1372 3291 1413 eorum
3340 1360 3574 1429 gestum
3607 1361 3718 1425 est,

2061 1445 2170 1501 hoc
2202 1445 2312 1500 sibi
2349 1446 2692 1517 pestiferum
2734 1446 3125 1501 aestimabant.
3160 1445 3309 1511 Quid
3360 1444 3585 1501 multa?
3617 1446 3720 1501 Er-

2062 1534 2255 1586 ratum
2287 1536 2394 1599 est,
2416 1531 2683 1587 saevitum
2707 1533 2775 1567 ²²⁰
2808 1537 3039 1600 est,nec
3070 1536 3362 1588 cessatum
3393 1537 3502 1602 est,
3534 1534 3722 1589 donec

2062 1619 2402 1691 expulsionc
2433 1620 2562 1692 ejus
2593 1619 2925 1676 crudelitati
2959 1638 3078 1676 suae
3109 1625 3169 1676 et
3197 1620 3470 1693 nequitia
3493 1622 3724 1677 satisfa-

2063 1708 2503 1763 cerent.Ablata
2527 1714 2615 1765 est
2632 1708 2826 1765 omnis
2844 1724 2978 1781 spes
3008 1708 3400 1765 restitutionis
3429 1710 3721 1781 ejus(954,

2062 1796 2185 1852 Dec.
2217 1798 2329 1864 25).
2363 1796 2511 1853 Nam
2551 1814 2686 1853 cum
2732 1798 2887 1870 apud
2921 1814 3026 1854 nos
3072 1797 3435 1854 nativitatem
3484 1798 3723 1854 Domini

2063 1886 2266 1942 festive
2298 1891 2354 1941 et
2384 1887 2620 1959 opipare
2642 1886 2980 1954 celebraret,
3002 1887 3157 1943 facta
3186 1890 3275 1943 est
3308 1887 3365 1942 in
3417 1887 3630 1944 Leodio
3652 1889 3721 1923 ²²¹

2061 1978 2264 2030 contra
2284 1991 2417 2030 eum
2450 1975 2800 2047 gravissima
2829 1975 3205 2048 conspiratio,
3238 1993 3364 2048 quas
3398 1976 3511 2032 nisi
3543 1980 3600 2031 et
3625 1976 3723 2034 hic

2062 2062 2296 2136 penitus
2328 2069 2714 2131 amoveretur,
2740 2063 2876 2119 etin
2900 2065 3149 2120 eundem
3174 2064 3369 2120 locum
3392 2064 3721 2135 Baldricus,

2063 2152 2162 2224 qui
2193 2156 2316 2207 erat
2346 2152 2849 2225 deZmagnatorum
2873 2158 3034 2209 terra:
3058 2153 3217 2209 illius
3237 2155 3507 2226 prosapia
3522 2154 3723 2209 oriun-

2062 2241 2195 2308 dus,
2211 2242 2650 2313 subrogaretur,
2664 2243 2855 2298 sedari
2871 2241 2997 2298 visa
3029 2246 3119 2298 est
3134 2260 3249 2299 non
3267 2260 3458 2315 posse.
3472 2244 3557 2299 Ad
3570 2242 3722 2299 hanc

2065 2331 2357 2385 sentinam
2381 2334 2447 2365 ²²²
2467 2336 2845 2403 tempestates
2868 2332 3129 2404 undique
3161 2333 3483 2388 innumera:
3497 2333 3718 2387 conflu-

2063 2425 2302 2487 xerunt;
2327 2420 2491 2475 navis
2524 2419 2778 2475 ecclesiae
2803 2420 3102 2476 laborante
3135 2422 3352 2493 remige
3384 2420 3715 2489 fluctuavit;

2065 2508 2423 2579 gubernator
2473 2509 2598 2581 ipse
2646 2509 2982 2581 procellosze
3032 2510 3400 2582 tempestatis
3432 2509 3716 2582 impetum

2066 2598 2213 2652 ferre
2244 2614 2358 2652 non
2394 2597 2602 2670 potuit.
2637 2598 2829 2654 Ceasit
2870 2598 3079 2671 igitur;
3125 2599 3398 2655 cessitm.
3425 2616 3497 2655 ne
3536 2599 3721 2655 vince-

2068 2689 2229 2741 retur
2260 2703 2292 2741 a
2324 2686 2498 2754 malo,
2526 2687 2625 2743 sed
2657 2686 2911 2742 vinceret
2950 2688 3010 2742 in
3050 2688 3204 2742 bono
3252 2687 3512 2754 malum;
3547 2687 3722 2744 cessit

2068 2774 2507 2831 adversantium
2536 2774 2925 2841 voluntati,ut
2954 2793 3064 2831 suo
3082 2793 3180 2832 eos
3211 2775 3406 2849 gladio
3421 2777 3729 2850 jugularet

2068 2863 2202 2918 sibi.
2250 2863 2526 2920 Obstricti
2579 2869 2718 2920 sunt
2772 2869 3275 2921 sacramentorum
3326 2866 3441 2921 fide
3486 2868 3729 2938 sponta-

2069 2952 2261 3021 nei’",
2295 2956 2360 3007 ut
2390 2953 2438 3009 si
2471 2952 2731 3025 accipere
2774 2958 3140 3009 mererentur
3171 2955 3515 3028 episcopum
3548 2971 3727 3027 quem

2069 3040 2364 3111 petebant,
2420 3040 2635 3096 invicta
2693 3041 2899 3096 exinde
2965 3042 3243 3097 firmitate
3310 3043 3729 3099 auctoritatem

2068 3127 2323 3184 ecclesia;
2351 3134 2408 3184 et
2431 3130 2531 3200 jus
2560 3129 2895 3201 imperatori
2930 3132 3235 3186 tuerentur
3265 3132 3435 3201 (955).

2138 3219 2229 3273 24.
2264 3217 2653 3287 (057)Εκειοῑο
2706 3217 2886 3289 igitur
2933 3217 2993 3273 in
3042 3217 3151 3273 hac
3194 3218 3576 3276 destitutione
3621 3239 3736 3278 sua

304 3324 485 3381 quam
518 3308 577 3362 in
608 3308 951 3364 ordinandis
991 3310 1151 3364 domi
1203 3310 1564 3383 militimque,
1596 3329 1775 3384 quam
1823 3330 1956 3369 san-
1988 3297 2031 3364 C
2070 3306 2385 3363 Ratherius
2419 3306 2862 3379 fermgbiennio
2888 3308 3059 3376 (101),
3084 3307 3389 3363 deficiente
3415 3310 3486 3365 ab
3519 3326 3587 3365 eo
3623 3312 3738 3366 mi-

305 3401 410 3453 σιω
429 3397 498 3433 ²¹⁶
528 3396 628 3452 Dei
660 3395 915 3453 ecclesiae
940 3397 1114 3453 rebus
1147 3397 1431 3455 sollicitus
1471 3400 1665 3467 fuerit,
1691 3404 1823 3457 actu
1873 3406 1963 3457 est

306 3484 673 3554 admirabile,
708 3485 867 3541 dictu
896 3485 1209 3543 laudabile.

376 3575 469 3629 23.
503 3574 651 3643 (953)
683 3573 937 3646 Contigit
982 3590 1048 3631 eo
1073 3579 1334 3648 tempore
1358 3578 1737 3635 Leodiensem
1766 3578 1961 3635 cathe-

305 3663 473 3718 dram
505 3680 727 3731 vacare,
764 3664 1076 3720 Faraberto
1108 3667 1452 3732 decedente;
1486 3668 1578 3723 cui
1629 3668 1691 3722 in
1738 3667 1961 3723 emolu-

307 3754 571 3807 mentum
616 3751 828 3824 prioris
878 3753 1199 3826 magisterii
1255 3771 1469 3827 magna
1499 3758 1648 3825 (100)
1671 3757 1963 3813 Brunonis

306 3838 599 3895 industria
630 3840 943 3897 Ratherius
973 3845 1063 3897 est
1089 3841 1691 3910 incardinatus.Quod
1724 3844 1961 3915 quidem

305 3932 541 4000 propter
559 3928 1003 3984 habundantem
1025 3930 1353 3987 doctrinam
1376 3934 1433 3986 et
1455 3930 1849 4003 eloquentiam
1867 3949 1961 3987 co-

226 4044 237 4054 -
305 4015 551 4086 piosam,
569 4033 688 4088 qua
706 4017 858 4073 inter
876 4018 1348 4089 sapientissimos
1360 4020 1425 4053 ²¹⁷
1449 4019 1652 4075 florere
1666 4020 1829 4075 visus
1851 4024 1959 4087 est,

306 4120 423 4157 non
452 4103 644 4158 eidem
677 4103 872 4159 solum
884 4106 951 4139 “3
970 4105 1229 4161 ecclesiae
1247 4107 1338 4161 cui
1360 4107 1609 4178 praefuit,
1626 4108 1727 4162 sed
1745 4113 1802 4162 et
1819 4109 1965 4164 mul-

306 4188 383 4245 tis
404 4188 535 4244 aliis
550 4191 1012 4264 circumquaque
1029 4193 1193 4248 valde
1210 4195 1539 4265 proficuum
1559 4196 1678 4251 fore
1692 4202 1962 4267 putatum

305 4281 412 4335 est.
431 4277 619 4334 Simul
640 4278 781 4351 quia
802 4280 862 4335 in
886 4280 1004 4337 illis
1026 4281 1292 4354 partibus
1314 4299 1416 4354 per
1438 4282 1627 4339 zelum
1648 4289 1705 4341 et
1724 4290 1961 4341 conten-

305 4366 549 4433 tionem,
571 4366 728 4421 undc
750 4368 873 4423 ﬁeri
897 4366 1045 4423 solet
1066 4368 1461 4426 inconstantia
1502 4375 1557 4426 et
1586 4389 1758 4427 omne
1816 4390 1962 4445 opus

304 4453 821 4526 pravum,quidam
847 4456 1023 4511 etiam
1060 4457 1395 4514 sacerdotes
1429 4458 1684 4527 Domini,
1706 4460 1962 4533 plerum-

2072 3396 2225 3451 litari
2258 3398 2443 3469 cepia,
2466 3394 2693 3452 Italiam
2727 3398 3063 3464 revertitur;
3097 3414 3165 3452 ac
3193 3414 3265 3453 ne
3292 3398 3433 3470 quid
3474 3398 3534 3453 in
3568 3400 3732 3471 ejus-

2071 3486 2227 3541 modi
2267 3486 2497 3558 negotio
2529 3484 2938 3558 imperfectum
2968 3490 3231 3552 restaret,
3267 3488 3423 3558 quod
3475 3487 3732 3545 curiosis

2073 3573 2396 3630 alienarum
2418 3591 2612 3631 rerum
2640 3573 3233 3646 investigatoribus’”
3254 3576 3624 3648 (scrupulum
3639 3577 3736 3645 ἥδ)

2073 3669 2483 3729 commoveret,
2561 3680 2694 3719 cum
2766 3664 3114 3735 imperatore
3143 3664 3207 3698 ²²⁷
3271 3680 3551 3735 germano
3620 3682 3734 3722 suo

2073 3753 2386 3826 praedictus
2418 3754 2610 3809 Bruno
2642 3753 2696 3808 id
2722 3752 2911 3808 effecit
2941 3752 3112 3824 (961),
3143 3756 3208 3807 ut
3251 3753 3439 3808 eidem
3484 3753 3613 3824 jam
3636 3753 3735 3811 bis

2072 3842 2355 3897 destituto
2381 3843 2625 3914 antiqua
2655 3842 2822 3898 sedes
2843 3841 3194 3897 Veronensis
3238 3842 3494 3897 ecclesia:
3531 3843 3738 3899 redde-

2074 3936 2233 3987 retur
2261 3934 2347 3985 ”3.
2402 3931 2650 4004 Scripsit
2697 3948 2800 4003 per
2838 3930 2991 3985 idem
3039 3935 3273 4003 tempus
3304 3930 3522 3986 librum
3554 3931 3737 4001 (955),

2072 4038 2248 4092 quem
2281 4019 2595 4092 appellavit
2625 4019 2922 4076 Frenesim
2946 4021 3116 4088 (102),
3140 4036 3205 4074 eo
3237 4019 3391 4091 quod
3424 4019 3593 4092 quasi
3616 4020 3733 4076 fre-

2074 4111 2301 4165 neticus
2334 4110 2510 4165 nimis
2541 4115 2771 4165 austere
2788 4111 2855 4145 ²²⁹
2884 4114 2943 4164 et
2969 4109 3122 4164 ultra
3152 4110 3392 4165 modum
3417 4110 3475 4164 in
3502 4109 3736 4165 Baldri-

2073 4215 2207 4254 cum
2229 4201 2296 4234 *3"
2319 4199 2707 4254 inveheretur.
2744 4198 2992 4270 Scripsit
3016 4203 3073 4254 et
3102 4197 3283 4254 alium
3324 4214 3499 4271 quem
3538 4198 3737 4270 appel-

2071 4285 2213 4342 lavit
2260 4286 2744 4359 Perpendiculum
2777 4286 2948 4358 (103),
2977 4303 3199 4342 necnon
3234 4291 3292 4343 et
3323 4286 3501 4341 alium
3552 4302 3733 4358 quem

2074 4373 2386 4447 appellavit
2398 4375 2648 4431 Sirmam
2666 4380 2683 4443 (
2692 4376 2757 4428 10
2772 4376 2792 4428 ἱ
2795 4374 2906 4442 ),in
2922 4374 3109 4446 quoin
3123 4375 3372 4430 eundem
3392 4372 3731 4431 Baldricum

2073 4464 2388 4529 invehitur,
2424 4480 2792 4536 pervaserem
2817 4464 2903 4530 ³³³,
2930 4468 2996 4517 ut
3033 4463 3160 4535 ipse
3205 4464 3491 4530 nominat,
3524 4480 3729 4520 suum.

305 4541 611 4614 que,quod
635 4542 798 4599 nefas
818 4546 908 4601 est
938 4543 1377 4613 dictu,terrenw
1401 4546 1535 4619 plus
1546 4548 1712 4620 justo
1748 4550 1954 4607 conﬁsi
1989 4536 2033 4599 D
2064 4553 2165 4608 Est
2200 4557 2257 4608 et
2285 4553 2550 4621 ejusdem
2583 4551 2816 4607 libellus
2840 4552 2908 4586 '3'
2940 4556 3143 4608 contra
3184 4551 3735 4625 anthropomorphi-

1657 4690 1899 4747 VARIIE
1939 4692 2357 4749 LECTIONES.

374 4799 443 4835 ¹⁰⁶
471 4803 746 4873 argentea
776 4802 827 4857 1.
917 4803 984 4837 ³0⁷
1016 4802 1285 4859 decorata
1307 4805 1356 4859 1.
1452 4806 1517 4839 ’0⁸
1549 4804 1711 4862 libito
1742 4811 1795 4861 2.

1891 4809 1959 4844 ²⁰⁹
1990 4809 2066 4864 ita
2097 4808 2216 4863 edd.
2253 4840 2317 4849 —
2350 4826 2415 4864 eo
2450 4809 2673 4864 utimus

2737 4827 2809 4864 no
2839 4810 3252 4866 veracissimus
3286 4811 3335 4865 1.
3364 4824 3431 4865 eo
3454 4809 3735 4866 deterior-

305 4885 420 4975 quo
451 4871 711 4926 veracior
738 4874 774 4927 3
838 4874 906 4909 ²¹⁰
935 4874 1080 4931 deest
1107 4878 1161 4929 2.
1238 4876 1302 4909 ²¹¹
1338 4876 1460 4957 ipse
1490 4877 1699 4932 viderit
1727 4882 1784 4935 2.
1871 4880 1937 4914 ²¹²
1969 4896 2076 4935 suo
2106 4885 2369 4951 tempore
2399 4885 2452 4935 2.
2515 4882 2582 4915 ²¹³
2612 4871 2920 4936 wifridum
2957 4881 3027 4936 1?
3055 4886 3110 4936 2.
3177 4883 3245 4916 ²¹⁸
3267 4879 3649 4936 restituendis
3671 4886 3729 4936 2.

301 4942 324 4975 ι
349 4940 472 4975 διωι
504 4944 539 4975 ε)
655 4944 723 4975 118
753 4960 871 4975 ,νυνι
901 4948 935 4975 0
1034 4947 1099 4975 211
1134 4946 1503 4975 Αηηιεηηιηςη..
1535 4952 1569 4975 0
1690 4952 1755 4975 smn
1787 4949 1891 4975 ..Αιξ
1931 4954 1947 4975 ι
1971 4951 1999 4975 0
2027 4954 2061 4975 η
2174 4952 2242 4975 om
2274 4951 2470 4975 :_:...-_..
2509 4954 2528 4975 Α
2657 4954 2702 4975 ea
2761 4953 2853 4975 --.ι
2888 4952 3066 4975 --ξιημ
3109 4954 3128 4975 Α
3253 4952 3316 4975 ου
3348 4956 3428 4975 --ι
3462 4951 3635 4975 1--Δεε
3670 4957 3705 4975 n

349 4943 369 4975 ⁵
389 4940 476 4996 vel
504 4944 559 4995 2.
655 4944 723 4978 ²¹⁶
753 4960 871 4999 sua:
901 4948 955 5000 2.
1034 4947 1099 4979 ²¹⁷
1133 4940 1505 5002 doctissimos
1535 4952 1592 5002 2.

1690 4952 1755 4983 ²¹⁸
1786 4949 1896 5004 soli
1931 4951 1999 5005 1?
2027 4954 2083 5006 2.
2174 4949 2248 4985 3“
2274 4951 2478 5023 iniqua
2508 4954 2559 5006 1.

2657 4954 2727 5023 ²²ο
2758 4953 2859 5008 sed
2888 4952 3071 5007 vitum
3108 4954 3159 5007 1.
3253 4952 3318 4987 ²²¹
3344 4956 3434 5006 est
3462 4951 3637 5007 leodii
3670 4957 3727 5007 2.

300 5012 369 5096 ξξξ
399 5012 749 5096 sententiam
787 5016 864 5096 1:1
890 5020 945 5071 2.
964 5016 1265 5096 mmdeest
1290 5017 1368 5096 1‘?
1397 5022 1463 5096 2.
1530 5020 1951 5096 "f‘spontanea
1979 5027 2052 5096 2._
2114 5012 2765 5096 mginves‘tigationibus
2792 5026 2866 5096 1.7
2921 5025 2989 5059 ²²⁶
3019 5023 3165 5080 deest
3195 5024 3244 5078 1.
3277 5026 3332 5077 2.
3410 5024 3475 5057 ³³⁷
3516 5024 3646 5095 ipso
3672 5026 3725 5079 1.

299 5083 367 5119 ’³⁸
397 5083 804 5142 restitueretur
830 5090 885 5143 2.
964 5088 1031 5123 ²²⁹
1062 5088 1411 5160 abjiceretur
1437 5093 1491 5144 2.
1571 5091 1640 5125 ²³⁰
1663 5083 2001 5149 brunonem
2034 5094 2083 5148 1.
2163 5094 2227 5128 ³³⁸
2261 5083 2591 5151 ἱηναεῦιιοω
2621 5098 2677 5150 2.
2757 5096 2825 5130 ²³²
2855 5095 3002 5152 liber
3030 5098 3084 5150 2.

1895 5245 2129 5302 NOT/E.

372 5341 485 5414 (98)
517 5341 602 5397 Cf.
638 5342 911 5414 Ruotgeri
942 5345 1119 5399 vitam
1154 5345 1444 5400 Brunonis
1474 5364 1526 5402 c.
1558 5348 1612 5413 5,
1645 5348 1699 5400 6.

374 5412 487 5484 (99)
516 5413 623 5479 Qui
656 5412 819 5469 anno
837 5416 944 5470 948
974 5415 1189 5472 iterum
1241 5432 1276 5470 a
1322 5416 1459 5471 sede
1508 5417 1825 5473 Veronensi
1858 5437 1951 5476 ex-

303 5484 516 5553 pulsus
546 5488 689 5539 erat.
1606 5519 1611 5523 ο

371 5555 525 5633 (10.0)
548 5556 761 5633 Totum
784 5556 893 5613 hoc
912 5560 1087 5633 caput
1109 5555 1312 5633 paucis
1327 5558 1581 5629 exeeptis
1595 5575 1662 5613 ex
1682 5557 1957 5633 Ruotgeri

300 5622 436 5680 Vita
462 5626 909 5700 Brunonisicap.
940 5622 1010 5683 38
1038 5622 1351 5700 repetitum
1383 5622 1492 5684 est.

374 5700 524 5766 (101)
556 5698 673 5756 Hoc
700 5696 914 5757 falsum
946 5716 1072 5755 esse
1104 5696 1431 5769 probarunt
1466 5698 1737 5757 Ballerini
1784 5701 1955 5758 Rath.

2065 5351 2183 5478 Opi.
2198 5371 2259 5479 .12.
2281 5352 2398 5409 CVI
2422 5371 2550 5425 sqq.
2573 5353 2886 5409 Ratherius
2909 5370 3024 5409 non
3056 5358 3190 5408 ante
3216 5370 3264 5408 a.
3286 5353 3413 5418 061,
3431 5351 3723 5408 Veronam

2066 5441 2125 5479 re
2174 5442 2207 5477 ιι
2247 5466 2259 5478 .

2066 5441 2259 5479 Γυαιιι.

2138 5495 2282 5576 (19??
2316 5495 2500 5576 999m
2532 5511 2591 5576 Ως
2618 5496 2746 5576 21.7-

2138 5569 2285 5633 (103)
2321 5566 2490 5638 Liber
2520 5566 2664 5638 alias
2696 5566 3046 5638 incognitus.

2139 5640 2285 5707 (104)
2318 5636 2445 5693 Sive
2468 5637 2774 5695 Couclusio
2797 5636 3270 5706 deliberativaw.
3310 5637 3564 5709 Operap.
3593 5636 3719 5693 203.
