  <div class='ocr_page' id='page_1' title='image "/cluster/home/n/w/nwhite01/storage/ocr_20150623/136-137/uc1.31175019686917/968.png"; bbox 0 0 3912 6358; ppageno 0'>
   <div class='ocr_carea' id='block_1_1' title="bbox 159 449 274 511">
    <p class='ocr_par' dir='ltr' id='par_1_1' title="bbox 159 449 274 511">
     <span class='ocr_line' id='line_1_1' title="bbox 159 449 274 511; baseline 0 0"><span class='ocrx_word' id='word_1_1' title='bbox 159 449 274 511; x_wconf 77' lang='grc'><strong>573</strong></span> 
     </span>
    </p>
   </div>
   <div class='ocr_carea' id='block_1_2' title="bbox 1133 447 2570 515">
    <p class='ocr_par' dir='ltr' id='par_1_2' title="bbox 1133 447 2570 515">
     <span class='ocr_line' id='line_1_2' title="bbox 1133 447 2570 515; baseline 0.003 -7"><span class='ocrx_word' id='word_1_2' title='bbox 1133 448 1236 509; x_wconf 89' lang='lat' dir='ltr'>DE</span> <span class='ocrx_word' id='word_1_3' title='bbox 1282 447 1551 510; x_wconf 86' lang='lat' dir='ltr'>GESTIS</span> <span class='ocrx_word' id='word_1_4' title='bbox 1594 447 1971 510; x_wconf 80' lang='lat' dir='ltr'>ABBATUM</span> <span class='ocrx_word' id='word_1_5' title='bbox 2012 450 2570 515; x_wconf 82' lang='lat' dir='ltr'>LAUBIENSIUM.</span> 
     </span>
    </p>
   </div>
   <div class='ocr_carea' id='block_1_3' title="bbox 3448 458 3567 520">
    <p class='ocr_par' dir='ltr' id='par_1_3' title="bbox 3448 458 3567 520">
     <span class='ocr_line' id='line_1_3' title="bbox 3448 458 3567 520; baseline 0.017 -2"><span class='ocrx_word' id='word_1_6' title='bbox 3448 458 3567 520; x_wconf 67' lang='lat'>5&#39;74</span> 
     </span>
    </p>
   </div>
   <div class='ocr_carea' id='block_1_4' title="bbox 161 579 3578 662">
    <p class='ocr_par' dir='ltr' id='par_1_4' title="bbox 161 579 3578 662">
     <span class='ocr_line' id='line_1_4' title="bbox 161 579 3578 662; baseline 0.001 -20"><span class='ocrx_word' id='word_1_7' title='bbox 161 600 291 642; x_wconf 89' lang='lat' dir='ltr'>cum</span> <span class='ocrx_word' id='word_1_8' title='bbox 321 597 607 639; x_wconf 89' lang='lat' dir='ltr'>consensu</span> <span class='ocrx_word' id='word_1_9' title='bbox 643 580 891 638; x_wconf 77' lang='lat' dir='ltr'>fratrum</span> <span class='ocrx_word' id='word_1_10' title='bbox 914 579 1082 637; x_wconf 90' lang='lat' dir='ltr'>villas</span> <span class='ocrx_word' id='word_1_11' title='bbox 1130 582 1383 638; x_wconf 89' lang='lat' dir='ltr'>Stratam</span> <span class='ocrx_word' id='word_1_12' title='bbox 1436 587 1491 637; x_wconf 93' lang='lat' dir='ltr'>et</span> <span class='ocrx_word' id='word_1_13' title='bbox 1541 580 1805 638; x_wconf 87' lang='lat' dir='ltr'>Gosinia-</span> <span class='ocrx_word' id='word_1_14' title='bbox 1838 582 1892 650; x_wconf 75' lang='grc' dir='ltr'><strong>Α</strong></span> <span class='ocrx_word' id='word_1_15' title='bbox 1922 587 2196 655; x_wconf 78' lang='lat' dir='ltr'>cmptum,</span> <span class='ocrx_word' id='word_1_16' title='bbox 2231 589 2285 640; x_wconf 92' lang='lat' dir='ltr'>et</span> <span class='ocrx_word' id='word_1_17' title='bbox 2316 585 2431 641; x_wconf 92' lang='lat' dir='ltr'>Deo</span> <span class='ocrx_word' id='word_1_18' title='bbox 2477 587 2828 643; x_wconf 76' lang='lat' dir='ltr'>concedente</span> <span class='ocrx_word' id='word_1_19' title='bbox 2881 585 3026 644; x_wconf 89' lang='lat' dir='ltr'>satis</span> <span class='ocrx_word' id='word_1_20' title='bbox 3079 586 3315 661; x_wconf 85' lang='lat' dir='ltr'>elegans</span> <span class='ocrx_word' id='word_1_21' title='bbox 3364 589 3578 662; x_wconf 85' lang='lat' dir='ltr'>perfec-</span> 
     </span>
    </p>
   </div>
   <div class='ocr_carea' id='block_1_5' title="bbox 161 669 1807 742">
    <p class='ocr_par' dir='ltr' id='par_1_5' title="bbox 161 669 1807 742">
     <span class='ocr_line' id='line_1_5' title="bbox 161 669 1807 742; baseline -0.002 -14"><span class='ocrx_word' id='word_1_22' title='bbox 161 689 274 739; x_wconf 89' lang='lat' dir='ltr'>cas,</span> <span class='ocrx_word' id='word_1_23' title='bbox 307 676 363 728; x_wconf 87' lang='lat' dir='ltr'>et</span> <span class='ocrx_word' id='word_1_24' title='bbox 390 670 747 727; x_wconf 88' lang='lat' dir='ltr'>abbatiolam</span> <span class='ocrx_word' id='word_1_25' title='bbox 780 669 966 726; x_wconf 80' lang='lat' dir='ltr'>sancti</span> <span class='ocrx_word' id='word_1_26' title='bbox 999 669 1283 736; x_wconf 90' lang='lat' dir='ltr'>Ursmari,</span> <span class='ocrx_word' id='word_1_27' title='bbox 1318 675 1374 725; x_wconf 89' lang='lat' dir='ltr'>et</span> <span class='ocrx_word' id='word_1_28' title='bbox 1400 670 1577 726; x_wconf 88' lang='lat' dir='ltr'>aliam</span> <span class='ocrx_word' id='word_1_29' title='bbox 1630 688 1807 742; x_wconf 88' lang='lat' dir='ltr'>quam</span> 
     </span>
    </p>
   </div>
   <div class='ocr_carea' id='block_1_6' title="bbox 158 747 1818 830">
    <p class='ocr_par' dir='ltr' id='par_1_6' title="bbox 158 747 1818 830">
     <span class='ocr_line' id='line_1_6' title="bbox 158 747 1818 830; baseline -0.001 -16"><span class='ocrx_word' id='word_1_30' title='bbox 158 759 417 817; x_wconf 86' lang='lat' dir='ltr'>Waslare</span> <span class='ocrx_word' id='word_1_31' title='bbox 448 757 873 814; x_wconf 89' lang='lat' dir='ltr'>monasterium</span> <span class='ocrx_word' id='word_1_32' title='bbox 917 764 1147 814; x_wconf 89' lang='lat' dir='ltr'>vocant.</span> <span class='ocrx_word' id='word_1_33' title='bbox 1181 759 1293 814; x_wconf 87' lang='lat' dir='ltr'>Sed</span> <span class='ocrx_word' id='word_1_34' title='bbox 1346 758 1472 830; x_wconf 87' lang='lat' dir='ltr'>ipse</span> <span class='ocrx_word' id='word_1_35' title='bbox 1524 758 1717 814; x_wconf 86' lang='lat' dir='ltr'>locum</span> <span class='ocrx_word' id='word_1_36' title='bbox 1750 747 1818 794; x_wconf 68' lang='grc' dir='ltr'>³ν³</span> 
     </span>
    </p>
   </div>
   <div class='ocr_carea' id='block_1_7' title="bbox 162 847 1812 920">
    <p class='ocr_par' dir='ltr' id='par_1_7' title="bbox 162 847 1812 920">
     <span class='ocr_line' id='line_1_7' title="bbox 162 847 1812 920; baseline -0.001 -16"><span class='ocrx_word' id='word_1_37' title='bbox 162 854 419 905; x_wconf 89' lang='lat' dir='ltr'>nostrum</span> <span class='ocrx_word' id='word_1_38' title='bbox 452 864 685 920; x_wconf 85' lang='lat' dir='ltr'>semper</span> <span class='ocrx_word' id='word_1_39' title='bbox 712 864 1010 913; x_wconf 87' lang='lat' dir='ltr'>execrans,</span> <span class='ocrx_word' id='word_1_40' title='bbox 1046 847 1243 902; x_wconf 80' lang='lat' dir='ltr'>abbati</span> <span class='ocrx_word' id='word_1_41' title='bbox 1285 847 1534 901; x_wconf 80' lang='lat' dir='ltr'>insidias</span> <span class='ocrx_word' id='word_1_42' title='bbox 1587 849 1812 903; x_wconf 86' lang='lat' dir='ltr'>machi-</span> 
     </span>
    </p>
   </div>
   <div class='ocr_carea' id='block_1_8' title="bbox 165 935 1810 1008">
    <p class='ocr_par' dir='ltr' id='par_1_8' title="bbox 165 935 1810 1008">
     <span class='ocr_line' id='line_1_8' title="bbox 165 935 1810 1008; baseline -0.002 -15"><span class='ocrx_word' id='word_1_43' title='bbox 165 938 424 1004; x_wconf 88' lang='lat' dir='ltr'>nabatur,</span> <span class='ocrx_word' id='word_1_44' title='bbox 459 935 884 1008; x_wconf 73' lang='lat' dir='ltr'>instigantibus</span> <span class='ocrx_word' id='word_1_45' title='bbox 915 952 1051 991; x_wconf 90' lang='lat' dir='ltr'>eum</span> <span class='ocrx_word' id='word_1_46' title='bbox 1078 937 1145 969; x_wconf 70' lang='lat'>3&#39;“</span> <span class='ocrx_word' id='word_1_47' title='bbox 1168 936 1239 991; x_wconf 88' lang='lat' dir='ltr'>ad</span> <span class='ocrx_word' id='word_1_48' title='bbox 1265 935 1373 991; x_wconf 88' lang='lat' dir='ltr'>hoc</span> <span class='ocrx_word' id='word_1_49' title='bbox 1397 937 1465 970; x_wconf 61' lang='grc'><strong>³9³</strong></span> <span class='ocrx_word' id='word_1_50' title='bbox 1492 936 1810 991; x_wconf 84' lang='lat' dir='ltr'>nonnullis.</span> 
     </span>
    </p>
   </div>
   <div class='ocr_carea' id='block_1_9' title="bbox 162 1024 1813 1093">
    <p class='ocr_par' dir='ltr' id='par_1_9' title="bbox 162 1024 1813 1093">
     <span class='ocr_line' id='line_1_9' title="bbox 162 1024 1813 1093; baseline -0.001 -12"><span class='ocrx_word' id='word_1_51' title='bbox 162 1025 302 1093; x_wconf 89' lang='lat' dir='ltr'>Quid</span> <span class='ocrx_word' id='word_1_52' title='bbox 334 1024 536 1080; x_wconf 85' lang='lat' dir='ltr'>multis</span> <span class='ocrx_word' id='word_1_53' title='bbox 568 1042 761 1080; x_wconf 90' lang='lat' dir='ltr'>morer</span> <span class='ocrx_word' id='word_1_54' title='bbox 788 1025 899 1079; x_wconf 72' lang='lat'>39°?</span> <span class='ocrx_word' id='word_1_55' title='bbox 928 1025 1013 1079; x_wconf 88' lang='lat' dir='ltr'>Ad</span> <span class='ocrx_word' id='word_1_56' title='bbox 1047 1024 1154 1079; x_wconf 89' lang='lat' dir='ltr'>hoe</span> <span class='ocrx_word' id='word_1_57' title='bbox 1188 1041 1281 1079; x_wconf 90' lang='lat' dir='ltr'>res</span> <span class='ocrx_word' id='word_1_58' title='bbox 1325 1025 1501 1088; x_wconf 83' lang='lat' dir='ltr'>venit,</span> <span class='ocrx_word' id='word_1_59' title='bbox 1538 1030 1601 1079; x_wconf 89' lang='lat' dir='ltr'>ut</span> <span class='ocrx_word' id='word_1_60' title='bbox 1632 1026 1813 1080; x_wconf 82' lang='lat' dir='ltr'>abbas</span> 
     </span>
    </p>
   </div>
   <div class='ocr_carea' id='block_1_10' title="bbox 163 1112 1810 1185">
    <p class='ocr_par' dir='ltr' id='par_1_10' title="bbox 163 1112 1810 1185">
     <span class='ocr_line' id='line_1_10' title="bbox 163 1112 1810 1185; baseline -0.002 -15"><span class='ocrx_word' id='word_1_61' title='bbox 163 1114 379 1170; x_wconf 86' lang='lat' dir='ltr'>cederet</span> <span class='ocrx_word' id='word_1_62' title='bbox 416 1112 565 1177; x_wconf 92' lang='lat' dir='ltr'>loco,</span> <span class='ocrx_word' id='word_1_63' title='bbox 600 1113 793 1169; x_wconf 91' lang='lat' dir='ltr'>sciens</span> <span class='ocrx_word' id='word_1_64' title='bbox 845 1114 927 1168; x_wconf 90' lang='lat' dir='ltr'>sic</span> <span class='ocrx_word' id='word_1_65' title='bbox 978 1129 1211 1185; x_wconf 91' lang='lat' dir='ltr'>quoque</span> <span class='ocrx_word' id='word_1_66' title='bbox 1255 1113 1595 1185; x_wconf 81' lang='lat' dir='ltr'>episcopum</span> <span class='ocrx_word' id='word_1_67' title='bbox 1648 1112 1810 1167; x_wconf 88' lang='lat' dir='ltr'>velle.</span> 
     </span>
    </p>
   </div>
   <div class='ocr_carea' id='block_1_11' title="bbox 162 1201 1811 1259">
    <p class='ocr_par' dir='ltr' id='par_1_11' title="bbox 162 1201 1811 1259">
     <span class='ocr_line' id='line_1_11' title="bbox 162 1201 1811 1259; baseline -0.002 0"><span class='ocrx_word' id='word_1_68' title='bbox 162 1204 302 1259; x_wconf 80' lang='lat' dir='ltr'>Nam</span> <span class='ocrx_word' id='word_1_69' title='bbox 341 1203 411 1258; x_wconf 92' lang='lat' dir='ltr'>de</span> <span class='ocrx_word' id='word_1_70' title='bbox 459 1219 525 1257; x_wconf 92' lang='lat' dir='ltr'>eo</span> <span class='ocrx_word' id='word_1_71' title='bbox 577 1201 723 1257; x_wconf 88' lang='lat' dir='ltr'>nihil</span> <span class='ocrx_word' id='word_1_72' title='bbox 783 1208 1051 1257; x_wconf 91' lang='lat' dir='ltr'>nostrum</span> <span class='ocrx_word' id='word_1_73' title='bbox 1100 1207 1191 1257; x_wconf 90' lang='lat' dir='ltr'>est</span> <span class='ocrx_word' id='word_1_74' title='bbox 1240 1201 1400 1257; x_wconf 84' lang='lat' dir='ltr'>aliud</span> <span class='ocrx_word' id='word_1_75' title='bbox 1452 1202 1664 1257; x_wconf 89' lang='lat' dir='ltr'>dicere.</span> <span class='ocrx_word' id='word_1_76' title='bbox 1702 1202 1811 1256; x_wconf 72' lang='lat' dir='ltr'>Ita-</span> 
     </span>
    </p>
   </div>
   <div class='ocr_carea' id='block_1_12' title="bbox 163 1289 1808 1363">
    <p class='ocr_par' dir='ltr' id='par_1_12' title="bbox 163 1289 1808 1363">
     <span class='ocr_line' id='line_1_12' title="bbox 163 1289 1808 1363; baseline -0.002 -16"><span class='ocrx_word' id='word_1_77' title='bbox 163 1291 397 1358; x_wconf 88' lang='lat' dir='ltr'>therius,</span> <span class='ocrx_word' id='word_1_78' title='bbox 452 1294 517 1346; x_wconf 90' lang='lat' dir='ltr'>ut</span> <span class='ocrx_word' id='word_1_79' title='bbox 562 1291 898 1347; x_wconf 85' lang='lat' dir='ltr'>ostenderet</span> <span class='ocrx_word' id='word_1_80' title='bbox 949 1290 1162 1363; x_wconf 87' lang='lat' dir='ltr'>prioris</span> <span class='ocrx_word' id='word_1_81' title='bbox 1206 1289 1527 1346; x_wconf 65' lang='lat' dir='ltr'>inimicitiae</span> <span class='ocrx_word' id='word_1_82' title='bbox 1578 1307 1808 1357; x_wconf 85' lang='lat' dir='ltr'>causas,</span> 
     </span>
    </p>
   </div>
   <div class='ocr_carea' id='block_1_13' title="bbox 162 1379 1809 1447">
    <p class='ocr_par' dir='ltr' id='par_1_13' title="bbox 162 1379 1809 1447">
     <span class='ocr_line' id='line_1_13' title="bbox 162 1379 1809 1447; baseline -0.002 -11"><span class='ocrx_word' id='word_1_83' title='bbox 162 1379 348 1436; x_wconf 92' lang='lat' dir='ltr'>locum</span> <span class='ocrx_word' id='word_1_84' title='bbox 392 1380 643 1447; x_wconf 85' lang='lat' dir='ltr'>invadit,</span> <span class='ocrx_word' id='word_1_85' title='bbox 668 1384 726 1436; x_wconf 92' lang='lat' dir='ltr'>et</span> <span class='ocrx_word' id='word_1_86' title='bbox 774 1386 1045 1435; x_wconf 86' lang='lat' dir='ltr'>metuens</span> <span class='ocrx_word' id='word_1_87' title='bbox 1096 1379 1326 1435; x_wconf 80' lang='lat' dir='ltr'>abbatis</span> <span class='ocrx_word' id='word_1_88' title='bbox 1376 1379 1809 1435; x_wconf 83' lang='lat' dir='ltr'>animositatem</span> 
     </span>
    </p>
   </div>
   <div class='ocr_carea' id='block_1_14' title="bbox 166 1468 1807 1542">
    <p class='ocr_par' dir='ltr' id='par_1_14' title="bbox 166 1468 1807 1542">
     <span class='ocr_line' id='line_1_14' title="bbox 166 1468 1807 1542; baseline -0.003 -15"><span class='ocrx_word' id='word_1_89' title='bbox 166 1468 450 1542; x_wconf 81' lang='lat' dir='ltr'>simulque</span> <span class='ocrx_word' id='word_1_90' title='bbox 480 1468 889 1542; x_wconf 84' lang='lat' dir='ltr'>cognationem</span> <span class='ocrx_word' id='word_1_91' title='bbox 923 1470 1073 1541; x_wconf 88' lang='lat' dir='ltr'>ejus,</span> <span class='ocrx_word' id='word_1_92' title='bbox 1108 1486 1235 1540; x_wconf 66' lang='lat' dir='ltr'>qua:</span> <span class='ocrx_word' id='word_1_93' title='bbox 1272 1486 1386 1523; x_wconf 90' lang='lat' dir='ltr'>non</span> <span class='ocrx_word' id='word_1_94' title='bbox 1420 1473 1542 1524; x_wconf 90' lang='lat' dir='ltr'>erat</span> <span class='ocrx_word' id='word_1_95' title='bbox 1582 1469 1807 1534; x_wconf 83' lang='lat' dir='ltr'>inﬁma,</span> 
     </span>
    </p>
   </div>
   <div class='ocr_carea' id='block_1_15' title="bbox 166 1556 1811 1630">
    <p class='ocr_par' dir='ltr' id='par_1_15' title="bbox 166 1556 1811 1630">
     <span class='ocr_line' id='line_1_15' title="bbox 166 1556 1811 1630; baseline -0.001 -17"><span class='ocrx_word' id='word_1_96' title='bbox 166 1557 479 1613; x_wconf 87' lang='lat' dir='ltr'>claustrum</span> <span class='ocrx_word' id='word_1_97' title='bbox 513 1556 572 1612; x_wconf 92' lang='lat' dir='ltr'>in</span> <span class='ocrx_word' id='word_1_98' title='bbox 623 1558 868 1613; x_wconf 87' lang='lat' dir='ltr'>modum</span> <span class='ocrx_word' id='word_1_99' title='bbox 918 1557 1143 1613; x_wconf 90' lang='lat' dir='ltr'>castelli</span> <span class='ocrx_word' id='word_1_100' title='bbox 1193 1558 1395 1630; x_wconf 88' lang='lat' dir='ltr'>cingit,</span> <span class='ocrx_word' id='word_1_101' title='bbox 1430 1558 1501 1613; x_wconf 92' lang='lat' dir='ltr'>de</span> <span class='ocrx_word' id='word_1_102' title='bbox 1530 1573 1811 1613; x_wconf 90' lang='lat' dir='ltr'>mammo-</span> 
     </span>
    </p>
   </div>
   <div class='ocr_carea' id='block_1_16' title="bbox 165 1644 1808 1719">
    <p class='ocr_par' dir='ltr' id='par_1_16' title="bbox 165 1644 1808 1719">
     <span class='ocr_line' id='line_1_16' title="bbox 165 1644 1808 1719; baseline -0.001 -17"><span class='ocrx_word' id='word_1_103' title='bbox 165 1663 234 1702; x_wconf 87' lang='lat' dir='ltr'>na</span> <span class='ocrx_word' id='word_1_104' title='bbox 262 1645 389 1715; x_wconf 86' lang='lat' dir='ltr'>sibi,</span> <span class='ocrx_word' id='word_1_105' title='bbox 421 1650 488 1703; x_wconf 92' lang='lat' dir='ltr'>ut</span> <span class='ocrx_word' id='word_1_106' title='bbox 519 1644 773 1714; x_wconf 86' lang='lat' dir='ltr'>dicebat,</span> <span class='ocrx_word' id='word_1_107' title='bbox 808 1647 1041 1702; x_wconf 89' lang='lat' dir='ltr'>residuo</span> <span class='ocrx_word' id='word_1_108' title='bbox 1075 1647 1445 1719; x_wconf 90' lang='lat' dir='ltr'>quorundam</span> <span class='ocrx_word' id='word_1_109' title='bbox 1476 1646 1808 1719; x_wconf 86' lang='lat' dir='ltr'>principum</span> 
     </span>
    </p>
   </div>
   <div class='ocr_carea' id='block_1_17' title="bbox 164 1734 1809 1808">
    <p class='ocr_par' dir='ltr' id='par_1_17' title="bbox 164 1734 1809 1808">
     <span class='ocr_line' id='line_1_17' title="bbox 164 1734 1809 1808; baseline -0.001 -18"><span class='ocrx_word' id='word_1_110' title='bbox 164 1735 232 1791; x_wconf 88' lang='lat' dir='ltr'>ad</span> <span class='ocrx_word' id='word_1_111' title='bbox 276 1734 384 1790; x_wconf 88' lang='lat' dir='ltr'>hoc</span> <span class='ocrx_word' id='word_1_112' title='bbox 431 1738 629 1807; x_wconf 89' lang='lat' dir='ltr'>empto</span> <span class='ocrx_word' id='word_1_113' title='bbox 683 1735 1014 1806; x_wconf 86' lang='lat' dir='ltr'>adjutorio;</span> <span class='ocrx_word' id='word_1_114' title='bbox 1048 1734 1296 1790; x_wconf 87' lang='lat' dir='ltr'>ecclesia</span> <span class='ocrx_word' id='word_1_115' title='bbox 1344 1752 1575 1808; x_wconf 87' lang='lat' dir='ltr'>quoque</span> <span class='ocrx_word' id='word_1_116' title='bbox 1622 1734 1809 1790; x_wconf 73' lang='lat' dir='ltr'>sancti</span> 
     </span>
    </p>
   </div>
   <div class='ocr_carea' id='block_1_18' title="bbox 164 1822 1807 1896">
    <p class='ocr_par' dir='ltr' id='par_1_18' title="bbox 164 1822 1807 1896">
     <span class='ocr_line' id='line_1_18' title="bbox 164 1822 1807 1896; baseline -0.001 -18"><span class='ocrx_word' id='word_1_117' title='bbox 164 1822 417 1890; x_wconf 90' lang='lat' dir='ltr'>Dionisii,</span> <span class='ocrx_word' id='word_1_118' title='bbox 448 1840 629 1896; x_wconf 89' lang='lat' dir='ltr'>quam</span> <span class='ocrx_word' id='word_1_119' title='bbox 664 1827 884 1879; x_wconf 90' lang='lat' dir='ltr'>emerat</span> <span class='ocrx_word' id='word_1_120' title='bbox 915 1841 948 1878; x_wconf 89' lang='lat' dir='ltr'>a</span> <span class='ocrx_word' id='word_1_121' title='bbox 979 1823 1190 1879; x_wconf 88' lang='lat' dir='ltr'>comite</span> <span class='ocrx_word' id='word_1_122' title='bbox 1222 1824 1472 1879; x_wconf 84' lang='lat' dir='ltr'>Roberto</span> <span class='ocrx_word' id='word_1_123' title='bbox 1504 1824 1707 1896; x_wconf 81' lang='lat' dir='ltr'>viginti</span> <span class='ocrx_word' id='word_1_124' title='bbox 1740 1822 1807 1878; x_wconf 87' lang='lat' dir='ltr'>li-</span> 
     </span>
    </p>
   </div>
   <div class='ocr_carea' id='block_1_19' title="bbox 162 1910 1806 1985">
    <p class='ocr_par' dir='ltr' id='par_1_19' title="bbox 162 1910 1806 1985">
     <span class='ocr_line' id='line_1_19' title="bbox 162 1910 1806 1985; baseline 0 -18"><span class='ocrx_word' id='word_1_125' title='bbox 162 1912 392 1968; x_wconf 88' lang='lat' dir='ltr'>brarum</span> <span class='ocrx_word' id='word_1_126' title='bbox 422 1916 620 1968; x_wconf 80' lang='lat' dir='ltr'>taxato</span> <span class='ocrx_word' id='word_1_127' title='bbox 654 1912 867 1985; x_wconf 90' lang='lat' dir='ltr'>precio,</span> <span class='ocrx_word' id='word_1_128' title='bbox 901 1912 1081 1984; x_wconf 83' lang='lat' dir='ltr'>hujus</span> <span class='ocrx_word' id='word_1_129' title='bbox 1122 1910 1204 1967; x_wconf 87' lang='lat' dir='ltr'>rei</span> <span class='ocrx_word' id='word_1_130' title='bbox 1255 1929 1434 1967; x_wconf 91' lang='lat' dir='ltr'>causa</span> <span class='ocrx_word' id='word_1_131' title='bbox 1479 1916 1683 1984; x_wconf 90' lang='lat' dir='ltr'>sponte</span> <span class='ocrx_word' id='word_1_132' title='bbox 1714 1929 1806 1967; x_wconf 90' lang='lat' dir='ltr'>ca-</span> 
     </span>
    </p>
   </div>
   <div class='ocr_carea' id='block_1_20' title="bbox 164 1999 1801 2074">
    <p class='ocr_par' dir='ltr' id='par_1_20' title="bbox 164 1999 1801 2074">
     <span class='ocr_line' id='line_1_20' title="bbox 164 1999 1801 2074; baseline -0.001 -18"><span class='ocrx_word' id='word_1_133' title='bbox 164 2001 291 2056; x_wconf 87' lang='lat' dir='ltr'>ruit.</span> <span class='ocrx_word' id='word_1_134' title='bbox 339 2001 456 2057; x_wconf 84' lang='lat' dir='ltr'>Nec</span> <span class='ocrx_word' id='word_1_135' title='bbox 507 1999 675 2074; x_wconf 91' lang='lat' dir='ltr'>quid,</span> <span class='ocrx_word' id='word_1_136' title='bbox 727 2004 1041 2073; x_wconf 88' lang='lat' dir='ltr'>quantum,</span> <span class='ocrx_word' id='word_1_137' title='bbox 1094 2001 1257 2057; x_wconf 87' lang='lat' dir='ltr'>cuive</span> <span class='ocrx_word' id='word_1_138' title='bbox 1307 2002 1379 2057; x_wconf 92' lang='lat' dir='ltr'>ob</span> <span class='ocrx_word' id='word_1_139' title='bbox 1411 2003 1476 2036; x_wconf 68' lang='lat'>397</span> <span class='ocrx_word' id='word_1_140' title='bbox 1510 2001 1567 2055; x_wconf 91' lang='lat' dir='ltr'>id</span> <span class='ocrx_word' id='word_1_141' title='bbox 1616 2001 1801 2069; x_wconf 90' lang='lat' dir='ltr'>daret,</span> 
     </span>
    </p>
   </div>
   <div class='ocr_carea' id='block_1_21' title="bbox 163 2087 1808 2163">
    <p class='ocr_par' dir='ltr' id='par_1_21' title="bbox 163 2087 1808 2163">
     <span class='ocr_line' id='line_1_21' title="bbox 163 2087 1808 2163; baseline 0 -19"><span class='ocrx_word' id='word_1_142' title='bbox 163 2088 470 2163; x_wconf 88' lang='lat' dir='ltr'>quicquam</span> <span class='ocrx_word' id='word_1_143' title='bbox 525 2087 692 2161; x_wconf 89' lang='lat' dir='ltr'>pensi</span> <span class='ocrx_word' id='word_1_144' title='bbox 741 2088 969 2144; x_wconf 86' lang='lat' dir='ltr'>habuit.</span> <span class='ocrx_word' id='word_1_145' title='bbox 1021 2089 1171 2155; x_wconf 89' lang='lat' dir='ltr'>Quid</span> <span class='ocrx_word' id='word_1_146' title='bbox 1222 2088 1429 2161; x_wconf 88' lang='lat' dir='ltr'>plura?</span> <span class='ocrx_word' id='word_1_147' title='bbox 1458 2090 1662 2145; x_wconf 82' lang='lat' dir='ltr'>Annus</span> <span class='ocrx_word' id='word_1_148' title='bbox 1712 2088 1808 2144; x_wconf 91' lang='lat' dir='ltr'>ille</span> 
     </span>
    </p>
   </div>
   <div class='ocr_carea' id='block_1_22' title="bbox 162 2176 1809 2255">
    <p class='ocr_par' dir='ltr' id='par_1_22' title="bbox 162 2176 1809 2255">
     <span class='ocr_line' id='line_1_22' title="bbox 162 2176 1809 2255; baseline -0.001 -22"><span class='ocrx_word' id='word_1_149' title='bbox 162 2176 240 2233; x_wconf 88' lang='lat' dir='ltr'>sic</span> <span class='ocrx_word' id='word_1_150' title='bbox 268 2177 482 2234; x_wconf 89' lang='lat' dir='ltr'>ductus</span> <span class='ocrx_word' id='word_1_151' title='bbox 517 2180 625 2243; x_wconf 88' lang='lat' dir='ltr'>est,</span> <span class='ocrx_word' id='word_1_152' title='bbox 652 2177 834 2255; x_wconf 77' lang='lat' dir='ltr'>donec</span> <span class='ocrx_word' id='word_1_153' title='bbox 856 2178 922 2211; x_wconf 71' lang='grc'>³³⁸</span> <span class='ocrx_word' id='word_1_154' title='bbox 944 2177 1255 2232; x_wconf 89' lang='lat' dir='ltr'>defunctus</span> <span class='ocrx_word' id='word_1_155' title='bbox 1280 2181 1367 2233; x_wconf 89' lang='lat' dir='ltr'>est</span> <span class='ocrx_word' id='word_1_156' title='bbox 1391 2177 1673 2233; x_wconf 83' lang='lat' dir='ltr'>Evracrus</span> <span class='ocrx_word' id='word_1_157' title='bbox 1695 2176 1809 2249; x_wconf 87' lang='lat' dir='ltr'>epi-</span> 
     </span>
    </p>
   </div>
   <div class='ocr_carea' id='block_1_23' title="bbox 162 2264 1807 2337">
    <p class='ocr_par' dir='ltr' id='par_1_23' title="bbox 162 2264 1807 2337">
     <span class='ocr_line' id='line_1_23' title="bbox 162 2264 1807 2337; baseline 0 -17"><span class='ocrx_word' id='word_1_158' title='bbox 162 2281 361 2337; x_wconf 86' lang='lat' dir='ltr'>scopus</span> <span class='ocrx_word' id='word_1_159' title='bbox 393 2270 449 2323; x_wconf 86' lang='lat' dir='ltr'>et</span> <span class='ocrx_word' id='word_1_160' title='bbox 483 2264 545 2320; x_wconf 91' lang='lat' dir='ltr'>iu</span> <span class='ocrx_word' id='word_1_161' title='bbox 572 2265 699 2321; x_wconf 91' lang='lat' dir='ltr'>loco</span> <span class='ocrx_word' id='word_1_162' title='bbox 720 2267 788 2300; x_wconf 71' lang='lat'>3‘”</span> <span class='ocrx_word' id='word_1_163' title='bbox 809 2266 937 2336; x_wconf 88' lang='lat' dir='ltr'>ejus</span> <span class='ocrx_word' id='word_1_164' title='bbox 959 2265 1290 2337; x_wconf 86' lang='lat' dir='ltr'>Nothgerus</span> <span class='ocrx_word' id='word_1_165' title='bbox 1313 2266 1807 2337; x_wconf 88' lang='lat' dir='ltr'>successit.Cujus</span> 
     </span>
    </p>
   </div>
   <div class='ocr_carea' id='block_1_24' title="bbox 163 2352 1808 2428">
    <p class='ocr_par' dir='ltr' id='par_1_24' title="bbox 163 2352 1808 2428">
     <span class='ocr_line' id='line_1_24' title="bbox 163 2352 1808 2428; baseline 0 -18"><span class='ocrx_word' id='word_1_166' title='bbox 163 2355 297 2426; x_wconf 83' lang='grc'>(125)</span> <span class='ocrx_word' id='word_1_167' title='bbox 329 2352 516 2411; x_wconf 88' lang='lat' dir='ltr'>animi</span> <span class='ocrx_word' id='word_1_168' title='bbox 549 2355 713 2411; x_wconf 87' lang='lat' dir='ltr'>dotes</span> <span class='ocrx_word' id='word_1_169' title='bbox 745 2358 799 2410; x_wconf 92' lang='lat' dir='ltr'>et</span> <span class='ocrx_word' id='word_1_170' title='bbox 828 2356 1112 2410; x_wconf 90' lang='lat' dir='ltr'>virtutum</span> <span class='ocrx_word' id='word_1_171' title='bbox 1156 2370 1453 2410; x_wconf 87' lang='lat' dir='ltr'>summam</span> <span class='ocrx_word' id='word_1_172' title='bbox 1487 2355 1534 2409; x_wconf 90' lang='lat' dir='ltr'>si</span> <span class='ocrx_word' id='word_1_173' title='bbox 1568 2370 1808 2428; x_wconf 81' lang='lat' dir='ltr'>pergam</span> 
     </span>
    </p>
   </div>
   <div class='ocr_carea' id='block_1_25' title="bbox 163 2442 1808 2517">
    <p class='ocr_par' dir='ltr' id='par_1_25' title="bbox 163 2442 1808 2517">
     <span class='ocr_line' id='line_1_25' title="bbox 163 2442 1808 2517; baseline 0 -19"><span class='ocrx_word' id='word_1_174' title='bbox 163 2442 361 2511; x_wconf 88' lang='lat' dir='ltr'>dicere,</span> <span class='ocrx_word' id='word_1_175' title='bbox 397 2442 684 2517; x_wconf 89' lang='lat' dir='ltr'>quoniam</span> <span class='ocrx_word' id='word_1_176' title='bbox 715 2443 905 2500; x_wconf 87' lang='lat' dir='ltr'>adhuc</span> <span class='ocrx_word' id='word_1_177' title='bbox 946 2449 1215 2517; x_wconf 86' lang='lat' dir='ltr'>superest</span> <span class='ocrx_word' id='word_1_178' title='bbox 1263 2444 1432 2511; x_wconf 86' lang='lat'>(126),</span> <span class='ocrx_word' id='word_1_179' title='bbox 1470 2442 1694 2499; x_wconf 83' lang='lat' dir='ltr'>adulari</span> <span class='ocrx_word' id='word_1_180' title='bbox 1726 2442 1808 2498; x_wconf 89' lang='lat' dir='ltr'>vi-</span> 
     </span>
    </p>
   </div>
   <div class='ocr_carea' id='block_1_26' title="bbox 167 2531 1811 2605">
    <p class='ocr_par' dir='ltr' id='par_1_26' title="bbox 167 2531 1811 2605">
     <span class='ocr_line' id='line_1_26' title="bbox 167 2531 1811 2605; baseline 0.001 -20"><span class='ocrx_word' id='word_1_181' title='bbox 167 2531 353 2587; x_wconf 90' lang='lat' dir='ltr'>debor.</span> <span class='ocrx_word' id='word_1_182' title='bbox 390 2531 589 2588; x_wconf 89' lang='lat' dir='ltr'>Unum</span> <span class='ocrx_word' id='word_1_183' title='bbox 642 2549 746 2605; x_wconf 89' lang='lat' dir='ltr'>pro</span> <span class='ocrx_word' id='word_1_184' title='bbox 796 2536 953 2588; x_wconf 90' lang='lat' dir='ltr'>certo</span> <span class='ocrx_word' id='word_1_185' title='bbox 1004 2532 1319 2588; x_wconf 89' lang='lat' dir='ltr'>dicendum</span> <span class='ocrx_word' id='word_1_186' title='bbox 1377 2537 1483 2595; x_wconf 83' lang='lat' dir='ltr'>est,</span> <span class='ocrx_word' id='word_1_187' title='bbox 1521 2532 1672 2604; x_wconf 89' lang='lat' dir='ltr'>quod</span> <span class='ocrx_word' id='word_1_188' title='bbox 1722 2532 1811 2586; x_wconf 87' lang='lat' dir='ltr'>vir</span> 
     </span>
    </p>
   </div>
   <div class='ocr_carea' id='block_1_27' title="bbox 162 2619 1812 2694">
    <p class='ocr_par' dir='ltr' id='par_1_27' title="bbox 162 2619 1812 2694">
     <span class='ocr_line' id='line_1_27' title="bbox 162 2619 1812 2694; baseline 0.001 -20"><span class='ocrx_word' id='word_1_189' title='bbox 162 2619 249 2688; x_wconf 92' lang='lat' dir='ltr'>sit,</span> <span class='ocrx_word' id='word_1_190' title='bbox 280 2621 337 2675; x_wconf 92' lang='lat' dir='ltr'>in</span> <span class='ocrx_word' id='word_1_191' title='bbox 358 2637 542 2693; x_wconf 86' lang='lat' dir='ltr'>quem</span> <span class='ocrx_word' id='word_1_192' title='bbox 575 2621 820 2694; x_wconf 88' lang='lat' dir='ltr'>spiritus</span> <span class='ocrx_word' id='word_1_193' title='bbox 851 2620 952 2676; x_wconf 91' lang='lat' dir='ltr'>Dei</span> <span class='ocrx_word' id='word_1_194' title='bbox 985 2622 1205 2676; x_wconf 92' lang='lat' dir='ltr'>donum</span> <span class='ocrx_word' id='word_1_195' title='bbox 1236 2619 1533 2693; x_wconf 85' lang='lat' dir='ltr'>singulare</span> <span class='ocrx_word' id='word_1_196' title='bbox 1563 2619 1812 2675; x_wconf 90' lang='lat' dir='ltr'>contulit</span> 
     </span>
    </p>
   </div>
   <div class='ocr_carea' id='block_1_28' title="bbox 163 2708 1809 2783">
    <p class='ocr_par' dir='ltr' id='par_1_28' title="bbox 163 2708 1809 2783">
     <span class='ocr_line' id='line_1_28' title="bbox 163 2708 1809 2783; baseline 0.001 -20"><span class='ocrx_word' id='word_1_197' title='bbox 163 2709 409 2766; x_wconf 84' lang='lat' dir='ltr'>veritatis</span> <span class='ocrx_word' id='word_1_198' title='bbox 436 2714 503 2766; x_wconf 85' lang='lat' dir='ltr'>et</span> <span class='ocrx_word' id='word_1_199' title='bbox 542 2709 698 2764; x_wconf 80' lang='lat' dir='ltr'>fidei.</span> <span class='ocrx_word' id='word_1_200' title='bbox 732 2709 837 2776; x_wconf 90' lang='lat' dir='ltr'>Qui</span> <span class='ocrx_word' id='word_1_201' title='bbox 885 2709 1088 2765; x_wconf 87' lang='lat' dir='ltr'>nolens</span> <span class='ocrx_word' id='word_1_202' title='bbox 1139 2710 1460 2783; x_wconf 88' lang='lat' dir='ltr'>primordia</span> <span class='ocrx_word' id='word_1_203' title='bbox 1508 2726 1617 2764; x_wconf 89' lang='lat' dir='ltr'>sua</span> <span class='ocrx_word' id='word_1_204' title='bbox 1664 2708 1809 2764; x_wconf 86' lang='lat' dir='ltr'>levia</span> 
     </span>
    </p>
   </div>
   <div class='ocr_carea' id='block_1_29' title="bbox 166 2797 1807 2871">
    <p class='ocr_par' dir='ltr' id='par_1_29' title="bbox 166 2797 1807 2871">
     <span class='ocr_line' id='line_1_29' title="bbox 166 2797 1807 2871; baseline 0.001 -17"><span class='ocrx_word' id='word_1_205' title='bbox 166 2801 259 2854; x_wconf 80' lang='lat' dir='ltr'>aut</span> <span class='ocrx_word' id='word_1_206' title='bbox 284 2798 655 2871; x_wconf 69' lang='lat' dir='ltr'>prmeipitata</span> <span class='ocrx_word' id='word_1_207' title='bbox 682 2797 905 2866; x_wconf 89' lang='lat' dir='ltr'>haberi,</span> <span class='ocrx_word' id='word_1_208' title='bbox 938 2798 1191 2854; x_wconf 81' lang='lat' dir='ltr'>evocatis</span> <span class='ocrx_word' id='word_1_209' title='bbox 1222 2798 1558 2869; x_wconf 84' lang='lat' dir='ltr'>abbatibus,</span> <span class='ocrx_word' id='word_1_210' title='bbox 1578 2797 1807 2855; x_wconf 88' lang='lat' dir='ltr'>Werin-</span> 
     </span>
    </p>
   </div>
   <div class='ocr_carea' id='block_1_30' title="bbox 164 2884 1807 2943">
    <p class='ocr_par' dir='ltr' id='par_1_30' title="bbox 164 2884 1807 2943">
     <span class='ocr_line' id='line_1_30' title="bbox 164 2884 1807 2943; baseline 0.001 -3"><span class='ocrx_word' id='word_1_211' title='bbox 164 2885 313 2943; x_wconf 78' lang='lat' dir='ltr'>fredo</span> <span class='ocrx_word' id='word_1_212' title='bbox 338 2884 618 2943; x_wconf 86' lang='lat' dir='ltr'>videlicet</span> <span class='ocrx_word' id='word_1_213' title='bbox 652 2903 685 2941; x_wconf 89' lang='lat' dir='ltr'>a</span> <span class='ocrx_word' id='word_1_214' title='bbox 713 2886 1031 2943; x_wconf 90' lang='lat' dir='ltr'>Stabulaus</span> <span class='ocrx_word' id='word_1_215' title='bbox 1058 2890 1111 2942; x_wconf 89' lang='lat' dir='ltr'>et</span> <span class='ocrx_word' id='word_1_216' title='bbox 1144 2886 1443 2943; x_wconf 87' lang='lat' dir='ltr'>Heriberto</span> <span class='ocrx_word' id='word_1_217' title='bbox 1494 2887 1567 2942; x_wconf 92' lang='lat' dir='ltr'>ab</span> <span class='ocrx_word' id='word_1_218' title='bbox 1617 2887 1807 2942; x_wconf 86' lang='lat' dir='ltr'>Anda-</span> 
     </span>
    </p>
   </div>
   <div class='ocr_carea' id='block_1_31' title="bbox 162 2973 1811 3049">
    <p class='ocr_par' dir='ltr' id='par_1_31' title="bbox 162 2973 1811 3049">
     <span class='ocr_line' id='line_1_31' title="bbox 162 2973 1811 3049; baseline 0 -19"><span class='ocrx_word' id='word_1_219' title='bbox 162 2973 307 3046; x_wconf 80' lang='lat' dir='ltr'>gino,</span> <span class='ocrx_word' id='word_1_220' title='bbox 341 2992 478 3032; x_wconf 90' lang='lat' dir='ltr'>cum</span> <span class='ocrx_word' id='word_1_221' title='bbox 512 2973 814 3049; x_wconf 88' lang='lat' dir='ltr'>aliquibus</span> <span class='ocrx_word' id='word_1_222' title='bbox 836 2975 1138 3044; x_wconf 89' lang='lat' dir='ltr'>fratribus,</span> <span class='ocrx_word' id='word_1_223' title='bbox 1151 2976 1408 3047; x_wconf 88' lang='lat' dir='ltr'>primum</span> <span class='ocrx_word' id='word_1_224' title='bbox 1435 2975 1811 3048; x_wconf 89' lang='lat' dir='ltr'>conspiratio-</span> 
     </span>
    </p>
   </div>
   <div class='ocr_carea' id='block_1_32' title="bbox 162 3061 1806 3137">
    <p class='ocr_par' dir='ltr' id='par_1_32' title="bbox 162 3061 1806 3137">
     <span class='ocr_line' id='line_1_32' title="bbox 162 3061 1806 3137; baseline 0.001 -19"><span class='ocrx_word' id='word_1_225' title='bbox 162 3061 246 3119; x_wconf 88' lang='lat' dir='ltr'>nis</span> <span class='ocrx_word' id='word_1_226' title='bbox 290 3064 532 3121; x_wconf 83' lang='lat' dir='ltr'>exordia</span> <span class='ocrx_word' id='word_1_227' title='bbox 581 3062 809 3137; x_wconf 62' lang='lat' dir='ltr'>quaerit,</span> <span class='ocrx_word' id='word_1_228' title='bbox 859 3063 1094 3120; x_wconf 89' lang='lat' dir='ltr'>inventa</span> <span class='ocrx_word' id='word_1_229' title='bbox 1149 3063 1399 3119; x_wconf 88' lang='lat' dir='ltr'>trutinat</span> <span class='ocrx_word' id='word_1_230' title='bbox 1446 3067 1503 3119; x_wconf 91' lang='lat' dir='ltr'>et</span> <span class='ocrx_word' id='word_1_231' title='bbox 1546 3064 1806 3133; x_wconf 89' lang='lat' dir='ltr'>discutit,</span> 
     </span>
    </p>
   </div>
   <div class='ocr_carea' id='block_1_33' title="bbox 163 3150 1806 3225">
    <p class='ocr_par' dir='ltr' id='par_1_33' title="bbox 163 3150 1806 3225">
     <span class='ocr_line' id='line_1_33' title="bbox 163 3150 1806 3225; baseline 0.002 -20"><span class='ocrx_word' id='word_1_232' title='bbox 163 3150 420 3210; x_wconf 86' lang='lat' dir='ltr'>discussa</span> <span class='ocrx_word' id='word_1_233' title='bbox 449 3154 695 3210; x_wconf 89' lang='lat' dir='ltr'>demum</span> <span class='ocrx_word' id='word_1_234' title='bbox 720 3152 948 3225; x_wconf 91' lang='lat' dir='ltr'>judicio</span> <span class='ocrx_word' id='word_1_235' title='bbox 981 3153 1186 3208; x_wconf 91' lang='lat' dir='ltr'>utitur.</span> <span class='ocrx_word' id='word_1_236' title='bbox 1224 3152 1332 3209; x_wconf 90' lang='lat' dir='ltr'>Ubi</span> <span class='ocrx_word' id='word_1_237' title='bbox 1363 3151 1655 3225; x_wconf 78' lang='lat' dir='ltr'>perspexit</span> <span class='ocrx_word' id='word_1_238' title='bbox 1683 3169 1806 3209; x_wconf 91' lang='lat' dir='ltr'>om-</span> 
     </span>
    </p>
   </div>
   <div class='ocr_carea' id='block_1_34' title="bbox 164 3238 1812 3315">
    <p class='ocr_par' dir='ltr' id='par_1_34' title="bbox 164 3238 1812 3315">
     <span class='ocr_line' id='line_1_34' title="bbox 164 3238 1812 3315; baseline 0.001 -21"><span class='ocrx_word' id='word_1_239' title='bbox 164 3238 251 3296; x_wconf 88' lang='lat' dir='ltr'>nia</span> <span class='ocrx_word' id='word_1_240' title='bbox 291 3259 420 3299; x_wconf 89' lang='lat' dir='ltr'>esse</span> <span class='ocrx_word' id='word_1_241' title='bbox 467 3239 700 3309; x_wconf 84' lang='lat' dir='ltr'>frivola,</span> <span class='ocrx_word' id='word_1_242' title='bbox 742 3242 951 3298; x_wconf 83' lang='lat' dir='ltr'>fratres</span> <span class='ocrx_word' id='word_1_243' title='bbox 1000 3240 1197 3298; x_wconf 88' lang='lat' dir='ltr'>abbati</span> <span class='ocrx_word' id='word_1_244' title='bbox 1244 3240 1581 3297; x_wconf 90' lang='lat' dir='ltr'>reconciliat</span> <span class='ocrx_word' id='word_1_245' title='bbox 1610 3242 1694 3312; x_wconf 72' lang='lat'><strong>“’0,</strong></span> <span class='ocrx_word' id='word_1_246' title='bbox 1728 3241 1812 3315; x_wconf 85' lang='lat' dir='ltr'>ip-</span> 
     </span>
    </p>
   </div>
   <div class='ocr_carea' id='block_1_35' title="bbox 1928 673 3581 752">
    <p class='ocr_par' dir='ltr' id='par_1_35' title="bbox 1928 673 3581 752">
     <span class='ocr_line' id='line_1_35' title="bbox 1928 673 3581 752; baseline 0.006 -26"><span class='ocrx_word' id='word_1_247' title='bbox 1928 676 2074 727; x_wconf 91' lang='lat' dir='ltr'>tum.</span> <span class='ocrx_word' id='word_1_248' title='bbox 2111 673 2170 728; x_wconf 93' lang='lat' dir='ltr'>In</span> <span class='ocrx_word' id='word_1_249' title='bbox 2204 676 2372 745; x_wconf 87' lang='lat' dir='ltr'>cujus</span> <span class='ocrx_word' id='word_1_250' title='bbox 2408 675 2647 730; x_wconf 86' lang='lat' dir='ltr'>introitu</span> <span class='ocrx_word' id='word_1_251' title='bbox 2682 676 2815 731; x_wconf 90' lang='lat' dir='ltr'>fecit</span> <span class='ocrx_word' id='word_1_252' title='bbox 2841 677 3222 745; x_wconf 87' lang='lat' dir='ltr'>vestibulum,</span> <span class='ocrx_word' id='word_1_253' title='bbox 3246 678 3305 733; x_wconf 91' lang='lat' dir='ltr'>in</span> <span class='ocrx_word' id='word_1_254' title='bbox 3337 696 3452 751; x_wconf 86' lang='lat' dir='ltr'>quo</span> <span class='ocrx_word' id='word_1_255' title='bbox 3477 698 3581 752; x_wconf 91' lang='lat' dir='ltr'>per</span> 
     </span>
    </p>
   </div>
   <div class='ocr_carea' id='block_1_36' title="bbox 1928 763 3579 839">
    <p class='ocr_par' dir='ltr' id='par_1_36' title="bbox 1928 763 3579 839">
     <span class='ocr_line' id='line_1_36' title="bbox 1928 763 3579 839; baseline 0.006 -25"><span class='ocrx_word' id='word_1_256' title='bbox 1928 763 2338 817; x_wconf 83' lang='lat' dir='ltr'>subterraneos</span> <span class='ocrx_word' id='word_1_257' title='bbox 2367 768 2593 817; x_wconf 85' lang='lat' dir='ltr'>meatus</span> <span class='ocrx_word' id='word_1_258' title='bbox 2627 782 2790 836; x_wconf 66' lang='lat' dir='ltr'>aqua:</span> <span class='ocrx_word' id='word_1_259' title='bbox 2824 765 3066 821; x_wconf 86' lang='lat' dir='ltr'>ductum</span> <span class='ocrx_word' id='word_1_260' title='bbox 3098 766 3249 835; x_wconf 90' lang='lat' dir='ltr'>fecit,</span> <span class='ocrx_word' id='word_1_261' title='bbox 3284 784 3409 839; x_wconf 72' lang='lat' dir='ltr'>qua:</span> <span class='ocrx_word' id='word_1_262' title='bbox 3442 787 3579 824; x_wconf 88' lang='lat' dir='ltr'>sur-</span> 
     </span>
    </p>
   </div>
   <div class='ocr_carea' id='block_1_37' title="bbox 1926 851 3578 924">
    <p class='ocr_par' dir='ltr' id='par_1_37' title="bbox 1926 851 3578 924">
     <span class='ocr_line' id='line_1_37' title="bbox 1926 851 3578 924; baseline 0.006 -21"><span class='ocrx_word' id='word_1_263' title='bbox 1926 867 2056 904; x_wconf 89' lang='lat' dir='ltr'>sum</span> <span class='ocrx_word' id='word_1_264' title='bbox 2090 851 2373 907; x_wconf 88' lang='lat' dir='ltr'>ebulliens</span> <span class='ocrx_word' id='word_1_265' title='bbox 2402 852 2615 907; x_wconf 83' lang='lat' dir='ltr'>ibidem</span> <span class='ocrx_word' id='word_1_266' title='bbox 2650 854 2935 909; x_wconf 67' lang='lat' dir='ltr'>scatat-ire</span> <span class='ocrx_word' id='word_1_267' title='bbox 2961 855 3209 924; x_wconf 87' lang='lat' dir='ltr'>videtur,</span> <span class='ocrx_word' id='word_1_268' title='bbox 3235 857 3578 913; x_wconf 82' lang='lat' dir='ltr'>concavaria</span> 
     </span>
    </p>
   </div>
   <div class='ocr_carea' id='block_1_38' title="bbox 1926 936 3574 1017">
    <p class='ocr_par' dir='ltr' id='par_1_38' title="bbox 1926 936 3574 1017">
     <span class='ocr_line' id='line_1_38' title="bbox 1926 936 3574 1017; baseline 0.007 -27"><span class='ocrx_word' id='word_1_269' title='bbox 1926 936 2060 991; x_wconf 89' lang='lat' dir='ltr'>huic</span> <span class='ocrx_word' id='word_1_270' title='bbox 2092 939 2371 1009; x_wconf 74' lang='lat' dir='ltr'>superiori</span> <span class='ocrx_word' id='word_1_271' title='bbox 2401 940 2759 1011; x_wconf 79' lang='lat' dir='ltr'>receptaculo</span> <span class='ocrx_word' id='word_1_272' title='bbox 2786 948 3127 1012; x_wconf 69' lang='lat' dir='ltr'>praeparata,</span> <span class='ocrx_word' id='word_1_273' title='bbox 3159 960 3284 1014; x_wconf 74' lang='lat' dir='ltr'>quze</span> <span class='ocrx_word' id='word_1_274' title='bbox 3310 961 3410 1016; x_wconf 90' lang='lat' dir='ltr'>per</span> <span class='ocrx_word' id='word_1_275' title='bbox 3431 961 3574 1017; x_wconf 90' lang='lat' dir='ltr'>qua-</span> 
     </span>
    </p>
   </div>
   <div class='ocr_carea' id='block_1_39' title="bbox 1924 1026 3573 1102">
    <p class='ocr_par' dir='ltr' id='par_1_39' title="bbox 1924 1026 3573 1102">
     <span class='ocr_line' id='line_1_39' title="bbox 1924 1026 3573 1102; baseline 0.005 -24"><span class='ocrx_word' id='word_1_276' title='bbox 1924 1029 2058 1079; x_wconf 89' lang='lat' dir='ltr'>tuor</span> <span class='ocrx_word' id='word_1_277' title='bbox 2089 1026 2373 1080; x_wconf 80' lang='lat' dir='ltr'>foraniina</span> <span class='ocrx_word' id='word_1_278' title='bbox 2416 1028 2470 1081; x_wconf 91' lang='lat' dir='ltr'>in</span> <span class='ocrx_word' id='word_1_279' title='bbox 2522 1028 2830 1098; x_wconf 78' lang='lat' dir='ltr'>supposita</span> <span class='ocrx_word' id='word_1_280' title='bbox 2878 1029 2992 1083; x_wconf 91' lang='lat' dir='ltr'>alia</span> <span class='ocrx_word' id='word_1_281' title='bbox 3051 1048 3264 1102; x_wconf 87' lang='lat' dir='ltr'>aquam</span> <span class='ocrx_word' id='word_1_282' title='bbox 3317 1033 3573 1102; x_wconf 88' lang='lat' dir='ltr'>cribans,</span> 
     </span>
    </p>
   </div>
   <div class='ocr_carea' id='block_1_40' title="bbox 1924 1115 3575 1194">
    <p class='ocr_par' dir='ltr' id='par_1_40' title="bbox 1924 1115 3575 1194">
     <span class='ocr_line' id='line_1_40' title="bbox 1924 1115 3575 1194; baseline 0.006 -26"><span class='ocrx_word' id='word_1_283' title='bbox 1924 1115 2315 1169; x_wconf 76' lang='lat' dir='ltr'>sufﬁcientem</span> <span class='ocrx_word' id='word_1_284' title='bbox 2350 1115 2625 1171; x_wconf 81' lang='lat' dir='ltr'>fratribus</span> <span class='ocrx_word' id='word_1_285' title='bbox 2657 1118 3233 1175; x_wconf 89' lang='lat' dir='ltr'>administrationem</span> <span class='ocrx_word' id='word_1_286' title='bbox 3267 1139 3430 1194; x_wconf 72' lang='lat' dir='ltr'>aqua:</span> <span class='ocrx_word' id='word_1_287' title='bbox 3454 1124 3575 1179; x_wconf 85' lang='lat' dir='ltr'>dis-</span> 
     </span>
    </p>
   </div>
   <div class='ocr_carea' id='block_1_41' title="bbox 1921 1201 3575 1284">
    <p class='ocr_par' dir='ltr' id='par_1_41' title="bbox 1921 1201 3575 1284">
     <span class='ocr_line' id='line_1_41' title="bbox 1921 1201 3575 1284; baseline 0.007 -28"><span class='ocrx_word' id='word_1_288' title='bbox 1921 1201 2093 1258; x_wconf 88' lang='lat' dir='ltr'>tillat.</span> <span class='ocrx_word' id='word_1_289' title='bbox 2136 1204 2297 1268; x_wconf 89' lang='lat' dir='ltr'>Quod</span> <span class='ocrx_word' id='word_1_290' title='bbox 2349 1206 2718 1259; x_wconf 84' lang='lat' dir='ltr'>refectorium</span> <span class='ocrx_word' id='word_1_291' title='bbox 2754 1224 2785 1260; x_wconf 89' lang='lat' dir='ltr'>a</span> <span class='ocrx_word' id='word_1_292' title='bbox 2816 1208 3031 1263; x_wconf 85' lang='lat' dir='ltr'>domno</span> <span class='ocrx_word' id='word_1_293' title='bbox 3074 1209 3330 1265; x_wconf 90' lang='lat' dir='ltr'>Tiedone</span> <span class='ocrx_word' id='word_1_294' title='bbox 3358 1212 3425 1245; x_wconf 78' lang='grc'>⁴⁰²</span> <span class='ocrx_word' id='word_1_295' title='bbox 3454 1210 3575 1284; x_wconf 91' lang='lat' dir='ltr'>epi-</span> 
     </span>
    </p>
   </div>
   <div class='ocr_carea' id='block_1_42' title="bbox 1922 1296 3575 1363">
    <p class='ocr_par' dir='ltr' id='par_1_42' title="bbox 1922 1296 3575 1363">
     <span class='ocr_line' id='line_1_42' title="bbox 1922 1296 3575 1363; baseline 0.007 -18"><span class='ocrx_word' id='word_1_296' title='bbox 1922 1307 2097 1363; x_wconf 86' lang='lat' dir='ltr'>scopo</span> <span class='ocrx_word' id='word_1_297' title='bbox 2126 1298 2531 1347; x_wconf 85' lang='lat' dir='ltr'>consecratum</span> <span class='ocrx_word' id='word_1_298' title='bbox 2563 1297 2650 1348; x_wconf 87' lang='lat' dir='ltr'>est</span> <span class='ocrx_word' id='word_1_299' title='bbox 2682 1310 2817 1349; x_wconf 91' lang='lat' dir='ltr'>cum</span> <span class='ocrx_word' id='word_1_300' title='bbox 2849 1296 3027 1351; x_wconf 90' lang='lat' dir='ltr'>cereis</span> <span class='ocrx_word' id='word_1_301' title='bbox 3058 1301 3115 1352; x_wconf 86' lang='lat' dir='ltr'>et</span> <span class='ocrx_word' id='word_1_302' title='bbox 3145 1298 3575 1357; x_wconf 89' lang='lat' dir='ltr'>timiamatcriis</span> 
     </span>
    </p>
   </div>
   <div class='ocr_carea' id='block_1_43' title="bbox 1920 1380 3574 1458">
    <p class='ocr_par' dir='ltr' id='par_1_43' title="bbox 1920 1380 3574 1458">
     <span class='ocr_line' id='line_1_43' title="bbox 1920 1380 3574 1458; baseline 0.005 -24"><span class='ocrx_word' id='word_1_303' title='bbox 1920 1384 1979 1434; x_wconf 91' lang='lat' dir='ltr'>et</span> <span class='ocrx_word' id='word_1_304' title='bbox 2010 1380 2169 1435; x_wconf 89' lang='lat' dir='ltr'>omni</span> <span class='ocrx_word' id='word_1_305' title='bbox 2202 1398 2315 1452; x_wconf 86' lang='lat' dir='ltr'>quo</span> <span class='ocrx_word' id='word_1_306' title='bbox 2340 1382 2552 1436; x_wconf 88' lang='lat' dir='ltr'>domus</span> <span class='ocrx_word' id='word_1_307' title='bbox 2583 1384 2982 1439; x_wconf 88' lang='lat' dir='ltr'>consecranda</span> <span class='ocrx_word' id='word_1_308' title='bbox 3013 1390 3101 1439; x_wconf 88' lang='lat' dir='ltr'>est</span> <span class='ocrx_word' id='word_1_309' title='bbox 3132 1392 3438 1458; x_wconf 89' lang='lat' dir='ltr'>apparatu.</span> <span class='ocrx_word' id='word_1_310' title='bbox 3469 1390 3574 1443; x_wconf 84' lang='lat' dir='ltr'>Ec-</span> 
     </span>
    </p>
   </div>
   <div class='ocr_carea' id='block_1_44' title="bbox 1919 1468 3574 1545">
    <p class='ocr_par' dir='ltr' id='par_1_44' title="bbox 1919 1468 3574 1545">
     <span class='ocr_line' id='line_1_44' title="bbox 1919 1468 3574 1545; baseline 0.005 -22"><span class='ocrx_word' id='word_1_311' title='bbox 1919 1468 2159 1523; x_wconf 85' lang='lat' dir='ltr'>clesiam</span> <span class='ocrx_word' id='word_1_312' title='bbox 2193 1468 2377 1523; x_wconf 89' lang='lat' dir='ltr'>sancti</span> <span class='ocrx_word' id='word_1_313' title='bbox 2413 1469 2599 1536; x_wconf 87' lang='lat' dir='ltr'>Pauli,</span> <span class='ocrx_word' id='word_1_314' title='bbox 2634 1488 2810 1542; x_wconf 87' lang='lat' dir='ltr'>quam</span> <span class='ocrx_word' id='word_1_315' title='bbox 2863 1472 3122 1545; x_wconf 81' lang='lat' dir='ltr'>Ilungari</span> <span class='ocrx_word' id='word_1_316' title='bbox 3172 1475 3574 1545; x_wconf 88' lang='lat' dir='ltr'>incenderant,</span> 
     </span>
    </p>
   </div>
   <div class='ocr_carea' id='block_1_45' title="bbox 1918 1555 3578 1629">
    <p class='ocr_par' dir='ltr' id='par_1_45' title="bbox 1918 1555 3578 1629">
     <span class='ocr_line' id='line_1_45' title="bbox 1918 1555 3578 1629; baseline 0.005 -20"><span class='ocrx_word' id='word_1_317' title='bbox 1918 1555 2145 1623; x_wconf 83' lang='lat' dir='ltr'>retexit,</span> <span class='ocrx_word' id='word_1_318' title='bbox 2178 1556 2269 1611; x_wconf 90' lang='lat' dir='ltr'>cui</span> <span class='ocrx_word' id='word_1_319' title='bbox 2299 1558 2541 1612; x_wconf 90' lang='lat' dir='ltr'>domum</span> <span class='ocrx_word' id='word_1_320' title='bbox 2574 1557 2947 1615; x_wconf 83' lang='lat' dir='ltr'>infirmorum</span> <span class='ocrx_word' id='word_1_321' title='bbox 2992 1562 3262 1629; x_wconf 83' lang='lat' dir='ltr'>annexit;</span> <span class='ocrx_word' id='word_1_322' title='bbox 3298 1563 3578 1619; x_wconf 89' lang='lat' dir='ltr'>obambu-</span> 
     </span>
    </p>
   </div>
   <div class='ocr_carea' id='block_1_46' title="bbox 1918 1641 3575 1720">
    <p class='ocr_par' dir='ltr' id='par_1_46' title="bbox 1918 1641 3575 1720">
     <span class='ocr_line' id='line_1_46' title="bbox 1918 1641 3575 1720; baseline 0.005 -23"><span class='ocrx_word' id='word_1_323' title='bbox 1918 1641 2190 1698; x_wconf 90' lang='lat' dir='ltr'>latorium</span> <span class='ocrx_word' id='word_1_324' title='bbox 2223 1642 2487 1712; x_wconf 88' lang='lat' dir='ltr'>claustri,</span> <span class='ocrx_word' id='word_1_325' title='bbox 2522 1644 2571 1699; x_wconf 89' lang='lat' dir='ltr'>si</span> <span class='ocrx_word' id='word_1_326' title='bbox 2603 1644 2687 1701; x_wconf 90' lang='lat' dir='ltr'>ita</span> <span class='ocrx_word' id='word_1_327' title='bbox 2716 1646 3032 1702; x_wconf 91' lang='lat' dir='ltr'>dicendum</span> <span class='ocrx_word' id='word_1_328' title='bbox 3074 1651 3163 1702; x_wconf 91' lang='lat' dir='ltr'>est</span> <span class='ocrx_word' id='word_1_329' title='bbox 3193 1678 3263 1689; x_wconf 95' lang='lat'><strong>—</strong></span> <span class='ocrx_word' id='word_1_330' title='bbox 3294 1649 3575 1720; x_wconf 90' lang='lat' dir='ltr'>quoniam</span> 
     </span>
    </p>
   </div>
   <div class='ocr_carea' id='block_1_47' title="bbox 1919 1731 3577 1803">
    <p class='ocr_par' dir='ltr' id='par_1_47' title="bbox 1919 1731 3577 1803">
     <span class='ocr_line' id='line_1_47' title="bbox 1919 1731 3577 1803; baseline 0.006 -19"><span class='ocrx_word' id='word_1_331' title='bbox 1919 1747 2073 1786; x_wconf 89' lang='lat' dir='ltr'>nunc</span> <span class='ocrx_word' id='word_1_332' title='bbox 2104 1748 2220 1786; x_wconf 88' lang='lat' dir='ltr'>non</span> <span class='ocrx_word' id='word_1_333' title='bbox 2268 1731 2426 1786; x_wconf 89' lang='lat' dir='ltr'>aliud</span> <span class='ocrx_word' id='word_1_334' title='bbox 2477 1733 2771 1803; x_wconf 88' lang='lat' dir='ltr'>quomodo</span> <span class='ocrx_word' id='word_1_335' title='bbox 2820 1733 3246 1790; x_wconf 90' lang='lat' dir='ltr'>nominandum</span> <span class='ocrx_word' id='word_1_336' title='bbox 3278 1737 3346 1772; x_wconf 70' lang='grc'>⁴⁰³</span> <span class='ocrx_word' id='word_1_337' title='bbox 3375 1736 3455 1792; x_wconf 89' lang='lat' dir='ltr'>sit</span> <span class='ocrx_word' id='word_1_338' title='bbox 3485 1754 3577 1794; x_wconf 89' lang='lat' dir='ltr'>oc-</span> 
     </span>
    </p>
   </div>
   <div class='ocr_carea' id='block_1_48' title="bbox 1918 1818 3571 1896">
    <p class='ocr_par' dir='ltr' id='par_1_48' title="bbox 1918 1818 3571 1896">
     <span class='ocr_line' id='line_1_48' title="bbox 1918 1818 3571 1896; baseline 0.005 -24"><span class='ocrx_word' id='word_1_339' title='bbox 1918 1819 2101 1873; x_wconf 92' lang='lat' dir='ltr'>currit</span> <span class='ocrx_word' id='word_1_340' title='bbox 2131 1818 2476 1874; x_wconf 88' lang='lat' dir='ltr'>vocabulum</span> <span class='ocrx_word' id='word_1_341' title='bbox 2508 1850 2597 1885; x_wconf 90' lang='lat'>-—,</span> <span class='ocrx_word' id='word_1_342' title='bbox 2626 1819 2853 1876; x_wconf 90' lang='lat' dir='ltr'>nullum</span> <span class='ocrx_word' id='word_1_343' title='bbox 2900 1826 3024 1877; x_wconf 92' lang='lat' dir='ltr'>erat</span> <span class='ocrx_word' id='word_1_344' title='bbox 3071 1827 3281 1896; x_wconf 75' lang='lat' dir='ltr'>prceter</span> <span class='ocrx_word' id='word_1_345' title='bbox 3326 1824 3571 1896; x_wconf 90' lang='lat' dir='ltr'>capituli</span> 
     </span>
    </p>
   </div>
   <div class='ocr_carea' id='block_1_49' title="bbox 1917 1906 3573 1983">
    <p class='ocr_par' dir='ltr' id='par_1_49' title="bbox 1917 1906 3573 1983">
     <span class='ocr_line' id='line_1_49' title="bbox 1917 1906 3573 1983; baseline 0.005 -22"><span class='ocrx_word' id='word_1_346' title='bbox 1917 1907 2159 1963; x_wconf 89' lang='lat' dir='ltr'>domum</span> <span class='ocrx_word' id='word_1_347' title='bbox 2190 1912 2246 1963; x_wconf 90' lang='lat' dir='ltr'>et</span> <span class='ocrx_word' id='word_1_348' title='bbox 2270 1906 2522 1980; x_wconf 81' lang='lat' dir='ltr'>ligneam</span> <span class='ocrx_word' id='word_1_349' title='bbox 2546 1908 2872 1977; x_wconf 60' lang='lat' dir='ltr'>aediculam,</span> <span class='ocrx_word' id='word_1_350' title='bbox 2894 1927 3023 1982; x_wconf 68' lang='lat' dir='ltr'>qua:</span> <span class='ocrx_word' id='word_1_351' title='bbox 3045 1911 3256 1983; x_wconf 88' lang='lat' dir='ltr'>prioris</span> <span class='ocrx_word' id='word_1_352' title='bbox 3282 1912 3573 1969; x_wconf 89' lang='lat' dir='ltr'>refectorii</span> 
     </span>
    </p>
   </div>
   <div class='ocr_carea' id='block_1_50' title="bbox 1908 1997 3575 2076">
    <p class='ocr_par' dir='ltr' id='par_1_50' title="bbox 1908 1997 3575 2076">
     <span class='ocr_line' id='line_1_50' title="bbox 1908 1997 3575 2076; baseline 0.005 -25"><span class='ocrx_word' id='word_1_353' title='bbox 1908 1997 2158 2067; x_wconf 87' lang='lat' dir='ltr'>januam</span> <span class='ocrx_word' id='word_1_354' title='bbox 2189 1997 2687 2070; x_wconf 58' lang='lat' dir='ltr'>vestiebalmquaa</span> <span class='ocrx_word' id='word_1_355' title='bbox 2711 1998 3018 2054; x_wconf 88' lang='lat' dir='ltr'>annuatim</span> <span class='ocrx_word' id='word_1_356' title='bbox 3051 2000 3340 2057; x_wconf 90' lang='lat' dir='ltr'>scindulis</span> <span class='ocrx_word' id='word_1_357' title='bbox 3356 2002 3423 2038; x_wconf 65' lang='lat'>“‘5</span> <span class='ocrx_word' id='word_1_358' title='bbox 3444 2019 3575 2076; x_wconf 89' lang='lat' dir='ltr'>ope-</span> 
     </span>
    </p>
   </div>
   <div class='ocr_carea' id='block_1_51' title="bbox 1916 2084 3574 2156">
    <p class='ocr_par' dir='ltr' id='par_1_51' title="bbox 1916 2084 3574 2156">
     <span class='ocr_line' id='line_1_51' title="bbox 1916 2084 3574 2156; baseline 0.004 -17"><span class='ocrx_word' id='word_1_359' title='bbox 1916 2084 2174 2140; x_wconf 88' lang='lat' dir='ltr'>riebatur</span> <span class='ocrx_word' id='word_1_360' title='bbox 2204 2087 2301 2152; x_wconf 66' lang='lat'>“’6;</span> <span class='ocrx_word' id='word_1_361' title='bbox 2335 2086 2435 2140; x_wconf 89' lang='lat' dir='ltr'>sed</span> <span class='ocrx_word' id='word_1_362' title='bbox 2478 2086 2577 2140; x_wconf 89' lang='lat' dir='ltr'>ubi</span> <span class='ocrx_word' id='word_1_363' title='bbox 2627 2085 2926 2142; x_wconf 64' lang='lat' dir='ltr'>exsiccata:</span> <span class='ocrx_word' id='word_1_364' title='bbox 2977 2092 3162 2156; x_wconf 88' lang='lat' dir='ltr'>erant,</span> <span class='ocrx_word' id='word_1_365' title='bbox 3194 2090 3322 2146; x_wconf 82' lang='lat' dir='ltr'>foco</span> <span class='ocrx_word' id='word_1_366' title='bbox 3368 2091 3574 2147; x_wconf 80' lang='lat' dir='ltr'>obser-</span> 
     </span>
    </p>
   </div>
   <div class='ocr_carea' id='block_1_52' title="bbox 1915 2173 3576 2253">
    <p class='ocr_par' dir='ltr' id='par_1_52' title="bbox 1915 2173 3576 2253">
     <span class='ocr_line' id='line_1_52' title="bbox 1915 2173 3576 2253; baseline 0.005 -26"><span class='ocrx_word' id='word_1_367' title='bbox 1915 2173 2150 2229; x_wconf 86' lang='lat' dir='ltr'>viebant</span> <span class='ocrx_word' id='word_1_368' title='bbox 2181 2176 2265 2227; x_wconf 69' lang='lat'>“’7.</span> <span class='ocrx_word' id='word_1_369' title='bbox 2301 2174 2418 2229; x_wconf 84' lang='lat' dir='ltr'>Hoc</span> <span class='ocrx_word' id='word_1_370' title='bbox 2449 2173 2549 2229; x_wconf 92' lang='lat' dir='ltr'>illo</span> <span class='ocrx_word' id='word_1_371' title='bbox 2578 2174 2771 2247; x_wconf 90' lang='lat' dir='ltr'>lapide</span> <span class='ocrx_word' id='word_1_372' title='bbox 2803 2176 3002 2242; x_wconf 85' lang='lat' dir='ltr'>cinxit,</span> <span class='ocrx_word' id='word_1_373' title='bbox 3027 2183 3083 2232; x_wconf 87' lang='lat' dir='ltr'>et</span> <span class='ocrx_word' id='word_1_374' title='bbox 3105 2178 3259 2233; x_wconf 88' lang='lat' dir='ltr'>facta</span> <span class='ocrx_word' id='word_1_375' title='bbox 3278 2179 3576 2253; x_wconf 88' lang='lat' dir='ltr'>contigna-</span> 
     </span>
    </p>
   </div>
   <div class='ocr_carea' id='block_1_53' title="bbox 1917 2262 3575 2331">
    <p class='ocr_par' dir='ltr' id='par_1_53' title="bbox 1917 2262 3575 2331">
     <span class='ocr_line' id='line_1_53' title="bbox 1917 2262 3575 2331; baseline 0.006 -15"><span class='ocrx_word' id='word_1_376' title='bbox 1917 2262 2097 2331; x_wconf 88' lang='lat' dir='ltr'>tione,</span> <span class='ocrx_word' id='word_1_377' title='bbox 2129 2263 2428 2319; x_wconf 87' lang='lat' dir='ltr'>asseribus</span> <span class='ocrx_word' id='word_1_378' title='bbox 2458 2265 2524 2299; x_wconf 71' lang='lat'>‘93</span> <span class='ocrx_word' id='word_1_379' title='bbox 2556 2280 2691 2320; x_wconf 88' lang='lat' dir='ltr'>cum</span> <span class='ocrx_word' id='word_1_380' title='bbox 2725 2264 2924 2321; x_wconf 87' lang='lat' dir='ltr'>ferreis</span> <span class='ocrx_word' id='word_1_381' title='bbox 2959 2265 3137 2323; x_wconf 89' lang='lat' dir='ltr'>clavis</span> <span class='ocrx_word' id='word_1_382' title='bbox 3185 2267 3349 2323; x_wconf 82' lang='lat' dir='ltr'>texit.</span> <span class='ocrx_word' id='word_1_383' title='bbox 3383 2269 3575 2327; x_wconf 85' lang='lat' dir='ltr'>Eccle-</span> 
     </span>
    </p>
   </div>
   <div class='ocr_carea' id='block_1_54' title="bbox 1919 2351 3574 2426">
    <p class='ocr_par' dir='ltr' id='par_1_54' title="bbox 1919 2351 3574 2426">
     <span class='ocr_line' id='line_1_54' title="bbox 1919 2351 3574 2426; baseline 0.005 -19"><span class='ocrx_word' id='word_1_384' title='bbox 1919 2352 2007 2407; x_wconf 89' lang='lat' dir='ltr'>sia</span> <span class='ocrx_word' id='word_1_385' title='bbox 2037 2351 2175 2424; x_wconf 90' lang='lat' dir='ltr'>quia</span> <span class='ocrx_word' id='word_1_386' title='bbox 2206 2368 2308 2425; x_wconf 89' lang='lat' dir='ltr'>per</span> <span class='ocrx_word' id='word_1_387' title='bbox 2337 2368 2397 2407; x_wconf 88' lang='lat' dir='ltr'>se</span> <span class='ocrx_word' id='word_1_388' title='bbox 2431 2351 2574 2408; x_wconf 82' lang='lat' dir='ltr'>satis</span> <span class='ocrx_word' id='word_1_389' title='bbox 2607 2352 2842 2426; x_wconf 87' lang='lat' dir='ltr'>elegans</span> <span class='ocrx_word' id='word_1_390' title='bbox 2872 2358 3015 2422; x_wconf 89' lang='lat' dir='ltr'>erat,</span> <span class='ocrx_word' id='word_1_391' title='bbox 3039 2355 3186 2411; x_wconf 89' lang='lat' dir='ltr'>utin</span> <span class='ocrx_word' id='word_1_392' title='bbox 3209 2359 3574 2416; x_wconf 88' lang='lat' dir='ltr'>ornamentis</span> 
     </span>
    </p>
   </div>
   <div class='ocr_carea' id='block_1_55' title="bbox 1918 2439 3578 2521">
    <p class='ocr_par' dir='ltr' id='par_1_55' title="bbox 1918 2439 3578 2521">
     <span class='ocr_line' id='line_1_55' title="bbox 1918 2439 3578 2521; baseline 0.004 -25"><span class='ocrx_word' id='word_1_393' title='bbox 1918 2439 2239 2511; x_wconf 85' lang='lat' dir='ltr'>elegantior</span> <span class='ocrx_word' id='word_1_394' title='bbox 2268 2442 2610 2497; x_wconf 89' lang='lat' dir='ltr'>redderetur</span> <span class='ocrx_word' id='word_1_395' title='bbox 2639 2459 2874 2513; x_wconf 88' lang='lat' dir='ltr'>operam</span> <span class='ocrx_word' id='word_1_396' title='bbox 2909 2443 3098 2511; x_wconf 86' lang='lat' dir='ltr'>dedit;</span> <span class='ocrx_word' id='word_1_397' title='bbox 3133 2462 3314 2518; x_wconf 89' lang='lat' dir='ltr'>quam</span> <span class='ocrx_word' id='word_1_398' title='bbox 3348 2446 3419 2502; x_wconf 88' lang='lat' dir='ltr'>de</span> <span class='ocrx_word' id='word_1_399' title='bbox 3450 2448 3578 2521; x_wconf 84' lang='lat' dir='ltr'>pul-</span> 
     </span>
    </p>
   </div>
   <div class='ocr_carea' id='block_1_56' title="bbox 1918 2529 3571 2607">
    <p class='ocr_par' dir='ltr' id='par_1_56' title="bbox 1918 2529 3571 2607">
     <span class='ocr_line' id='line_1_56' title="bbox 1918 2529 3571 2607; baseline 0.006 -24"><span class='ocrx_word' id='word_1_400' title='bbox 1918 2529 2059 2584; x_wconf 89' lang='lat' dir='ltr'>chra</span> <span class='ocrx_word' id='word_1_401' title='bbox 2109 2530 2240 2584; x_wconf 87' lang='lat' dir='ltr'>fecit</span> <span class='ocrx_word' id='word_1_402' title='bbox 2287 2530 2765 2601; x_wconf 86' lang='lat' dir='ltr'>pulcherrimam.</span> <span class='ocrx_word' id='word_1_403' title='bbox 2795 2532 2978 2605; x_wconf 85' lang='lat' dir='ltr'>Cujus</span> <span class='ocrx_word' id='word_1_404' title='bbox 3026 2533 3227 2589; x_wconf 89' lang='lat' dir='ltr'>altaris</span> <span class='ocrx_word' id='word_1_405' title='bbox 3283 2536 3571 2607; x_wconf 90' lang='lat' dir='ltr'>tabulam,</span> 
     </span>
    </p>
   </div>
   <div class='ocr_carea' id='block_1_57' title="bbox 1920 2617 3575 2694">
    <p class='ocr_par' dir='ltr' id='par_1_57' title="bbox 1920 2617 3575 2694">
     <span class='ocr_line' id='line_1_57' title="bbox 1920 2617 3575 2694; baseline 0.004 -22"><span class='ocrx_word' id='word_1_406' title='bbox 1920 2617 2058 2689; x_wconf 87' lang='lat' dir='ltr'>quia</span> <span class='ocrx_word' id='word_1_407' title='bbox 2088 2617 2249 2673; x_wconf 90' lang='lat' dir='ltr'>nulla</span> <span class='ocrx_word' id='word_1_408' title='bbox 2279 2623 2420 2686; x_wconf 89' lang='lat' dir='ltr'>erat,</span> <span class='ocrx_word' id='word_1_409' title='bbox 2454 2618 2590 2673; x_wconf 90' lang='lat' dir='ltr'>fecit</span> <span class='ocrx_word' id='word_1_410' title='bbox 2621 2624 2989 2691; x_wconf 89' lang='lat' dir='ltr'>argenteam;</span> <span class='ocrx_word' id='word_1_411' title='bbox 3014 2620 3257 2676; x_wconf 90' lang='lat' dir='ltr'>domum</span> <span class='ocrx_word' id='word_1_412' title='bbox 3281 2622 3473 2694; x_wconf 87' lang='lat' dir='ltr'>ipsam</span> <span class='ocrx_word' id='word_1_413' title='bbox 3497 2624 3575 2679; x_wconf 91' lang='lat' dir='ltr'>al-</span> 
     </span>
    </p>
   </div>
   <div class='ocr_carea' id='block_1_58' title="bbox 1917 2705 3572 2784">
    <p class='ocr_par' dir='ltr' id='par_1_58' title="bbox 1917 2705 3572 2784">
     <span class='ocr_line' id='line_1_58' title="bbox 1917 2705 3572 2784; baseline 0.004 -23"><span class='ocrx_word' id='word_1_414' title='bbox 1917 2706 2062 2761; x_wconf 86' lang='lat' dir='ltr'>taris</span> <span class='ocrx_word' id='word_1_415' title='bbox 2092 2710 2148 2760; x_wconf 92' lang='lat' dir='ltr'>et</span> <span class='ocrx_word' id='word_1_416' title='bbox 2168 2705 2408 2778; x_wconf 89' lang='lat' dir='ltr'>laquear</span> <span class='ocrx_word' id='word_1_417' title='bbox 2428 2705 2613 2778; x_wconf 90' lang='lat' dir='ltr'>ipsius</span> <span class='ocrx_word' id='word_1_418' title='bbox 2636 2707 2897 2779; x_wconf 88' lang='lat' dir='ltr'>apprime</span> <span class='ocrx_word' id='word_1_419' title='bbox 2919 2710 2988 2743; x_wconf 74' lang='grc'>⁴⁰⁹</span> <span class='ocrx_word' id='word_1_420' title='bbox 3004 2708 3221 2781; x_wconf 83' lang='lat' dir='ltr'>pinxit;</span> <span class='ocrx_word' id='word_1_421' title='bbox 3248 2711 3572 2784; x_wconf 86' lang='lat' dir='ltr'>pulpitum-</span> 
     </span>
    </p>
   </div>
   <div class='ocr_carea' id='block_1_59' title="bbox 1919 2793 3573 2871">
    <p class='ocr_par' dir='ltr' id='par_1_59' title="bbox 1919 2793 3573 2871">
     <span class='ocr_line' id='line_1_59' title="bbox 1919 2793 3573 2871; baseline 0.004 -22"><span class='ocrx_word' id='word_1_422' title='bbox 1919 2811 2031 2866; x_wconf 91' lang='lat' dir='ltr'>que</span> <span class='ocrx_word' id='word_1_423' title='bbox 2060 2794 2343 2867; x_wconf 87' lang='lat' dir='ltr'>evangelii</span> <span class='ocrx_word' id='word_1_424' title='bbox 2375 2793 2475 2849; x_wconf 90' lang='lat' dir='ltr'>tali</span> <span class='ocrx_word' id='word_1_425' title='bbox 2509 2796 2681 2850; x_wconf 90' lang='lat' dir='ltr'>modo</span> <span class='ocrx_word' id='word_1_426' title='bbox 2712 2794 2850 2850; x_wconf 91' lang='lat' dir='ltr'>fecit</span> <span class='ocrx_word' id='word_1_427' title='bbox 2879 2797 2965 2864; x_wconf 75' lang='lat'>“0,</span> <span class='ocrx_word' id='word_1_428' title='bbox 3000 2801 3065 2852; x_wconf 91' lang='lat' dir='ltr'>ut</span> <span class='ocrx_word' id='word_1_429' title='bbox 3094 2803 3291 2853; x_wconf 81' lang='lat' dir='ltr'>essent</span> <span class='ocrx_word' id='word_1_430' title='bbox 3320 2804 3573 2871; x_wconf 85' lang='lat' dir='ltr'>quatuor</span> 
     </span>
    </p>
   </div>
   <div class='ocr_carea' id='block_1_60' title="bbox 1918 2880 3573 2961">
    <p class='ocr_par' dir='ltr' id='par_1_60' title="bbox 1918 2880 3573 2961">
     <span class='ocr_line' id='line_1_60' title="bbox 1918 2880 3573 2961; baseline 0.005 -25"><span class='ocrx_word' id='word_1_431' title='bbox 1918 2880 2200 2936; x_wconf 88' lang='lat' dir='ltr'>emicedia</span> <span class='ocrx_word' id='word_1_432' title='bbox 2230 2880 2577 2937; x_wconf 87' lang='lat' dir='ltr'>altrinsecus</span> <span class='ocrx_word' id='word_1_433' title='bbox 2606 2897 2635 2936; x_wconf 88' lang='lat' dir='ltr'>e</span> <span class='ocrx_word' id='word_1_434' title='bbox 2659 2881 2892 2955; x_wconf 88' lang='lat' dir='ltr'>regione</span> <span class='ocrx_word' id='word_1_435' title='bbox 2917 2882 2974 2937; x_wconf 92' lang='lat' dir='ltr'>in</span> <span class='ocrx_word' id='word_1_436' title='bbox 2998 2885 3239 2940; x_wconf 92' lang='lat' dir='ltr'>modum</span> <span class='ocrx_word' id='word_1_437' title='bbox 3263 2887 3454 2944; x_wconf 89' lang='lat' dir='ltr'>crucis</span> <span class='ocrx_word' id='word_1_438' title='bbox 3474 2905 3573 2961; x_wconf 88' lang='lat' dir='ltr'>po-</span> 
     </span>
    </p>
   </div>
   <div class='ocr_carea' id='block_1_61' title="bbox 1920 2969 3575 3049">
    <p class='ocr_par' dir='ltr' id='par_1_61' title="bbox 1920 2969 3575 3049">
     <span class='ocr_line' id='line_1_61' title="bbox 1920 2969 3575 3049; baseline 0.005 -25"><span class='ocrx_word' id='word_1_439' title='bbox 1920 2969 2050 3037; x_wconf 89' lang='lat' dir='ltr'>sita,</span> <span class='ocrx_word' id='word_1_440' title='bbox 2086 2986 2211 3042; x_wconf 73' lang='lat' dir='ltr'>qua:</span> <span class='ocrx_word' id='word_1_441' title='bbox 2244 2986 2311 3025; x_wconf 84' lang='lat' dir='ltr'>ex</span> <span class='ocrx_word' id='word_1_442' title='bbox 2337 2986 2445 3025; x_wconf 68' lang='lat' dir='ltr'>aere</span> <span class='ocrx_word' id='word_1_443' title='bbox 2476 2969 2739 3037; x_wconf 89' lang='lat' dir='ltr'>ductilia,</span> <span class='ocrx_word' id='word_1_444' title='bbox 2765 2975 2821 3026; x_wconf 92' lang='lat' dir='ltr'>et</span> <span class='ocrx_word' id='word_1_445' title='bbox 2849 2972 2922 3027; x_wconf 92' lang='lat' dir='ltr'>ad</span> <span class='ocrx_word' id='word_1_446' title='bbox 2944 2970 3174 3028; x_wconf 90' lang='lat' dir='ltr'>libitum</span> <span class='ocrx_word' id='word_1_447' title='bbox 3204 2975 3446 3032; x_wconf 82' lang='lat' dir='ltr'>artificis</span> <span class='ocrx_word' id='word_1_448' title='bbox 3468 2994 3575 3049; x_wconf 90' lang='lat' dir='ltr'>per</span> 
     </span>
    </p>
   </div>
   <div class='ocr_carea' id='block_1_62' title="bbox 1918 3059 3571 3137">
    <p class='ocr_par' dir='ltr' id='par_1_62' title="bbox 1918 3059 3571 3137">
     <span class='ocr_line' id='line_1_62' title="bbox 1918 3059 3571 3137; baseline 0.005 -23"><span class='ocrx_word' id='word_1_449' title='bbox 1918 3059 2046 3115; x_wconf 89' lang='lat' dir='ltr'>loca</span> <span class='ocrx_word' id='word_1_450' title='bbox 2075 3059 2364 3132; x_wconf 85' lang='lat' dir='ltr'>scalprata</span> <span class='ocrx_word' id='word_1_451' title='bbox 2387 3061 2450 3094; x_wconf 78' lang='grc'>⁴¹¹</span> <span class='ocrx_word' id='word_1_452' title='bbox 2485 3064 2542 3115; x_wconf 85' lang='lat' dir='ltr'>et</span> <span class='ocrx_word' id='word_1_453' title='bbox 2575 3060 2876 3129; x_wconf 90' lang='lat' dir='ltr'>deaurata,</span> <span class='ocrx_word' id='word_1_454' title='bbox 2902 3062 3169 3134; x_wconf 87' lang='lat' dir='ltr'>postibus</span> <span class='ocrx_word' id='word_1_455' title='bbox 3191 3064 3571 3137; x_wconf 78' lang='lat' dir='ltr'>undiquesse-</span> 
     </span>
    </p>
   </div>
   <div class='ocr_carea' id='block_1_63' title="bbox 1918 3149 3570 3226">
    <p class='ocr_par' dir='ltr' id='par_1_63' title="bbox 1918 3149 3570 3226">
     <span class='ocr_line' id='line_1_63' title="bbox 1918 3149 3570 3226; baseline 0.004 -22"><span class='ocrx_word' id='word_1_456' title='bbox 1918 3165 2022 3205; x_wconf 91' lang='lat' dir='ltr'>cus</span> <span class='ocrx_word' id='word_1_457' title='bbox 2054 3150 2119 3183; x_wconf 75' lang='grc'>⁴¹²</span> <span class='ocrx_word' id='word_1_458' title='bbox 2169 3149 2586 3222; x_wconf 86' lang='lat' dir='ltr'>deargentatis,</span> <span class='ocrx_word' id='word_1_459' title='bbox 2639 3149 2698 3204; x_wconf 89' lang='lat' dir='ltr'>in</span> <span class='ocrx_word' id='word_1_460' title='bbox 2758 3150 3201 3222; x_wconf 83' lang='lat' dir='ltr'>septentrionali</span> <span class='ocrx_word' id='word_1_461' title='bbox 3258 3159 3423 3226; x_wconf 89' lang='lat' dir='ltr'>parte</span> <span class='ocrx_word' id='word_1_462' title='bbox 3482 3156 3570 3211; x_wconf 87' lang='lat' dir='ltr'>fu-</span> 
     </span>
    </p>
   </div>
   <div class='ocr_carea' id='block_1_64' title="bbox 1919 3237 3577 3316">
    <p class='ocr_par' dir='ltr' id='par_1_64' title="bbox 1919 3237 3577 3316">
     <span class='ocr_line' id='line_1_64' title="bbox 1919 3237 3577 3316; baseline 0.006 -24"><span class='ocrx_word' id='word_1_463' title='bbox 1919 3237 2085 3293; x_wconf 90' lang='lat' dir='ltr'>silem</span> <span class='ocrx_word' id='word_1_464' title='bbox 2120 3238 2338 3294; x_wconf 90' lang='lat' dir='ltr'>habent</span> <span class='ocrx_word' id='word_1_465' title='bbox 2358 3238 2617 3311; x_wconf 89' lang='lat' dir='ltr'>aquilam</span> <span class='ocrx_word' id='word_1_466' title='bbox 2642 3238 2859 3311; x_wconf 83' lang='lat' dir='ltr'>Optime</span> <span class='ocrx_word' id='word_1_467' title='bbox 2886 3241 3227 3298; x_wconf 87' lang='lat' dir='ltr'>deauratam</span> <span class='ocrx_word' id='word_1_468' title='bbox 3251 3244 3318 3278; x_wconf 73' lang='lat'><strong>“3</strong></span> <span class='ocrx_word' id='word_1_469' title='bbox 3339 3261 3467 3316; x_wconf 76' lang='lat' dir='ltr'>qua:</span> <span class='ocrx_word' id='word_1_470' title='bbox 3490 3246 3577 3302; x_wconf 86' lang='lat' dir='ltr'>in-</span> 
     </span>
    </p>
   </div>
   <div class='ocr_carea' id='block_1_65' title="bbox 163 3317 3573 3405">
    <p class='ocr_par' dir='ltr' id='par_1_65' title="bbox 163 3317 3573 3405">
     <span class='ocr_line' id='line_1_65' title="bbox 163 3317 3573 3405; baseline 0.002 -20"><span class='ocrx_word' id='word_1_471' title='bbox 163 3345 284 3385; x_wconf 85' lang='lat' dir='ltr'>sum</span> <span class='ocrx_word' id='word_1_472' title='bbox 341 3329 623 3387; x_wconf 88' lang='lat' dir='ltr'>restituit.</span> <span class='ocrx_word' id='word_1_473' title='bbox 683 3330 995 3386; x_wconf 77' lang='lat' dir='ltr'>Ratberius</span> <span class='ocrx_word' id='word_1_474' title='bbox 1051 3328 1261 3385; x_wconf 85' lang='lat' dir='ltr'>Alnam</span> <span class='ocrx_word' id='word_1_475' title='bbox 1323 3330 1651 3401; x_wconf 89' lang='lat' dir='ltr'>revertitur,</span> <span class='ocrx_word' id='word_1_476' title='bbox 1708 3329 1807 3385; x_wconf 89' lang='lat' dir='ltr'>ubi</span> <span class='ocrx_word' id='word_1_477' title='bbox 1838 3317 1882 3386; x_wconf 89' lang='lat' dir='ltr'>C</span> <span class='ocrx_word' id='word_1_478' title='bbox 1921 3326 2291 3383; x_wconf 88' lang='lat' dir='ltr'>terdumalas</span> <span class='ocrx_word' id='word_1_479' title='bbox 2305 3326 2874 3400; x_wconf 89' lang='lat' dir='ltr'>stringit,interdum</span> <span class='ocrx_word' id='word_1_480' title='bbox 2898 3329 3008 3385; x_wconf 88' lang='lat' dir='ltr'>alis</span> <span class='ocrx_word' id='word_1_481' title='bbox 3028 3332 3283 3389; x_wconf 83' lang='lat' dir='ltr'>extensis</span> <span class='ocrx_word' id='word_1_482' title='bbox 3299 3350 3573 3405; x_wconf 88' lang='lat' dir='ltr'>capacem</span> 
     </span>
    </p>
   </div>
   <div class='ocr_carea' id='block_1_66' title="bbox 164 3417 1803 3492">
    <p class='ocr_par' dir='ltr' id='par_1_66' title="bbox 164 3417 1803 3492">
     <span class='ocr_line' id='line_1_66' title="bbox 164 3417 1803 3492; baseline 0.002 -20"><span class='ocrx_word' id='word_1_483' title='bbox 164 3422 415 3492; x_wconf 87' lang='lat' dir='ltr'>uterque,</span> <span class='ocrx_word' id='word_1_484' title='bbox 452 3419 585 3492; x_wconf 89' lang='lat' dir='ltr'>ipse</span> <span class='ocrx_word' id='word_1_485' title='bbox 614 3417 881 3474; x_wconf 89' lang='lat' dir='ltr'>videlicet</span> <span class='ocrx_word' id='word_1_486' title='bbox 912 3421 969 3474; x_wconf 91' lang='lat' dir='ltr'>et</span> <span class='ocrx_word' id='word_1_487' title='bbox 1002 3418 1203 3487; x_wconf 89' lang='lat' dir='ltr'>abbas,</span> <span class='ocrx_word' id='word_1_488' title='bbox 1230 3417 1342 3473; x_wconf 88' lang='lat' dir='ltr'>sibi</span> <span class='ocrx_word' id='word_1_489' title='bbox 1375 3417 1803 3488; x_wconf 88' lang='lat' dir='ltr'>reconciliatus,</span> 
     </span>
    </p>
   </div>
   <div class='ocr_carea' id='block_1_67' title="bbox 167 3506 1802 3582">
    <p class='ocr_par' dir='ltr' id='par_1_67' title="bbox 167 3506 1802 3582">
     <span class='ocr_line' id='line_1_67' title="bbox 167 3506 1802 3582; baseline 0.001 -21"><span class='ocrx_word' id='word_1_490' title='bbox 167 3506 230 3563; x_wconf 89' lang='lat' dir='ltr'>de</span> <span class='ocrx_word' id='word_1_491' title='bbox 272 3507 496 3582; x_wconf 91' lang='lat' dir='ltr'>reliquo</span> <span class='ocrx_word' id='word_1_492' title='bbox 548 3506 768 3580; x_wconf 89' lang='lat' dir='ltr'>deguit.</span> <span class='ocrx_word' id='word_1_493' title='bbox 803 3507 910 3573; x_wconf 90' lang='lat' dir='ltr'>Qui</span> <span class='ocrx_word' id='word_1_494' title='bbox 962 3512 1165 3580; x_wconf 88' lang='lat' dir='ltr'>postea</span> <span class='ocrx_word' id='word_1_495' title='bbox 1215 3508 1371 3578; x_wconf 89' lang='lat' dir='ltr'>apud</span> <span class='ocrx_word' id='word_1_496' title='bbox 1420 3506 1802 3577; x_wconf 88' lang='lat' dir='ltr'>Namurcum,</span> 
     </span>
    </p>
   </div>
   <div class='ocr_carea' id='block_1_68' title="bbox 165 3595 1801 3669">
    <p class='ocr_par' dir='ltr' id='par_1_68' title="bbox 165 3595 1801 3669">
     <span class='ocr_line' id='line_1_68' title="bbox 165 3595 1801 3669; baseline 0.001 -18"><span class='ocrx_word' id='word_1_497' title='bbox 165 3611 287 3653; x_wconf 89' lang='lat' dir='ltr'>cum</span> <span class='ocrx_word' id='word_1_498' title='bbox 318 3598 396 3653; x_wconf 88' lang='lat' dir='ltr'>ibi</span> <span class='ocrx_word' id='word_1_499' title='bbox 426 3598 580 3653; x_wconf 88' lang='lat' dir='ltr'>forte</span> <span class='ocrx_word' id='word_1_500' title='bbox 601 3611 736 3651; x_wconf 91' lang='lat' dir='ltr'>cum</span> <span class='ocrx_word' id='word_1_501' title='bbox 761 3596 972 3652; x_wconf 90' lang='lat' dir='ltr'>comite</span> <span class='ocrx_word' id='word_1_502' title='bbox 993 3595 1426 3669; x_wconf 90' lang='lat' dir='ltr'>aliquantulum</span> <span class='ocrx_word' id='word_1_503' title='bbox 1456 3601 1801 3666; x_wconf 87' lang='lat' dir='ltr'>moraretur,</span> 
     </span>
    </p>
   </div>
   <div class='ocr_carea' id='block_1_69' title="bbox 159 3683 1807 3759">
    <p class='ocr_par' dir='ltr' id='par_1_69' title="bbox 159 3683 1807 3759">
     <span class='ocr_line' id='line_1_69' title="bbox 159 3683 1807 3759; baseline 0.001 -20"><span class='ocrx_word' id='word_1_504' title='bbox 159 3683 267 3741; x_wconf 88' lang='lat' dir='ltr'>vita</span> <span class='ocrx_word' id='word_1_505' title='bbox 295 3686 569 3742; x_wconf 86' lang='lat' dir='ltr'>decessit.</span> <span class='ocrx_word' id='word_1_506' title='bbox 604 3685 787 3759; x_wconf 88' lang='lat' dir='ltr'>Cujus</span> <span class='ocrx_word' id='word_1_507' title='bbox 818 3702 1030 3758; x_wconf 91' lang='lat' dir='ltr'>corpus</span> <span class='ocrx_word' id='word_1_508' title='bbox 1060 3685 1133 3740; x_wconf 91' lang='lat' dir='ltr'>ad</span> <span class='ocrx_word' id='word_1_509' title='bbox 1166 3702 1272 3740; x_wconf 88' lang='lat' dir='ltr'>nos</span> <span class='ocrx_word' id='word_1_510' title='bbox 1304 3684 1584 3753; x_wconf 90' lang='lat' dir='ltr'>delatum,</span> <span class='ocrx_word' id='word_1_511' title='bbox 1619 3685 1807 3758; x_wconf 90' lang='lat' dir='ltr'>ponti-</span> 
     </span>
    </p>
   </div>
   <div class='ocr_carea' id='block_1_70' title="bbox 162 3764 1804 3848">
    <p class='ocr_par' dir='ltr' id='par_1_70' title="bbox 162 3764 1804 3848">
     <span class='ocr_line' id='line_1_70' title="bbox 162 3764 1804 3848; baseline 0.001 -20"><span class='ocrx_word' id='word_1_512' title='bbox 162 3773 414 3832; x_wconf 80' lang='lat' dir='ltr'>ﬁcalibus</span> <span class='ocrx_word' id='word_1_513' title='bbox 445 3774 711 3848; x_wconf 88' lang='lat' dir='ltr'>exequiis</span> <span class='ocrx_word' id='word_1_514' title='bbox 744 3773 1087 3830; x_wconf 91' lang='lat' dir='ltr'>solemniter</span> <span class='ocrx_word' id='word_1_515' title='bbox 1124 3773 1455 3839; x_wconf 89' lang='lat' dir='ltr'>celebratis,</span> <span class='ocrx_word' id='word_1_516' title='bbox 1478 3764 1804 3830; x_wconf 77' lang='lat' dir='ltr'>honorifice</span> 
     </span>
    </p>
   </div>
   <div class='ocr_carea' id='block_1_71' title="bbox 162 3861 1801 3920">
    <p class='ocr_par' dir='ltr' id='par_1_71' title="bbox 162 3861 1801 3920">
     <span class='ocr_line' id='line_1_71' title="bbox 162 3861 1801 3920; baseline 0.001 -4"><span class='ocrx_word' id='word_1_517' title='bbox 162 3867 241 3918; x_wconf 85' lang='lat' dir='ltr'>est</span> <span class='ocrx_word' id='word_1_518' title='bbox 282 3863 648 3919; x_wconf 85' lang='lat' dir='ltr'>tumulatum</span> <span class='ocrx_word' id='word_1_519' title='bbox 680 3862 743 3897; x_wconf 73' lang='lat'>‘°‘</span> <span class='ocrx_word' id='word_1_520' title='bbox 783 3862 844 3920; x_wconf 91' lang='lat' dir='ltr'>in</span> <span class='ocrx_word' id='word_1_521' title='bbox 894 3861 1140 3919; x_wconf 87' lang='lat' dir='ltr'>ecclesia</span> <span class='ocrx_word' id='word_1_522' title='bbox 1184 3862 1371 3918; x_wconf 88' lang='lat' dir='ltr'>sancti</span> <span class='ocrx_word' id='word_1_523' title='bbox 1421 3861 1680 3919; x_wconf 89' lang='lat' dir='ltr'>Ursmari</span> <span class='ocrx_word' id='word_1_524' title='bbox 1729 3863 1801 3917; x_wconf 91' lang='lat' dir='ltr'>ad</span> 
     </span>
    </p>
   </div>
   <div class='ocr_carea' id='block_1_72' title="bbox 161 3950 832 4025">
    <p class='ocr_par' dir='ltr' id='par_1_72' title="bbox 161 3950 832 4025">
     <span class='ocr_line' id='line_1_72' title="bbox 161 3950 832 4025; baseline -0.001 -17"><span class='ocrx_word' id='word_1_525' title='bbox 161 3953 369 4021; x_wconf 81' lang='lat' dir='ltr'>partem</span> <span class='ocrx_word' id='word_1_526' title='bbox 401 3950 832 4025; x_wconf 91' lang='lat' dir='ltr'>aquilonarem.</span> 
     </span>
    </p>
   </div>
   <div class='ocr_carea' id='block_1_73' title="bbox 216 4039 1803 4113">
    <p class='ocr_par' dir='ltr' id='par_1_73' title="bbox 216 4039 1803 4113">
     <span class='ocr_line' id='line_1_73' title="bbox 216 4039 1803 4113; baseline 0.001 -18"><span class='ocrx_word' id='word_1_527' title='bbox 216 4041 302 4095; x_wconf 86' lang='lat'>29.</span> <span class='ocrx_word' id='word_1_528' title='bbox 336 4041 483 4097; x_wconf 87' lang='lat' dir='ltr'>Pace</span> <span class='ocrx_word' id='word_1_529' title='bbox 516 4040 689 4098; x_wconf 89' lang='lat' dir='ltr'>nobis</span> <span class='ocrx_word' id='word_1_530' title='bbox 714 4057 818 4113; x_wconf 90' lang='lat' dir='ltr'>per</span> <span class='ocrx_word' id='word_1_531' title='bbox 847 4040 945 4095; x_wconf 92' lang='lat' dir='ltr'>Dei</span> <span class='ocrx_word' id='word_1_532' title='bbox 978 4039 1225 4113; x_wconf 87' lang='lat' dir='ltr'>gratiam</span> <span class='ocrx_word' id='word_1_533' title='bbox 1268 4039 1562 4112; x_wconf 88' lang='lat' dir='ltr'>Nothgero</span> <span class='ocrx_word' id='word_1_534' title='bbox 1595 4046 1803 4113; x_wconf 90' lang='lat' dir='ltr'>agente</span> 
     </span>
    </p>
   </div>
   <div class='ocr_carea' id='block_1_74' title="bbox 160 4126 1803 4200">
    <p class='ocr_par' dir='ltr' id='par_1_74' title="bbox 160 4126 1803 4200">
     <span class='ocr_line' id='line_1_74' title="bbox 160 4126 1803 4200; baseline 0.002 -20"><span class='ocrx_word' id='word_1_535' title='bbox 160 4126 489 4185; x_wconf 78' lang='lat' dir='ltr'>firmissima</span> <span class='ocrx_word' id='word_1_536' title='bbox 513 4128 748 4194; x_wconf 86' lang='lat' dir='ltr'>collata,</span> <span class='ocrx_word' id='word_1_537' title='bbox 779 4128 1032 4183; x_wconf 90' lang='lat' dir='ltr'>domnus</span> <span class='ocrx_word' id='word_1_538' title='bbox 1062 4129 1373 4200; x_wconf 90' lang='lat' dir='ltr'>episcopus</span> <span class='ocrx_word' id='word_1_539' title='bbox 1405 4127 1687 4183; x_wconf 91' lang='lat' dir='ltr'>Leodium</span> <span class='ocrx_word' id='word_1_540' title='bbox 1720 4147 1803 4185; x_wconf 88' lang='lat' dir='ltr'>re-</span> 
     </span>
    </p>
   </div>
   <div class='ocr_carea' id='block_1_75' title="bbox 158 4216 1799 4289">
    <p class='ocr_par' dir='ltr' id='par_1_75' title="bbox 158 4216 1799 4289">
     <span class='ocr_line' id='line_1_75' title="bbox 158 4216 1799 4289; baseline 0.004 -20"><span class='ocrx_word' id='word_1_541' title='bbox 158 4217 403 4286; x_wconf 88' lang='lat' dir='ltr'>vertitur,</span> <span class='ocrx_word' id='word_1_542' title='bbox 439 4217 739 4289; x_wconf 90' lang='lat' dir='ltr'>reliquum</span> <span class='ocrx_word' id='word_1_543' title='bbox 773 4222 1008 4289; x_wconf 88' lang='lat' dir='ltr'>tempus</span> <span class='ocrx_word' id='word_1_544' title='bbox 1039 4216 1097 4271; x_wconf 92' lang='lat' dir='ltr'>in</span> <span class='ocrx_word' id='word_1_545' title='bbox 1127 4216 1475 4272; x_wconf 89' lang='lat' dir='ltr'>innovandis</span> <span class='ocrx_word' id='word_1_546' title='bbox 1498 4216 1617 4274; x_wconf 91' lang='lat' dir='ltr'>sive</span> <span class='ocrx_word' id='word_1_547' title='bbox 1637 4219 1799 4275; x_wconf 87' lang='lat' dir='ltr'>deco-</span> 
     </span>
    </p>
   </div>
   <div class='ocr_carea' id='block_1_76' title="bbox 160 4303 1799 4377">
    <p class='ocr_par' dir='ltr' id='par_1_76' title="bbox 160 4303 1799 4377">
     <span class='ocr_line' id='line_1_76' title="bbox 160 4303 1799 4377; baseline 0.002 -18"><span class='ocrx_word' id='word_1_548' title='bbox 160 4306 344 4363; x_wconf 84' lang='lat' dir='ltr'>randis</span> <span class='ocrx_word' id='word_1_549' title='bbox 373 4307 606 4363; x_wconf 64' lang='lat' dir='ltr'>aedibus</span> <span class='ocrx_word' id='word_1_550' title='bbox 626 4308 683 4361; x_wconf 90' lang='lat' dir='ltr'>et</span> <span class='ocrx_word' id='word_1_551' title='bbox 704 4304 1117 4361; x_wconf 89' lang='lat' dir='ltr'>ecclesiasticis</span> <span class='ocrx_word' id='word_1_552' title='bbox 1139 4305 1313 4361; x_wconf 90' lang='lat' dir='ltr'>rebus</span> <span class='ocrx_word' id='word_1_553' title='bbox 1335 4303 1799 4377; x_wconf 89' lang='lat' dir='ltr'>multiplicandis</span> 
     </span>
    </p>
   </div>
   <div class='ocr_carea' id='block_1_77' title="bbox 159 4393 1801 4475">
    <p class='ocr_par' dir='ltr' id='par_1_77' title="bbox 159 4393 1801 4475">
     <span class='ocr_line' id='line_1_77' title="bbox 159 4393 1801 4475; baseline 0.002 -28"><span class='ocrx_word' id='word_1_554' title='bbox 159 4395 701 4475; x_wconf 56' lang='lat' dir='ltr'>consumens.Nam,</span> <span class='ocrx_word' id='word_1_555' title='bbox 729 4399 794 4451; x_wconf 90' lang='lat' dir='ltr'>ut</span> <span class='ocrx_word' id='word_1_556' title='bbox 814 4411 1017 4451; x_wconf 90' lang='lat' dir='ltr'>verum</span> <span class='ocrx_word' id='word_1_557' title='bbox 1041 4395 1348 4463; x_wconf 86' lang='lat' dir='ltr'>fateamur,</span> <span class='ocrx_word' id='word_1_558' title='bbox 1365 4393 1564 4452; x_wconf 84' lang='lat' dir='ltr'>nullus</span> <span class='ocrx_word' id='word_1_559' title='bbox 1587 4397 1801 4468; x_wconf 83' lang='lat' dir='ltr'>praede-</span> 
     </span>
    </p>
   </div>
   <div class='ocr_carea' id='block_1_78' title="bbox 161 4483 1796 4556">
    <p class='ocr_par' dir='ltr' id='par_1_78' title="bbox 161 4483 1796 4556">
     <span class='ocr_line' id='line_1_78' title="bbox 161 4483 1796 4556; baseline 0.002 -19"><span class='ocrx_word' id='word_1_560' title='bbox 161 4494 442 4540; x_wconf 86' lang='lat' dir='ltr'>cessorum</span> <span class='ocrx_word' id='word_1_561' title='bbox 475 4500 746 4552; x_wconf 89' lang='lat' dir='ltr'>suorum,</span> <span class='ocrx_word' id='word_1_562' title='bbox 778 4488 1068 4555; x_wconf 88' lang='lat' dir='ltr'>quantum</span> <span class='ocrx_word' id='word_1_563' title='bbox 1098 4483 1436 4540; x_wconf 90' lang='lat' dir='ltr'>recordatur</span> <span class='ocrx_word' id='word_1_564' title='bbox 1465 4484 1796 4556; x_wconf 90' lang='lat' dir='ltr'>opinio,illo</span> 
     </span>
    </p>
   </div>
   <div class='ocr_carea' id='block_1_79' title="bbox 160 4570 1796 4642">
    <p class='ocr_par' dir='ltr' id='par_1_79' title="bbox 160 4570 1796 4642">
     <span class='ocr_line' id='line_1_79' title="bbox 160 4570 1796 4642; baseline 0.004 -19"><span class='ocrx_word' id='word_1_565' title='bbox 160 4570 396 4641; x_wconf 84' lang='lat' dir='ltr'>amplius</span> <span class='ocrx_word' id='word_1_566' title='bbox 427 4570 815 4628; x_wconf 87' lang='lat' dir='ltr'>Leodlensem</span> <span class='ocrx_word' id='word_1_567' title='bbox 845 4570 1153 4627; x_wconf 89' lang='lat' dir='ltr'>ecclesiam</span> <span class='ocrx_word' id='word_1_568' title='bbox 1192 4572 1366 4628; x_wconf 87' lang='lat' dir='ltr'>rebus</span> <span class='ocrx_word' id='word_1_569' title='bbox 1399 4572 1579 4642; x_wconf 86' lang='lat' dir='ltr'>auxit,</span> <span class='ocrx_word' id='word_1_570' title='bbox 1613 4573 1796 4629; x_wconf 68' lang='lat' dir='ltr'>aedifi-</span> 
     </span>
    </p>
   </div>
   <div class='ocr_carea' id='block_1_80' title="bbox 1915 3416 3573 3490">
    <p class='ocr_par' dir='ltr' id='par_1_80' title="bbox 1915 3416 3573 3490">
     <span class='ocr_line' id='line_1_80' title="bbox 1915 3416 3573 3490; baseline 0.004 -19"><span class='ocrx_word' id='word_1_571' title='bbox 1915 3416 2362 3489; x_wconf 88' lang='lat' dir='ltr'>Evangeliorum</span> <span class='ocrx_word' id='word_1_572' title='bbox 2420 3416 2604 3471; x_wconf 90' lang='lat' dir='ltr'>codici</span> <span class='ocrx_word' id='word_1_573' title='bbox 2665 3416 2857 3472; x_wconf 91' lang='lat' dir='ltr'>locum</span> <span class='ocrx_word' id='word_1_574' title='bbox 2917 3419 3123 3489; x_wconf 89' lang='lat' dir='ltr'>pandit</span> <span class='ocrx_word' id='word_1_575' title='bbox 3172 3421 3341 3490; x_wconf 87' lang='lat'>(127),</span> <span class='ocrx_word' id='word_1_576' title='bbox 3395 3422 3573 3478; x_wconf 90' lang='lat' dir='ltr'>collo-</span> 
     </span>
    </p>
   </div>
   <div class='ocr_carea' id='block_1_81' title="bbox 1914 3503 3568 3577">
    <p class='ocr_par' dir='ltr' id='par_1_81' title="bbox 1914 3503 3568 3577">
     <span class='ocr_line' id='line_1_81' title="bbox 1914 3503 3568 3577; baseline 0.004 -18"><span class='ocrx_word' id='word_1_577' title='bbox 1914 3520 2029 3577; x_wconf 89' lang='lat' dir='ltr'>que</span> <span class='ocrx_word' id='word_1_578' title='bbox 2068 3504 2238 3576; x_wconf 90' lang='lat' dir='ltr'>quasi</span> <span class='ocrx_word' id='word_1_579' title='bbox 2289 3521 2391 3575; x_wconf 91' lang='lat' dir='ltr'>pro</span> <span class='ocrx_word' id='word_1_580' title='bbox 2424 3503 2594 3559; x_wconf 91' lang='lat' dir='ltr'>libitu</span> <span class='ocrx_word' id='word_1_581' title='bbox 2624 3504 2693 3539; x_wconf 79' lang='lat'><strong>“‘</strong></span> <span class='ocrx_word' id='word_1_582' title='bbox 2722 3504 3034 3562; x_wconf 80' lang='lat' dir='ltr'>artificiose</span> <span class='ocrx_word' id='word_1_583' title='bbox 3082 3507 3154 3561; x_wconf 92' lang='lat' dir='ltr'>ad</span> <span class='ocrx_word' id='word_1_584' title='bbox 3205 3508 3568 3565; x_wconf 68' lang='lat' dir='ltr'>audiendum</span> 
     </span>
    </p>
   </div>
   <div class='ocr_carea' id='block_1_82' title="bbox 1915 3591 3561 3667">
    <p class='ocr_par' dir='ltr' id='par_1_82' title="bbox 1915 3591 3561 3667">
     <span class='ocr_line' id='line_1_82' title="bbox 1915 3591 3561 3667; baseline 0.002 -20"><span class='ocrx_word' id='word_1_585' title='bbox 1915 3598 2129 3648; x_wconf 91' lang='lat' dir='ltr'>retorto</span> <span class='ocrx_word' id='word_1_586' title='bbox 2156 3594 2241 3658; x_wconf 67' lang='lat'>“5,</span> <span class='ocrx_word' id='word_1_587' title='bbox 2274 3591 2563 3647; x_wconf 78' lang='lat' dir='ltr'>immissis</span> <span class='ocrx_word' id='word_1_588' title='bbox 2593 3592 2661 3625; x_wconf 75' lang='grc'>⁴¹⁶</span> <span class='ocrx_word' id='word_1_589' title='bbox 2690 3592 2897 3663; x_wconf 89' lang='lat' dir='ltr'>prunis</span> <span class='ocrx_word' id='word_1_590' title='bbox 2931 3593 3312 3665; x_wconf 89' lang='lat' dir='ltr'>fragrantiam</span> <span class='ocrx_word' id='word_1_591' title='bbox 3361 3613 3561 3667; x_wconf 86' lang='lat' dir='ltr'>super-</span> 
     </span>
    </p>
   </div>
   <div class='ocr_carea' id='block_1_83' title="bbox 1912 3674 3568 3756">
    <p class='ocr_par' dir='ltr' id='par_1_83' title="bbox 1912 3674 3568 3756">
     <span class='ocr_line' id='line_1_83' title="bbox 1912 3674 3568 3756; baseline 0.004 -20"><span class='ocrx_word' id='word_1_592' title='bbox 1912 3681 2170 3754; x_wconf 89' lang='lat' dir='ltr'>impositi</span> <span class='ocrx_word' id='word_1_593' title='bbox 2208 3679 2396 3736; x_wconf 88' lang='lat' dir='ltr'>thuris</span> <span class='ocrx_word' id='word_1_594' title='bbox 2430 3674 2663 3735; x_wconf 88' lang='lat' dir='ltr'>emittit.</span> <span class='ocrx_word' id='word_1_595' title='bbox 2699 3680 2760 3736; x_wconf 92' lang='lat' dir='ltr'>In</span> <span class='ocrx_word' id='word_1_596' title='bbox 2794 3680 3140 3737; x_wconf 90' lang='lat' dir='ltr'>occidentali</span> <span class='ocrx_word' id='word_1_597' title='bbox 3172 3687 3368 3739; x_wconf 89' lang='lat' dir='ltr'>autem</span> <span class='ocrx_word' id='word_1_598' title='bbox 3402 3690 3568 3756; x_wconf 88' lang='lat' dir='ltr'>parte</span> 
     </span>
    </p>
   </div>
   <div class='ocr_carea' id='block_1_84' title="bbox 1912 3768 3567 3842">
    <p class='ocr_par' dir='ltr' id='par_1_84' title="bbox 1912 3768 3567 3842">
     <span class='ocr_line' id='line_1_84' title="bbox 1912 3768 3567 3842; baseline 0.003 -17"><span class='ocrx_word' id='word_1_599' title='bbox 1912 3770 2177 3842; x_wconf 90' lang='lat' dir='ltr'>ejusdem</span> <span class='ocrx_word' id='word_1_600' title='bbox 2210 3769 2480 3824; x_wconf 89' lang='lat' dir='ltr'>ambonis</span> <span class='ocrx_word' id='word_1_601' title='bbox 2517 3784 2720 3824; x_wconf 91' lang='lat' dir='ltr'>versus</span> <span class='ocrx_word' id='word_1_602' title='bbox 2772 3768 3056 3841; x_wconf 90' lang='lat' dir='ltr'>populum</span> <span class='ocrx_word' id='word_1_603' title='bbox 3107 3769 3241 3826; x_wconf 87' lang='lat' dir='ltr'>fecit</span> <span class='ocrx_word' id='word_1_604' title='bbox 3289 3770 3475 3829; x_wconf 88' lang='lat' dir='ltr'>altare</span> <span class='ocrx_word' id='word_1_605' title='bbox 3506 3774 3567 3831; x_wconf 94' lang='lat' dir='ltr'>in</span> 
     </span>
    </p>
   </div>
   <div class='ocr_carea' id='block_1_85' title="bbox 1912 3856 3566 3929">
    <p class='ocr_par' dir='ltr' id='par_1_85' title="bbox 1912 3856 3566 3929">
     <span class='ocr_line' id='line_1_85' title="bbox 1912 3856 3566 3929; baseline 0.003 -15"><span class='ocrx_word' id='word_1_606' title='bbox 1912 3858 2191 3915; x_wconf 87' lang='lat' dir='ltr'>honorem</span> <span class='ocrx_word' id='word_1_607' title='bbox 2225 3863 2438 3913; x_wconf 67' lang='lat' dir='ltr'>sancta:</span> <span class='ocrx_word' id='word_1_608' title='bbox 2471 3856 2661 3913; x_wconf 89' lang='lat' dir='ltr'>crucis</span> <span class='ocrx_word' id='word_1_609' title='bbox 2691 3862 2749 3914; x_wconf 89' lang='lat' dir='ltr'>et</span> <span class='ocrx_word' id='word_1_610' title='bbox 2774 3857 3041 3913; x_wconf 89' lang='lat' dir='ltr'>omnium</span> <span class='ocrx_word' id='word_1_611' title='bbox 3073 3864 3437 3929; x_wconf 84' lang='lat' dir='ltr'>sanctorum,</span> <span class='ocrx_word' id='word_1_612' title='bbox 3470 3863 3566 3919; x_wconf 91' lang='lat' dir='ltr'>cui</span> 
     </span>
    </p>
   </div>
   <div class='ocr_carea' id='block_1_86' title="bbox 1910 3946 3569 4021">
    <p class='ocr_par' dir='ltr' id='par_1_86' title="bbox 1910 3946 3569 4021">
     <span class='ocr_line' id='line_1_86' title="bbox 1910 3946 3569 4021; baseline 0.002 -17"><span class='ocrx_word' id='word_1_613' title='bbox 1910 3952 1969 4004; x_wconf 91' lang='lat' dir='ltr'>et</span> <span class='ocrx_word' id='word_1_614' title='bbox 1996 3946 2257 4003; x_wconf 90' lang='lat' dir='ltr'>tabulam</span> <span class='ocrx_word' id='word_1_615' title='bbox 2291 3950 2630 4019; x_wconf 90' lang='lat' dir='ltr'>argenteam</span> <span class='ocrx_word' id='word_1_616' title='bbox 2660 3947 3013 4019; x_wconf 88' lang='lat' dir='ltr'>anteposuit,</span> <span class='ocrx_word' id='word_1_617' title='bbox 3030 3951 3090 4004; x_wconf 90' lang='lat' dir='ltr'>et</span> <span class='ocrx_word' id='word_1_618' title='bbox 3110 3948 3361 4021; x_wconf 89' lang='lat' dir='ltr'>desuper</span> <span class='ocrx_word' id='word_1_619' title='bbox 3387 3951 3569 4008; x_wconf 82' lang='lat' dir='ltr'>viviti-</span> 
     </span>
    </p>
   </div>
   <div class='ocr_carea' id='block_1_87' title="bbox 1911 4034 3561 4110">
    <p class='ocr_par' dir='ltr' id='par_1_87' title="bbox 1911 4034 3561 4110">
     <span class='ocr_line' id='line_1_87' title="bbox 1911 4034 3561 4110; baseline 0.003 -17"><span class='ocrx_word' id='word_1_620' title='bbox 1911 4053 2041 4093; x_wconf 91' lang='lat' dir='ltr'>cam</span> <span class='ocrx_word' id='word_1_621' title='bbox 2073 4035 2234 4092; x_wconf 91' lang='lat' dir='ltr'>illam</span> <span class='ocrx_word' id='word_1_622' title='bbox 2268 4035 2500 4091; x_wconf 89' lang='lat' dir='ltr'>Domini</span> <span class='ocrx_word' id='word_1_623' title='bbox 2533 4034 2878 4110; x_wconf 90' lang='lat' dir='ltr'>imaginem,</span> <span class='ocrx_word' id='word_1_624' title='bbox 2910 4053 3089 4109; x_wconf 89' lang='lat' dir='ltr'>quam</span> <span class='ocrx_word' id='word_1_625' title='bbox 3120 4038 3337 4097; x_wconf 87' lang='lat' dir='ltr'>nostris</span> <span class='ocrx_word' id='word_1_626' title='bbox 3366 4041 3561 4098; x_wconf 88' lang='lat' dir='ltr'>adhuc</span> 
     </span>
    </p>
   </div>
   <div class='ocr_carea' id='block_1_88' title="bbox 1909 4123 3569 4203">
    <p class='ocr_par' dir='ltr' id='par_1_88' title="bbox 1909 4123 3569 4203">
     <span class='ocr_line' id='line_1_88' title="bbox 1909 4123 3569 4203; baseline 0.004 -23"><span class='ocrx_word' id='word_1_627' title='bbox 1909 4125 2081 4181; x_wconf 89' lang='lat' dir='ltr'>terris</span> <span class='ocrx_word' id='word_1_628' title='bbox 2112 4123 2631 4196; x_wconf 90' lang='lat' dir='ltr'>incomparabilem</span> <span class='ocrx_word' id='word_1_629' title='bbox 2663 4124 2787 4196; x_wconf 89' lang='lat' dir='ltr'>ipse</span> <span class='ocrx_word' id='word_1_630' title='bbox 2809 4126 3104 4197; x_wconf 88' lang='lat' dir='ltr'>quendam</span> <span class='ocrx_word' id='word_1_631' title='bbox 3128 4132 3193 4183; x_wconf 91' lang='lat' dir='ltr'>ut</span> <span class='ocrx_word' id='word_1_632' title='bbox 3213 4128 3427 4203; x_wconf 82' lang='lat' dir='ltr'>faceret</span> <span class='ocrx_word' id='word_1_633' title='bbox 3448 4148 3569 4186; x_wconf 91' lang='lat' dir='ltr'>ma-</span> 
     </span>
    </p>
   </div>
   <div class='ocr_carea' id='block_1_89' title="bbox 1908 4213 3569 4288">
    <p class='ocr_par' dir='ltr' id='par_1_89' title="bbox 1908 4213 3569 4288">
     <span class='ocr_line' id='line_1_89' title="bbox 1908 4213 3569 4288; baseline 0.004 -19"><span class='ocrx_word' id='word_1_634' title='bbox 1908 4230 2024 4287; x_wconf 89' lang='lat' dir='ltr'>gno</span> <span class='ocrx_word' id='word_1_635' title='bbox 2056 4214 2249 4286; x_wconf 89' lang='lat' dir='ltr'>preeio</span> <span class='ocrx_word' id='word_1_636' title='bbox 2275 4213 2661 4281; x_wconf 56' lang='lat' dir='ltr'>locaverat“,</span> <span class='ocrx_word' id='word_1_637' title='bbox 2680 4214 2879 4270; x_wconf 87' lang='lat' dir='ltr'>erexit.</span> <span class='ocrx_word' id='word_1_638' title='bbox 2898 4214 2977 4271; x_wconf 91' lang='lat' dir='ltr'>De</span> <span class='ocrx_word' id='word_1_639' title='bbox 3002 4216 3226 4288; x_wconf 90' lang='lat' dir='ltr'>reliquo</span> <span class='ocrx_word' id='word_1_640' title='bbox 3250 4224 3461 4276; x_wconf 88' lang='lat' dir='ltr'>ornatu</span> <span class='ocrx_word' id='word_1_641' title='bbox 3482 4237 3569 4276; x_wconf 87' lang='lat' dir='ltr'>ec-</span> 
     </span>
    </p>
   </div>
   <div class='ocr_carea' id='block_1_90' title="bbox 1908 4300 3566 4373">
    <p class='ocr_par' dir='ltr' id='par_1_90' title="bbox 1908 4300 3566 4373">
     <span class='ocr_line' id='line_1_90' title="bbox 1908 4300 3566 4373; baseline 0.003 -15"><span class='ocrx_word' id='word_1_642' title='bbox 1908 4301 2235 4358; x_wconf 89' lang='lat' dir='ltr'>clesiastico</span> <span class='ocrx_word' id='word_1_643' title='bbox 2248 4304 2304 4357; x_wconf 93' lang='lat' dir='ltr'>et</span> <span class='ocrx_word' id='word_1_644' title='bbox 2314 4302 2385 4356; x_wconf 91' lang='lat' dir='ltr'>de</span> <span class='ocrx_word' id='word_1_645' title='bbox 2398 4300 2889 4373; x_wconf 89' lang='lat' dir='ltr'>multiplicatione</span> <span class='ocrx_word' id='word_1_646' title='bbox 2920 4301 3205 4359; x_wconf 90' lang='lat' dir='ltr'>librorum</span> <span class='ocrx_word' id='word_1_647' title='bbox 3229 4305 3290 4360; x_wconf 92' lang='lat' dir='ltr'>in</span> <span class='ocrx_word' id='word_1_648' title='bbox 3312 4308 3566 4363; x_wconf 86' lang='lat' dir='ltr'>armario</span> 
     </span>
    </p>
   </div>
   <div class='ocr_carea' id='block_1_91' title="bbox 1908 4389 3563 4462">
    <p class='ocr_par' dir='ltr' id='par_1_91' title="bbox 1908 4389 3563 4462">
     <span class='ocr_line' id='line_1_91' title="bbox 1908 4389 3563 4462; baseline 0.001 -15"><span class='ocrx_word' id='word_1_649' title='bbox 1908 4409 2024 4447; x_wconf 90' lang='lat' dir='ltr'>non</span> <span class='ocrx_word' id='word_1_650' title='bbox 2055 4395 2221 4447; x_wconf 87' lang='lat' dir='ltr'>vacat</span> <span class='ocrx_word' id='word_1_651' title='bbox 2252 4389 2475 4456; x_wconf 87' lang='lat' dir='ltr'>dicere;</span> <span class='ocrx_word' id='word_1_652' title='bbox 2510 4389 2729 4445; x_wconf 83' lang='lat' dir='ltr'>sufﬁcit</span> <span class='ocrx_word' id='word_1_653' title='bbox 2757 4407 2826 4445; x_wconf 90' lang='lat' dir='ltr'>ex</span> <span class='ocrx_word' id='word_1_654' title='bbox 2866 4392 3163 4462; x_wconf 86' lang='lat' dir='ltr'>superﬂuo</span> <span class='ocrx_word' id='word_1_655' title='bbox 3195 4392 3303 4448; x_wconf 90' lang='lat' dir='ltr'>hoc</span> <span class='ocrx_word' id='word_1_656' title='bbox 3334 4394 3402 4428; x_wconf 79' lang='grc'>⁴¹⁸</span> <span class='ocrx_word' id='word_1_657' title='bbox 3433 4395 3563 4451; x_wconf 91' lang='lat' dir='ltr'>teti-</span> 
     </span>
    </p>
   </div>
   <div class='ocr_carea' id='block_1_92' title="bbox 1904 4481 3563 4555">
    <p class='ocr_par' dir='ltr' id='par_1_92' title="bbox 1904 4481 3563 4555">
     <span class='ocr_line' id='line_1_92' title="bbox 1904 4481 3563 4555; baseline 0.001 -18"><span class='ocrx_word' id='word_1_658' title='bbox 1904 4483 2081 4555; x_wconf 88' lang='lat' dir='ltr'>gisse.</span> <span class='ocrx_word' id='word_1_659' title='bbox 2136 4481 2292 4537; x_wconf 86' lang='lat' dir='ltr'>Feeit</span> <span class='ocrx_word' id='word_1_660' title='bbox 2338 4485 2394 4536; x_wconf 92' lang='lat' dir='ltr'>et</span> <span class='ocrx_word' id='word_1_661' title='bbox 2422 4496 2695 4534; x_wconf 90' lang='lat' dir='ltr'>coronam</span> <span class='ocrx_word' id='word_1_662' title='bbox 2727 4485 3084 4552; x_wconf 88' lang='lat' dir='ltr'>argenteam,</span> <span class='ocrx_word' id='word_1_663' title='bbox 3119 4482 3176 4535; x_wconf 90' lang='lat' dir='ltr'>in</span> <span class='ocrx_word' id='word_1_664' title='bbox 3209 4498 3328 4553; x_wconf 87' lang='lat' dir='ltr'>qua</span> <span class='ocrx_word' id='word_1_665' title='bbox 3356 4498 3563 4540; x_wconf 87' lang='lat' dir='ltr'>versus</span> 
     </span>
    </p>
   </div>
   <div class='ocr_carea' id='block_1_93' title="bbox 1906 4568 3560 4644">
    <p class='ocr_par' dir='ltr' id='par_1_93' title="bbox 1906 4568 3560 4644">
     <span class='ocr_line' id='line_1_93' title="bbox 1906 4568 3560 4644; baseline 0.001 -17"><span class='ocrx_word' id='word_1_666' title='bbox 1906 4570 2161 4644; x_wconf 87' lang='lat' dir='ltr'>scripsit.</span> <span class='ocrx_word' id='word_1_667' title='bbox 2198 4569 2356 4625; x_wconf 81' lang='lat' dir='ltr'>Fecit</span> <span class='ocrx_word' id='word_1_668' title='bbox 2385 4573 2441 4624; x_wconf 86' lang='lat' dir='ltr'>et</span> <span class='ocrx_word' id='word_1_669' title='bbox 2468 4583 2784 4640; x_wconf 87' lang='lat' dir='ltr'>campanas</span> <span class='ocrx_word' id='word_1_670' title='bbox 2817 4568 2965 4624; x_wconf 89' lang='lat' dir='ltr'>duas</span> <span class='ocrx_word' id='word_1_671' title='bbox 2996 4569 3270 4641; x_wconf 84' lang='lat' dir='ltr'>majores,</span> <span class='ocrx_word' id='word_1_672' title='bbox 3306 4586 3560 4643; x_wconf 90' lang='lat' dir='ltr'>quarum</span> 
     </span>
    </p>
   </div>
   <div class='ocr_carea' id='block_1_94' title="bbox 159 4653 3559 4752">
    <p class='ocr_par' dir='ltr' id='par_1_94' title="bbox 159 4653 3559 4752">
     <span class='ocr_line' id='line_1_94' title="bbox 159 4653 3559 4752; baseline 0.003 -44"><span class='ocrx_word' id='word_1_673' title='bbox 159 4653 253 4712; x_wconf 90' lang='lat' dir='ltr'>ciis</span> <span class='ocrx_word' id='word_1_674' title='bbox 284 4658 629 4715; x_wconf 87' lang='lat' dir='ltr'>nobilitavit.</span> <span class='ocrx_word' id='word_1_675' title='bbox 653 4658 972 4715; x_wconf 87' lang='lat' dir='ltr'>Creverunt</span> <span class='ocrx_word' id='word_1_676' title='bbox 998 4659 1098 4716; x_wconf 89' lang='lat' dir='ltr'>illo</span> <span class='ocrx_word' id='word_1_677' title='bbox 1129 4663 1391 4733; x_wconf 88' lang='lat' dir='ltr'>tempore</span> <span class='ocrx_word' id='word_1_678' title='bbox 1423 4666 1479 4715; x_wconf 91' lang='lat' dir='ltr'>et</span> <span class='ocrx_word' id='word_1_679' title='bbox 1502 4660 1560 4715; x_wconf 90' lang='lat' dir='ltr'>in</span> <span class='ocrx_word' id='word_1_680' title='bbox 1590 4677 1794 4718; x_wconf 86' lang='lat' dir='ltr'>mona-</span> <span class='ocrx_word' id='word_1_681' title='bbox 1826 4686 1874 4752; x_wconf 70' lang='grc' dir='ltr'>Β</span> <span class='ocrx_word' id='word_1_682' title='bbox 1904 4676 2108 4729; x_wconf 88' lang='lat' dir='ltr'>unam,</span> <span class='ocrx_word' id='word_1_683' title='bbox 2140 4675 2267 4731; x_wconf 75' lang='lat' dir='ltr'>qua:</span> <span class='ocrx_word' id='word_1_684' title='bbox 2318 4657 2576 4752; x_wconf 65' lang='lat' dir='ltr'>maxima</span> <span class='ocrx_word' id='word_1_685' title='bbox 2622 4660 2764 4725; x_wconf 87' lang='lat' dir='ltr'>erat,</span> <span class='ocrx_word' id='word_1_686' title='bbox 2800 4660 3001 4752; x_wconf 78' lang='lat' dir='ltr'>sancto</span> <span class='ocrx_word' id='word_1_687' title='bbox 3054 4658 3238 4726; x_wconf 91' lang='lat' dir='ltr'>Petro,</span> <span class='ocrx_word' id='word_1_688' title='bbox 3272 4665 3331 4715; x_wconf 90' lang='lat' dir='ltr'>et</span> <span class='ocrx_word' id='word_1_689' title='bbox 3380 4659 3559 4718; x_wconf 90' lang='lat' dir='ltr'>aliam</span> 
     </span>
    </p>
   </div>
   <div class='ocr_carea' id='block_1_95' title="bbox 156 4745 1794 4823">
    <p class='ocr_par' dir='ltr' id='par_1_95' title="bbox 156 4745 1794 4823">
     <span class='ocr_line' id='line_1_95' title="bbox 156 4745 1794 4823; baseline 0.005 -26"><span class='ocrx_word' id='word_1_690' title='bbox 156 4745 316 4801; x_wconf 85' lang='lat' dir='ltr'>sterio</span> <span class='ocrx_word' id='word_1_691' title='bbox 346 4752 552 4804; x_wconf 87' lang='lat' dir='ltr'>nostro</span> <span class='ocrx_word' id='word_1_692' title='bbox 583 4746 831 4804; x_wconf 62' lang='lat' dir='ltr'>aediﬁcia</span> <span class='ocrx_word' id='word_1_693' title='bbox 860 4748 1167 4819; x_wconf 88' lang='lat' dir='ltr'>nonnulla,</span> <span class='ocrx_word' id='word_1_694' title='bbox 1200 4747 1482 4806; x_wconf 87' lang='lat' dir='ltr'>instinctu</span> <span class='ocrx_word' id='word_1_695' title='bbox 1515 4751 1794 4823; x_wconf 91' lang='lat' dir='ltr'>episcopi,</span> 
     </span>
    </p>
   </div>
   <div class='ocr_carea' id='block_1_96' title="bbox 157 4835 1796 4903">
    <p class='ocr_par' dir='ltr' id='par_1_96' title="bbox 157 4835 1796 4903">
     <span class='ocr_line' id='line_1_96' title="bbox 157 4835 1796 4903; baseline 0.004 -13"><span class='ocrx_word' id='word_1_696' title='bbox 157 4845 316 4903; x_wconf 85' lang='lat' dir='ltr'>opera</span> <span class='ocrx_word' id='word_1_697' title='bbox 370 4836 606 4893; x_wconf 80' lang='lat' dir='ltr'>abbatis</span> <span class='ocrx_word' id='word_1_698' title='bbox 663 4835 838 4894; x_wconf 80' lang='lat' dir='ltr'>facta.</span> <span class='ocrx_word' id='word_1_699' title='bbox 900 4836 1292 4895; x_wconf 82' lang='lat' dir='ltr'>Refectorium</span> <span class='ocrx_word' id='word_1_700' title='bbox 1342 4856 1376 4894; x_wconf 92' lang='lat' dir='ltr'>a</span> <span class='ocrx_word' id='word_1_701' title='bbox 1412 4838 1796 4897; x_wconf 86' lang='lat' dir='ltr'>fundamento</span> 
     </span>
    </p>
   </div>
   <div class='ocr_carea' id='block_1_97' title="bbox 1906 4744 3559 4822">
    <p class='ocr_par' dir='ltr' id='par_1_97' title="bbox 1906 4744 3559 4822">
     <span class='ocr_line' id='line_1_97' title="bbox 1906 4744 3559 4822; baseline 0.001 -18"><span class='ocrx_word' id='word_1_702' title='bbox 1906 4753 2107 4804; x_wconf 90' lang='lat' dir='ltr'>sancto</span> <span class='ocrx_word' id='word_1_703' title='bbox 2140 4746 2414 4803; x_wconf 90' lang='lat' dir='ltr'>Ursmaro</span> <span class='ocrx_word' id='word_1_704' title='bbox 2446 4744 2607 4800; x_wconf 89' lang='lat' dir='ltr'>dedit</span> <span class='ocrx_word' id='word_1_705' title='bbox 2626 4745 2713 4798; x_wconf 68' lang='lat'>“9.</span> <span class='ocrx_word' id='word_1_706' title='bbox 2735 4745 2796 4800; x_wconf 91' lang='lat' dir='ltr'>In</span> <span class='ocrx_word' id='word_1_707' title='bbox 2822 4744 2934 4801; x_wconf 88' lang='lat' dir='ltr'>ista</span> <span class='ocrx_word' id='word_1_708' title='bbox 2957 4762 3159 4803; x_wconf 88' lang='lat' dir='ltr'>versus</span> <span class='ocrx_word' id='word_1_709' title='bbox 3181 4747 3261 4804; x_wconf 91' lang='lat' dir='ltr'>hii</span> <span class='ocrx_word' id='word_1_710' title='bbox 3287 4747 3559 4822; x_wconf 89' lang='lat' dir='ltr'>inscripti</span> 
     </span>
    </p>
   </div>
   <div class='ocr_carea' id='block_1_98' title="bbox 1905 4834 3562 4909">
    <p class='ocr_par' dir='ltr' id='par_1_98' title="bbox 1905 4834 3562 4909">
     <span class='ocr_line' id='line_1_98' title="bbox 1905 4834 3562 4909; baseline 0.001 -13"><span class='ocrx_word' id='word_1_711' title='bbox 1905 4844 2047 4896; x_wconf 87' lang='lat' dir='ltr'>sunt</span> <span class='ocrx_word' id='word_1_712' title='bbox 2088 4854 2100 4891; x_wconf 90' lang='lat'><strong>:</strong></span> <span class='ocrx_word' id='word_1_713' title='bbox 2152 4837 2316 4893; x_wconf 78' lang='lat' dir='ltr'>Iussu</span> <span class='ocrx_word' id='word_1_714' title='bbox 2345 4835 2605 4891; x_wconf 82' lang='lat' dir='ltr'>Futcuini</span> <span class='ocrx_word' id='word_1_715' title='bbox 2660 4850 2747 4890; x_wconf 84' lang='lat' dir='ltr'>me</span> <span class='ocrx_word' id='word_1_716' title='bbox 2801 4834 3045 4893; x_wconf 73' lang='lat' dir='ltr'>condidit</span> <span class='ocrx_word' id='word_1_717' title='bbox 3100 4838 3335 4909; x_wconf 75' lang='lat' dir='ltr'>artiﬁcis</span> <span class='ocrx_word' id='word_1_718' title='bbox 3363 4856 3562 4897; x_wconf 74' lang='lat' dir='ltr'>manus</span> 
     </span>
    </p>
   </div>
   <div class='ocr_carea' id='block_1_99' title="bbox 1510 4980 2190 5040">
    <p class='ocr_par' dir='ltr' id='par_1_99' title="bbox 1510 4980 2190 5040">
     <span class='ocr_line' id='line_1_99' title="bbox 1510 4980 2190 5040; baseline 0 -6"><span class='ocrx_word' id='word_1_719' title='bbox 1510 4980 1752 5039; x_wconf 73' lang='lat' dir='ltr'>VARl/E</span> <span class='ocrx_word' id='word_1_720' title='bbox 1792 4980 2190 5040; x_wconf 82' lang='lat' dir='ltr'>LECTIONES</span> 
     </span>
    </p>
   </div>
   <div class='ocr_carea' id='block_1_100' title="bbox 220 5118 3557 5182">
    <p class='ocr_par' dir='ltr' id='par_1_100' title="bbox 220 5118 3557 5182">
     <span class='ocr_line' id='line_1_100' title="bbox 220 5118 3557 5182; baseline 0.001 -7"><span class='ocrx_word' id='word_1_721' title='bbox 220 5118 283 5153; x_wconf 72' lang='grc'>⁸⁸³</span> <span class='ocrx_word' id='word_1_722' title='bbox 308 5121 734 5178; x_wconf 83' lang='lat' dir='ltr'>monasterium</span> <span class='ocrx_word' id='word_1_723' title='bbox 764 5124 819 5177; x_wconf 89' lang='lat'>2.</span> <span class='ocrx_word' id='word_1_724' title='bbox 896 5122 965 5159; x_wconf 80' lang='grc'>³⁹⁶</span> <span class='ocrx_word' id='word_1_725' title='bbox 994 5121 1140 5179; x_wconf 74' lang='lat' dir='ltr'>deest</span> <span class='ocrx_word' id='word_1_726' title='bbox 1190 5124 1240 5178; x_wconf 91' lang='lat'>1.</span> <span class='ocrx_word' id='word_1_727' title='bbox 1317 5123 1385 5158; x_wconf 69' lang='grc'>³9⁵</span> <span class='ocrx_word' id='word_1_728' title='bbox 1418 5122 1541 5179; x_wconf 69' lang='grc' dir='ltr'>Ι]ωο</span> <span class='ocrx_word' id='word_1_729' title='bbox 1568 5128 1624 5179; x_wconf 89' lang='grc'>2.</span> <span class='ocrx_word' id='word_1_730' title='bbox 1700 5126 1767 5161; x_wconf 81' lang='grc'>³⁹⁶</span> <span class='ocrx_word' id='word_1_731' title='bbox 1798 5142 1996 5182; x_wconf 90' lang='lat' dir='ltr'>moror</span> <span class='ocrx_word' id='word_1_732' title='bbox 2022 5127 2077 5179; x_wconf 89' lang='lat'>2.</span> <span class='ocrx_word' id='word_1_733' title='bbox 2153 5121 2219 5156; x_wconf 77' lang='grc'>³⁹⁷</span> <span class='ocrx_word' id='word_1_734' title='bbox 2248 5120 2319 5175; x_wconf 90' lang='lat' dir='ltr'>ob</span> <span class='ocrx_word' id='word_1_735' title='bbox 2366 5118 2423 5175; x_wconf 91' lang='lat' dir='ltr'>id</span> <span class='ocrx_word' id='word_1_736' title='bbox 2472 5118 2667 5176; x_wconf 73' lang='lat' dir='ltr'>desunt</span> <span class='ocrx_word' id='word_1_737' title='bbox 2693 5122 2748 5175; x_wconf 91' lang='lat'>2.</span> <span class='ocrx_word' id='word_1_738' title='bbox 2823 5120 2891 5155; x_wconf 66' lang='lat'>3°“</span> <span class='ocrx_word' id='word_1_739' title='bbox 2922 5121 2981 5176; x_wconf 90' lang='lat' dir='ltr'>d.</span> <span class='ocrx_word' id='word_1_740' title='bbox 3015 5121 3069 5177; x_wconf 89' lang='lat' dir='ltr'>d.</span> <span class='ocrx_word' id='word_1_741' title='bbox 3107 5140 3158 5178; x_wconf 88' lang='lat' dir='ltr'>e.</span> <span class='ocrx_word' id='word_1_742' title='bbox 3194 5140 3244 5180; x_wconf 92' lang='lat' dir='ltr'>e.</span> <span class='ocrx_word' id='word_1_743' title='bbox 3280 5123 3476 5181; x_wconf 79' lang='lat' dir='ltr'>desunt</span> <span class='ocrx_word' id='word_1_744' title='bbox 3507 5126 3557 5180; x_wconf 91' lang='lat'>1.</span> 
     </span>
    </p>
   </div>
   <div class='ocr_carea' id='block_1_101' title="bbox 157 5183 3556 5274">
    <p class='ocr_par' dir='ltr' id='par_1_101' title="bbox 157 5183 3556 5274">
     <span class='ocr_line' id='line_1_101' title="bbox 157 5183 3556 5274; baseline 0.001 -30"><span class='ocrx_word' id='word_1_745' title='bbox 157 5183 218 5274; x_wconf 46' lang='lat'>1”</span> <span class='ocrx_word' id='word_1_746' title='bbox 231 5188 516 5274; x_wconf 30' lang='lat' dir='ltr'>decuma-2.</span> <span class='ocrx_word' id='word_1_747' title='bbox 687 5193 1169 5274; x_wconf 48' lang='lat' dir='ltr'>reconciliavit}.</span> <span class='ocrx_word' id='word_1_748' title='bbox 1200 5266 1211 5274; x_wconf 84' lang='lat'>_</span> <span class='ocrx_word' id='word_1_749' title='bbox 1246 5194 1561 5274; x_wconf 40' lang='lat' dir='ltr'>mretqu</span> <span class='ocrx_word' id='word_1_750' title='bbox 1590 5198 1784 5274; x_wconf 70' lang='lat' dir='ltr'>capitis</span> <span class='ocrx_word' id='word_1_751' title='bbox 1823 5196 2020 5274; x_wconf 56' lang='lat' dir='ltr'>desunt</span> <span class='ocrx_word' id='word_1_752' title='bbox 2049 5197 2099 5274; x_wconf 94' lang='lat'>.</span> <span class='ocrx_word' id='word_1_753' title='bbox 2176 5191 2510 5274; x_wconf 28' lang='lat' dir='ltr'>“inedone</span> <span class='ocrx_word' id='word_1_754' title='bbox 2535 5193 2582 5247; x_wconf 92' lang='lat'>1.</span> <span class='ocrx_word' id='word_1_755' title='bbox 2615 5192 2727 5274; x_wconf 47' lang='lat'>“:03</span> <span class='ocrx_word' id='word_1_756' title='bbox 2758 5192 3071 5274; x_wconf 71' lang='lat' dir='ltr'>dicendum</span> <span class='ocrx_word' id='word_1_757' title='bbox 3101 5196 3303 5274; x_wconf 34' lang='lat'>2..“‘0‘</span> <span class='ocrx_word' id='word_1_758' title='bbox 3334 5196 3556 5274; x_wconf 76' lang='lat' dir='ltr'>nescie-</span> 
     </span>
    </p>
   </div>
   <div class='ocr_carea' id='block_1_102' title="bbox 160 5254 3555 5346">
    <p class='ocr_par' dir='ltr' id='par_1_102' title="bbox 160 5254 3555 5346">
     <span class='ocr_line' id='line_1_102' title="bbox 160 5254 3555 5346; baseline 0.002 -32"><span class='ocrx_word' id='word_1_759' title='bbox 160 5254 327 5346; x_wconf 45' lang='lat' dir='ltr'>bat}.</span> <span class='ocrx_word' id='word_1_760' title='bbox 366 5264 473 5346; x_wconf 38' lang='grc' dir='ltr'>ηανξ</span> <span class='ocrx_word' id='word_1_761' title='bbox 504 5264 861 5346; x_wconf 48' lang='grc' dir='ltr'>εοβριιῐὶεβ.</span> <span class='ocrx_word' id='word_1_762' title='bbox 895 5264 1140 5346; x_wconf 69' lang='lat' dir='ltr'>scidulis</span> <span class='ocrx_word' id='word_1_763' title='bbox 1191 5266 1293 5346; x_wconf 54' lang='lat'>1.“</span> <span class='ocrx_word' id='word_1_764' title='bbox 1318 5266 1386 5300; x_wconf 80' lang='grc'>⁴⁰⁶</span> <span class='ocrx_word' id='word_1_765' title='bbox 1416 5254 1796 5346; x_wconf 61' lang='lat' dir='ltr'>vestiebatun</span> <span class='ocrx_word' id='word_1_766' title='bbox 1818 5270 1903 5346; x_wconf 22' lang='lat' dir='ltr'>2x</span> <span class='ocrx_word' id='word_1_767' title='bbox 1950 5262 2451 5346; x_wconf 67' lang='lat' dir='ltr'>‘0&quot;__dcserviebant</span> <span class='ocrx_word' id='word_1_768' title='bbox 2478 5265 2533 5317; x_wconf 88' lang='lat'>2.</span> <span class='ocrx_word' id='word_1_769' title='bbox 2575 5264 2677 5346; x_wconf 51' lang='grc' dir='ltr'>Λ⁴⁰⁸</span> <span class='ocrx_word' id='word_1_770' title='bbox 2710 5264 2989 5346; x_wconf 43' lang='lat' dir='ltr'>assi.l_ibus</span> <span class='ocrx_word' id='word_1_771' title='bbox 3250 5268 3471 5346; x_wconf 78' lang='lat' dir='ltr'>optimc</span> <span class='ocrx_word' id='word_1_772' title='bbox 3500 5272 3555 5322; x_wconf 92' lang='lat'>2.</span> 
     </span>
    </p>
   </div>
   <div class='ocr_carea' id='block_1_103' title="bbox 160 5327 3555 5442">
    <p class='ocr_par' dir='ltr' id='par_1_103' title="bbox 160 5327 3555 5442">
     <span class='ocr_line' id='line_1_103' title="bbox 160 5327 3555 5442; baseline 0.003 -58"><span class='ocrx_word' id='word_1_773' title='bbox 160 5327 220 5362; x_wconf 83' lang='lat'>“°</span> <span class='ocrx_word' id='word_1_774' title='bbox 248 5331 409 5388; x_wconf 84' lang='lat' dir='ltr'>ﬁnxit</span> <span class='ocrx_word' id='word_1_775' title='bbox 434 5337 492 5389; x_wconf 89' lang='lat'>2.</span> <span class='ocrx_word' id='word_1_776' title='bbox 572 5337 634 5370; x_wconf 81' lang='grc'>⁴¹¹</span> <span class='ocrx_word' id='word_1_777' title='bbox 667 5335 898 5408; x_wconf 86' lang='lat' dir='ltr'>sculpta</span> <span class='ocrx_word' id='word_1_778' title='bbox 920 5339 972 5392; x_wconf 89' lang='lat'>2.</span> <span class='ocrx_word' id='word_1_779' title='bbox 1056 5336 1123 5371; x_wconf 77' lang='grc'>³¹²</span> <span class='ocrx_word' id='word_1_780' title='bbox 1153 5337 1415 5442; x_wconf 80' lang='lat' dir='ltr'>undique</span> <span class='ocrx_word' id='word_1_781' title='bbox 1464 5355 1526 5393; x_wconf 87' lang='lat' dir='ltr'>se</span> <span class='ocrx_word' id='word_1_782' title='bbox 1573 5354 1744 5394; x_wconf 90' lang='lat' dir='ltr'>secus</span> <span class='ocrx_word' id='word_1_783' title='bbox 1778 5339 1799 5392; x_wconf 93' lang='lat'>1</span> <span class='ocrx_word' id='word_1_784' title='bbox 1826 5343 1848 5395; x_wconf 77' lang='grc' dir='ltr'>Ρ</span> <span class='ocrx_word' id='word_1_785' title='bbox 1876 5342 1930 5396; x_wconf 87' lang='lat'>2.</span> <span class='ocrx_word' id='word_1_786' title='bbox 2008 5339 2075 5372; x_wconf 67' lang='lat'>&quot;3</span> <span class='ocrx_word' id='word_1_787' title='bbox 2105 5337 2546 5406; x_wconf 79' lang='lat' dir='ltr'>dcargentatam</span> <span class='ocrx_word' id='word_1_788' title='bbox 2574 5338 2631 5389; x_wconf 92' lang='lat'>2.</span> <span class='ocrx_word' id='word_1_789' title='bbox 2708 5336 2777 5369; x_wconf 75' lang='grc'>⁴¹⁴</span> <span class='ocrx_word' id='word_1_790' title='bbox 2805 5335 2970 5392; x_wconf 90' lang='lat' dir='ltr'>libito</span> <span class='ocrx_word' id='word_1_791' title='bbox 3013 5340 3067 5392; x_wconf 94' lang='lat'>2.</span> <span class='ocrx_word' id='word_1_792' title='bbox 3146 5339 3213 5374; x_wconf 73' lang='lat'>“5</span> <span class='ocrx_word' id='word_1_793' title='bbox 3244 5327 3306 5394; x_wconf 70' lang='lat' dir='ltr'>et</span> <span class='ocrx_word' id='word_1_794' title='bbox 3343 5340 3555 5394; x_wconf 90' lang='lat' dir='ltr'>iterum</span> 
     </span>
     <span class='ocr_line' id='line_1_104' title="bbox 162 5400 2821 5442; baseline 0 0"><span class='ocrx_word' id='word_1_795' title='bbox 162 5400 382 5442; x_wconf 66' lang='grc' dir='ltr'>ιιράιιριη</span> <span class='ocrx_word' id='word_1_796' title='bbox 410 5405 522 5442; x_wconf 72' lang='lat' dir='ltr'>mm</span> <span class='ocrx_word' id='word_1_797' title='bbox 577 5407 714 5442; x_wconf 56' lang='lat' dir='ltr'>nant.</span> <span class='ocrx_word' id='word_1_798' title='bbox 816 5408 883 5442; x_wconf 76' lang='lat' dir='ltr'>us</span> <span class='ocrx_word' id='word_1_799' title='bbox 909 5406 1111 5442; x_wconf 73' lang='grc' dir='ltr'>ςηυςςιςα</span> <span class='ocrx_word' id='word_1_800' title='bbox 1146 5409 1166 5442; x_wconf 75' lang='grc'><strong>4</strong></span> <span class='ocrx_word' id='word_1_801' title='bbox 1275 5409 1315 5442; x_wconf 73' lang='grc' dir='ltr'>ιι</span> <span class='ocrx_word' id='word_1_802' title='bbox 1371 5408 1513 5442; x_wconf 64' lang='lat' dir='ltr'>Amm</span> <span class='ocrx_word' id='word_1_803' title='bbox 1545 5410 1564 5442; x_wconf 78' lang='grc'><strong>4</strong></span> <span class='ocrx_word' id='word_1_804' title='bbox 1625 5414 1661 5442; x_wconf 80' lang='grc' dir='ltr'>ο</span> <span class='ocrx_word' id='word_1_805' title='bbox 1759 5410 1825 5442; x_wconf 79' lang='lat' dir='ltr'>us</span> <span class='ocrx_word' id='word_1_806' title='bbox 1854 5409 1962 5442; x_wconf 65' lang='grc' dir='ltr'>ιη...</span> <span class='ocrx_word' id='word_1_807' title='bbox 1995 5413 2226 5442; x_wconf 54' lang='lat' dir='ltr'>tantum</span> <span class='ocrx_word' id='word_1_808' title='bbox 2258 5411 2292 5442; x_wconf 75' lang='grc' dir='ltr'>ε)</span> <span class='ocrx_word' id='word_1_809' title='bbox 2392 5406 2460 5442; x_wconf 73' lang='lat' dir='ltr'>us</span> <span class='ocrx_word' id='word_1_810' title='bbox 2490 5406 2821 5442; x_wconf 60' lang='lat' dir='ltr'>.Imlinnun‘)</span> 
     </span>
    </p>
   </div>
   <div class='ocr_carea' id='block_1_104' title="bbox 162 5400 1296 5463">
    <p class='ocr_par' dir='ltr' id='par_1_104' title="bbox 162 5400 1296 5463">
     <span class='ocr_line' id='line_1_105' title="bbox 162 5400 1296 5463; baseline 0.01 -10"><span class='ocrx_word' id='word_1_811' title='bbox 162 5400 382 5460; x_wconf 86' lang='lat' dir='ltr'>reducto</span> <span class='ocrx_word' id='word_1_812' title='bbox 410 5405 542 5461; x_wconf 86' lang='lat' dir='ltr'>add.</span> <span class='ocrx_word' id='word_1_813' title='bbox 573 5407 739 5463; x_wconf 82' lang='lat' dir='ltr'>Dach.</span> <span class='ocrx_word' id='word_1_814' title='bbox 798 5400 883 5443; x_wconf 80' lang='grc'>’“⁶</span> <span class='ocrx_word' id='word_1_815' title='bbox 909 5406 1113 5463; x_wconf 85' lang='lat' dir='ltr'>invisis</span> <span class='ocrx_word' id='word_1_816' title='bbox 1146 5409 1198 5463; x_wconf 92' lang='lat'>1.</span> <span class='ocrx_word' id='word_1_817' title='bbox 1275 5409 1296 5442; x_wconf 81' lang='grc'><strong>⁴</strong></span> 
     </span>
    </p>
   </div>
   <div class='ocr_carea' id='block_1_105' title="bbox 1370 5406 2821 5466">
    <p class='ocr_par' dir='ltr' id='par_1_105' title="bbox 1370 5406 2821 5466">
     <span class='ocr_line' id='line_1_106' title="bbox 1370 5406 2821 5466; baseline -0.002 -3"><span class='ocrx_word' id='word_1_818' title='bbox 1370 5408 1513 5465; x_wconf 79' lang='lat' dir='ltr'>deest</span> <span class='ocrx_word' id='word_1_819' title='bbox 1545 5410 1594 5463; x_wconf 93' lang='lat'>1.</span> <span class='ocrx_word' id='word_1_820' title='bbox 1625 5414 1680 5464; x_wconf 91' lang='lat'>2.</span> <span class='ocrx_word' id='word_1_821' title='bbox 1759 5410 1825 5444; x_wconf 80' lang='grc'>⁴¹⁸</span> <span class='ocrx_word' id='word_1_822' title='bbox 1854 5409 1964 5466; x_wconf 86' lang='lat' dir='ltr'>hoc</span> <span class='ocrx_word' id='word_1_823' title='bbox 1995 5413 2229 5465; x_wconf 86' lang='lat' dir='ltr'>tantum</span> <span class='ocrx_word' id='word_1_824' title='bbox 2258 5411 2312 5463; x_wconf 88' lang='lat'>2.</span> <span class='ocrx_word' id='word_1_825' title='bbox 2392 5406 2460 5444; x_wconf 72' lang='lat'>&quot;9</span> <span class='ocrx_word' id='word_1_826' title='bbox 2490 5406 2821 5461; x_wconf 77' lang='lat' dir='ltr'>dedicavit?</span> 
     </span>
    </p>
   </div>
   <div class='ocr_carea' id='block_1_106' title="bbox 1736 5552 1969 5609">
    <p class='ocr_par' dir='ltr' id='par_1_106' title="bbox 1736 5552 1969 5609">
     <span class='ocr_line' id='line_1_107' title="bbox 1736 5552 1969 5609; baseline -0.004 -1"><span class='ocrx_word' id='word_1_827' title='bbox 1736 5552 1969 5609; x_wconf 75' lang='grc' dir='ltr'>ΝΟΤᾸΞ.</span> 
     </span>
    </p>
   </div>
   <div class='ocr_carea' id='block_1_107' title="bbox 222 5669 1443 5738">
    <p class='ocr_par' dir='ltr' id='par_1_107' title="bbox 222 5669 1443 5738">
     <span class='ocr_line' id='line_1_108' title="bbox 222 5669 1443 5738; baseline 0.004 -13"><span class='ocrx_word' id='word_1_828' title='bbox 222 5669 363 5738; x_wconf 88' lang='grc'>(125)</span> <span class='ocrx_word' id='word_1_829' title='bbox 392 5671 481 5727; x_wconf 84' lang='lat' dir='ltr'>Ct.</span> <span class='ocrx_word' id='word_1_830' title='bbox 515 5672 792 5729; x_wconf 86' lang='lat' dir='ltr'>Einhardi</span> <span class='ocrx_word' id='word_1_831' title='bbox 823 5673 1019 5732; x_wconf 90' lang='lat' dir='ltr'>Vitam</span> <span class='ocrx_word' id='word_1_832' title='bbox 1051 5674 1244 5733; x_wconf 87' lang='lat' dir='ltr'>Karoli</span> <span class='ocrx_word' id='word_1_833' title='bbox 1273 5692 1322 5732; x_wconf 92' lang='lat' dir='ltr'>c.</span> <span class='ocrx_word' id='word_1_834' title='bbox 1360 5678 1443 5732; x_wconf 91' lang='lat'>18.</span> 
     </span>
    </p>
   </div>
   <div class='ocr_carea' id='block_1_108' title="bbox 225 5736 827 5811">
    <p class='ocr_par' dir='ltr' id='par_1_108' title="bbox 225 5736 827 5811">
     <span class='ocr_line' id='line_1_109' title="bbox 225 5736 827 5811; baseline 0.015 -18"><span class='ocrx_word' id='word_1_835' title='bbox 225 5736 361 5811; x_wconf 77' lang='lat'>(126)</span> <span class='ocrx_word' id='word_1_836' title='bbox 389 5742 551 5799; x_wconf 82' lang='lat' dir='ltr'>Fhiit</span> <span class='ocrx_word' id='word_1_837' title='bbox 578 5763 630 5801; x_wconf 86' lang='lat' dir='ltr'>a.</span> <span class='ocrx_word' id='word_1_838' title='bbox 669 5747 827 5802; x_wconf 91' lang='lat'>1008.</span> 
     </span>
    </p>
   </div>
   <div class='ocr_carea' id='block_1_109' title="bbox 1976 5673 3546 5806">
    <p class='ocr_par' dir='ltr' id='par_1_109' title="bbox 1976 5673 3546 5806">
     <span class='ocr_line' id='line_1_110' title="bbox 1976 5673 3546 5806; baseline -0.003 -74"><span class='ocrx_word' id='word_1_839' title='bbox 1976 5675 2355 5806; x_wconf 39' lang='lat' dir='ltr'>(tangemus.</span> <span class='ocrx_word' id='word_1_840' title='bbox 2385 5693 2531 5733; x_wconf 75' lang='lat' dir='ltr'>aerea</span> <span class='ocrx_word' id='word_1_841' title='bbox 2560 5677 2849 5748; x_wconf 89' lang='lat' dir='ltr'>ejusmodi</span> <span class='ocrx_word' id='word_1_842' title='bbox 2895 5676 2954 5732; x_wconf 90' lang='lat' dir='ltr'>in</span> <span class='ocrx_word' id='word_1_843' title='bbox 3005 5676 3246 5733; x_wconf 88' lang='lat' dir='ltr'>basilica</span> <span class='ocrx_word' id='word_1_844' title='bbox 3290 5673 3546 5746; x_wconf 88' lang='lat' dir='ltr'>Aquensi</span> 
     </span>
     <span class='ocr_line' id='line_1_111' title="bbox 1976 5766 2232 5805; baseline -0.02 1"><span class='ocrx_word' id='word_1_845' title='bbox 1976 5766 2001 5805; x_wconf 90' lang='lat' dir='ltr'>s</span> <span class='ocrx_word' id='word_1_846' title='bbox 2097 5788 2111 5804; x_wconf 91' lang='lat'>.</span> <span class='ocrx_word' id='word_1_847' title='bbox 2220 5787 2232 5801; x_wconf 92' lang='lat'>.</span> 
     </span>
    </p>
   </div>
   <div class='ocr_carea' id='block_1_110' title="bbox 1903 5765 2232 5805">
    <p class='ocr_par' dir='ltr' id='par_1_110' title="bbox 1903 5765 2232 5805">
     <span class='ocr_line' id='line_1_112' title="bbox 1903 5765 2232 5805; baseline -0.009 0"><span class='ocrx_word' id='word_1_848' title='bbox 1903 5765 2111 5805; x_wconf 74' lang='grc' dir='ltr'>ΘΧΒιᾶῐη</span> <span class='ocrx_word' id='word_1_849' title='bbox 2143 5765 2232 5804; x_wconf 76' lang='lat' dir='ltr'>DD.</span> 
     </span>
    </p>
   </div>
  </div>
