3912 6368
310 386 427 475 5:5

1393 386 1761 453 FOLCUINI
1804 390 2139 457 ABBATIS
2188 396 2648 460 LAUBIENSIS

3612 398 3737 491 s76

306 521 574 611 Danielis,
602 520 672 577 ad
704 520 938 625 laudent"
957 521 1188 581 Triadis.
1225 521 1288 605 In
1334 520 1448 577 alia
1495 522 1650 579 istud
1704 526 1963 580 tantum-
1993 534 2049 603 Α
2078 544 2185 584 nos
2218 544 2450 602 quoque
2479 530 2549 567 ⁸⁸⁸
2575 530 2867 600 volumus,
2900 540 2958 591 et
2986 532 3087 591 tali
3134 535 3308 625 modo
3363 534 3554 601 fanus
3601 552 3730 608 per,-

308 606 481 668 modo
516 628 529 667 :
562 611 866 668 Fulcuinus
897 609 1002 666 Deo
1037 618 1087 666 et
1113 600 1342 683 patrima
1374 627 1471 667 suo
1520 620 1701 669 sancto
1733 614 1800 648 ⁸³⁰
1834 615 1965 671 Urs-

305 717 479 756 mare.

327 783 335 791 ’
376 790 467 845 30.
499 788 758 845 Ecclesia
786 790 847 823 ⁸³³
874 792 1039 845 trans
1061 789 1371 845 Sambram
1396 790 1454 844 in
1480 791 1544 825 ⁸³³
1571 795 1767 847 monte
1788 809 1965 864 quem

308 896 415 935 nos
446 879 817 946 Sanctorum,
854 876 1065 949 vulgus
1109 877 1424 934 Pulchrum
1458 885 1641 947 vocat,
1673 882 1803 951 ejus
1828 884 1967 936 tem-

308 985 445 1041 pore
476 969 665 1040 ccepta
696 972 784 1021 est
814 966 1119 1022 occasione
1161 966 1526 1039 liujusmodi.
1560 970 1771 1023 Arebat
1821 987 1963 1041 quo-

306 1058 443 1113 dam
475 1060 738 1128 tempore
770 1055 838 1090 ⁸³³
868 1058 1042 1124 terra,
1077 1060 1135 1111 et
1167 1056 1468 1129 denegatis
1522 1056 1754 1130 pluviis,
1789 1058 1961 1113 desu-

306 1142 410 1217 per
439 1146 506 1180 ⁸²⁸
539 1144 661 1200 sele
691 1147 966 1212 torrente,
996 1144 1169 1200 Heliae
1201 1145 1569 1201 timebantur
1589 1147 1655 1180 ⁸³³
1677 1148 1959 1219 tempora.

306 1229 511 1291 Omnis
544 1232 710 1306 plebs
740 1238 797 1288 et
826 1236 950 1288 tota
980 1232 1278 1304 provincia
1324 1234 1586 1289 cucurrit
1633 1239 1869 1306 experta
1894 1236 1965 1272 ⁸³⁸

304 1323 418 1379 sibi
449 1323 521 1378 ad
562 1320 860 1395 suffragia,
897 1327 1167 1377 sanctum
1217 1321 1489 1378 videlicet
1520 1323 1584 1357 "7
1617 1322 1961 1379 Ursmarum

305 1408 618 1485 patronum
650 1409 718 1445 ⁸³⁸
750 1411 810 1467 in
842 1409 1186 1481 hujusmodi
1217 1412 1285 1446 "9
1315 1410 1705 1467 anxietatibus
1754 1412 1827 1468 ad
1859 1412 1960 1468 Dci

305 1501 556 1575 gratiam
584 1499 1090 1573 repropiciandam
1123 1498 1617 1567 assuetissimum,
1652 1517 1864 1574 rogans
1895 1501 1962 1537 ⁸³⁰

304 1584 601 1657 abbatem,
640 1592 704 1644 ut
736 1587 982 1661 prolatis
1012 1593 1353 1645 sanctorum
1402 1588 1746 1662 pigneribus
1799 1602 1961 1647 more

304 1678 659 1737 letaniarum
682 1676 1042 1733 circumferri
1068 1694 1136 1733 ea
1160 1677 1497 1750 praeciperet
1518 1678 1604 1734 ⁸³³.
1619 1677 1761 1733 Item
1776 1678 1959 1734 abbas

305 1756 377 1839 ad
411 1770 620 1824 fratres
652 1767 846 1835 refert,
880 1766 1125 1823 laudant
1152 1765 1517 1823 devotionem
1539 1765 1962 1840 plebis,dicunt

302 1861 353 1917 ei
387 1860 474 1928 ⁸³³,
509 1855 850 1913 satisfacere
896 1856 1104 1912 debere
1135 1857 1221 1911 ⁸³³.
1256 1856 1478 1914 Indicio
1529 1873 1664 1929 ergo
1696 1856 1763 1891 ⁸³⁸
1791 1872 1962 1931 gene-

302 1907 410 2029 ἔξω
436 1907 851 2023 initialis;
881 1907 1449 2020 ἇίέῥὶᾷεηχὸξῇῐέδε
1473 1907 1635 2003 ιωήῖ
1654 1907 1953 2016 confluxit,
1987 1907 2035 1972 Β

304 2043 587 2116 quantum
617 2037 683 2073 ⁸³⁵
729 2036 790 2093 in
842 2052 1028 2092 unum
1079 2034 1488 2109 conglobatam
1520 2036 1585 2071 ⁸³⁷
1614 2035 1705 2092 vix
1733 2036 1799 2071 ⁸³⁸
1833 2052 1959 2093 um-

304 2144 482 2202 quam
514 2126 662 2183 vidit
691 2141 886 2182 nemo.
921 2123 1332 2181 Producuntur
1360 2123 1427 2160 ‘3’
1455 2123 1515 2181 in
1545 2124 1774 2182 feretris
1805 2141 1958 2182 com-

302 2215 495 2291 posita
532 2217 872 2272 sanctorum
915 2229 1178 2285 corpora,
1212 2230 1327 2269 non
1358 2212 1486 2271 sine
1516 2231 1730 2288 magno
1760 2215 1829 2250 ⁸⁸⁰
1859 2232 1957 2288 po-

299 2289 425 2379 puli
444 2303 606 2359 luctu
632 2300 921 2376 permixta
941 2300 1171 2369 laztitia;
1194 2306 1253 2358 et
1270 2302 1409 2376 quia
1428 2307 1591 2359 tanta
1611 2307 1736 2360 erat
1755 2301 1953 2376 populi

300 2391 638 2460 multitudo,
674 2393 741 2448 ut
769 2406 899 2448 eam
920 2390 983 2426 ⁸⁸¹
1009 2390 1271 2463 cujusvis
1291 2392 1483 2464 campi
1505 2390 1773 2465 quamvis
1790 2391 1953 2448 latis-

299 2468 436 2540 simi
456 2480 549 2538 vix
571 2484 804 2554 caperet
825 2479 1170 2554 amplitudo,
1195 2484 1643 2554 proposueruut,
1660 2484 1726 2538 ut
1747 2481 1814 2517 ⁸⁸³
1838 2479 1954 2538 hiis

298 2568 400 2648 qui
432 2570 588 2629 ultra
616 2570 683 2606 ⁸⁸³
715 2569 1024 2627 Sambram
1046 2574 1211 2626 erant
1233 2569 1491 2643 primum
1520 2569 1829 2629 salutanda
1853 2570 1951 2627 de-

301 2663 592 2719 ferrentur
622 2660 682 2716 in
716 2662 914 2716 monte
946 2676 1126 2733 supra
1152 2663 1476 2716 memorato
1506 2658 1645 2715 etin
1671 2657 1796 2715 loco
1816 2676 1953 2731 pra:-

298 2733 444 2823 viso.
481 2749 565 2807 lbi
598 2753 765 2805 tanta
786 2748 897 2804 fuit
918 2746 1117 2821 populi
1143 2746 1387 2815 devotio,
1404 2752 1597 2803 utnon
1621 2748 1808 2821 possit
1826 2764 1953 2822 pro-

299 2839 465 2917 sequi
496 2838 565 2873 ⁸⁸⁸
596 2837 834 2910 scripto.
869 2837 950 2895 Ex
998 2835 1358 2909 sumptibus,
1391 2853 1539 2908 quos
1586 2836 1834 2909 largitus
1864 2841 1953 2893 est

298 2926 885 3003 populus,designata
914 2929 1021 2993 est,
1054 2929 1112 2980 et
1139 2923 1371 2997 incepta
1400 2924 1644 2982 ecclesia
1669 2944 1681 2994 ;
1716 2927 1951 2998 quando

296 3018 384 3091 vel
417 3035 452 3074 a
482 3032 600 3091 quo
633 3016 744 3073 erit
774 3013 1148 3088 perﬁcienda,
1184 3013 1243 3070 in
1275 3013 1379 3070 Dei
1426 3018 1517 3070 est
1563 3013 1948 3088 providentia.

301 3089 616 3184 Reportata
646 3108 788 3160 sunt
818 3107 877 3160 et
907 3102 1085 3176 citra;
1119 3106 1176 3160 et
1204 3101 1299 3159 hic
1348 3102 1737 3161 nihilominus
1788 3106 1952 3161 tanta

296 3198 422 3252 erat
455 3192 791 3260 multitudo,
828 3194 893 3247 ut
933 3190 1181 3247 iuvicem
1214 3195 1566 3249 artarcntur.
1600 3191 1868 3250 Ostendit
1895 3197 1953 3251 et

2075 616 2378 673 solvimus.

2144 706 2235 762 31.
2269 707 2511 763 Fundus
2560 713 2667 776 est,
2719 726 2898 782 quam
2941 711 3009 746 ⁸⁵⁰
3045 710 3255 768 Villam
3308 712 3531 769 l'teliam
3578 715 3730 785 (128)

2074 800 2312 864 vocant;
2346 796 2395 851 is
2425 797 2488 831 ⁸¹⁵¹
2523 798 2692 853 nobis
2712 796 2939 855 vicinus
2960 803 3071 866 est,
3095 804 3153 856 et
3183 800 3242 856 in
3265 818 3332 857 eo
3354 800 3422 835 ⁸³³
3444 803 3734 858 memoria

2074 884 2260 938 sancti
2312 883 2593 939 Ursmari.
2630 886 2845 941 Ferunt
2895 889 3148 944 eundem
3198 889 3387 944 virum
3418 889 3544 957 Dei,
3581 890 3727 946 dum

2074 971 2295 1027 mundo
2326 972 2606 1040 exularet,
2640 978 2699 1028 et
2726 991 2921 1047 regem
2954 978 3111 1048 apud
3155 979 3433 1051 Lyptinas
3464 995 3727 1036 commo-

2073 1065 2300 1115 rantem
2331 1060 2397 1095 ⁸⁸³
2416 1061 2621 1117 urbem
2644 1061 2907 1119 crebrius
2931 1065 3223 1133 inviseret,
3249 1065 3389 1138 quia
3409 1065 3574 1122 locus
3595 1084 3730 1123 con-

2070 1147 2272 1220 tiguus
2299 1148 2403 1204 viae
2434 1153 2543 1217 est,
2578 1149 2696 1206 illic
2728 1151 2969 1207 solitum
3000 1153 3397 1225 requiescere;
3432 1157 3613 1227 atque
3642 1153 3727 1212 ibi

2072 1237 2328 1305 dentem,
2364 1238 2466 1309 qui
2497 1238 2570 1293 ob
2604 1236 2853 1295 nimium
2887 1238 3147 1296 dolorem
3178 1274 3246 1282 -—
3270 1259 3385 1315 qua
3404 1242 3730 1309 valitudine

2071 1324 2167 1379 ille
2199 1324 2524 1397 plurimum
2551 1326 2855 1385 laborabat
2875 1361 2943 1370 -—
2972 1328 3092 1387 illic
3122 1330 3438 1397 deciderat,
3464 1331 3609 1388 inibi
3632 1333 3730 1390 de-

2069 1414 2310 1471 fodisse.
2345 1414 2535 1472 Locus
2565 1414 2674 1472 iste
2703 1414 2949 1474 ecclesia
2985 1434 3151 1475 sacer
3195 1424 3341 1489 erat,
3375 1421 3476 1476 sed
3506 1419 3726 1480 civium

2070 1503 2427 1577 negligentia
2452 1505 2753 1562 destructa
2790 1506 2999 1574 fuerat,
3033 1507 3215 1564 altare
3245 1509 3315 1544 ⁸⁸⁸
3363 1514 3559 1566 tamen
3612 1508 3727 1567 loci

2067 1580 2358 1648 incultum
2382 1599 2764 1650 remanserat.
2791 1594 2990 1652 Caecus
3012 1596 3253 1670 quidam
3282 1598 3362 1653 ibi
3384 1603 3527 1665 erat,
3543 1598 3639 1654 cui
3663 1597 3728 1657 in

2067 1684 2325 1737 mentem
2358 1682 2528 1751 sedit,
2562 1686 2630 1738 ut
2659 1682 2843 1739 altare
2871 1683 3195 1741 viminibus
3226 1686 3503 1761 cingeret,
3528 1704 3602 1747 ne
3622 1705 3727 1761 pe-

2067 1770 2303 1826 coribus
2336 1774 2436 1826 aut
2466 1771 2711 1827 canibus
2743 1771 2959 1829 adibile
2989 1779 3161 1831 esset.
3199 1773 3303 1841 Qui
3339 1776 3596 1849 quadam
3628 1776 3728 1837 die

2067 1875 2246 1931 puero
2275 1861 2543 1932 praeduce
2574 1859 2633 1915 in
2665 1859 2851 1917 sivam
2881 1862 3152 1934 perrexit,
3188 1864 3449 1937 dumque
3493 1865 3724 1939 virgam

2064 1948 2138 2005 ad
2161 1964 2222 2004 se
2244 1948 2515 2021 applicat,
2532 1953 2597 2006 ut
2617 1964 2745 2005 eam
2772 1966 2907 2006 cum
2931 1950 3284 2010 ferramento
3306 1951 3609 2027 capularet
3629 1954 3721 2025 ⁸⁵⁵,

2064 2036 2124 2092 in
2155 2038 2221 2073 ⁸⁸⁸
2251 2038 2378 2111 ipso
2409 2038 2717 2094 conamine
2747 2038 2899 2096 oculi
2932 2041 3059 2112 ejus
3092 2040 3175 2097 ita
3224 2043 3409 2114 aperti
3459 2046 3621 2114 sunt,
3657 2050 3727 2101 ut

2064 2124 2217 2182 clare
2248 2124 2467 2182 videret
2486 2127 2573 2182 “7.

2132 2216 2221 2270 32.
2256 2214 2418 2271 Anus
2445 2215 2712 2287 quaedam
2745 2216 2902 2287 apud
2932 2233 3040 2273 nos
3069 2222 3213 2285 erat,
3248 2234 3376 2291 qua:
3417 2217 3721 2279 interdum

2061 2301 2319 2360 ecclesia:
2351 2301 2682 2374 stipendiis,
2716 2301 3014 2358 interdum
3063 2302 3329 2373 fidelium
3378 2304 3723 2367 elemosinis

2063 2386 2349 2449 alebatur.
2379 2391 2561 2463 Cujus
2584 2407 2797 2447 manus
2818 2390 3058 2447 dextera
3074 2390 3157 2448 ita
3177 2397 3304 2449 erat
3328 2396 3727 2465 contracta,ut.

2062 2466 2288 2554 ungues
2321 2477 2639 2551 digitorum
2668 2477 2859 2534 volam
2891 2478 3099 2551 palma:
3138 2479 3480 2540 viderentur
3526 2485 3723 2558 perfo-

2062 2586 2224 2626 rasse
2244 2569 2330 2623 ⁸⁸³.
2349 2571 2481 2623 Haec
2502 2567 2595 2623 die
2617 2568 2896 2640 quadam,
2912 2584 3042 2641 quae
3059 2568 3390 2627 habebatur
3408 2571 3725 2632 Dominioa

2058 2661 2299 2730 eratque
2313 2655 2463 2729 quad
2472 2654 2911 2729 ragesimalium
2939 2656 3169 2713 dierum
3191 2658 3384 2725 tertia,
3397 2658 3457 2717 in
3470 2661 3726 2720 ecclesia.

2058 2744 2246 2803 sancti
2276 2744 2536 2801 Ursmari
2570 2744 2695 2801 loco
2726 2760 2834 2800 suo
2873 2743 3056 2814 stetit,
3091 2749 3149 2801 et
3194 2744 3349 2803 inter
3396 2748 3723 2806 missarum

2058 2834 2511 2892 celebrationem
2544 2832 2740 2890 subito
2772 2832 3102 2900 intremuit,
3128 2850 3264 2891 cum
3288 2835 3572 2904 subito,et
3588 2854 3726 2913 pro-

2058 2927 2188 2997 pter
2236 2922 2686 2979 diuturnitatem
2716 2922 2784 2957 ⁸⁵⁹
2835 2922 3196 2999 incommodi
3242 2924 3344 2982 illa
3390 2925 3722 3000 insperata,

2057 3014 2360 3085 cmperunt
2387 3028 2450 3067 se
2470 3011 2630 3067 nervi
2655 3010 2977 3085 digitorum
2998 3013 3307 3069 extendere
3327 3017 3384 3069 et
3402 3031 3619 3087 manus
3640 3017 3725 3095 ad

2058 3100 2317 3159 ofﬁcium
2350 3116 2525 3157 suum
2573 3099 2781 3157 redire.
2817 3097 2927 3157 Illa
2959 3104 3025 3156 ut
3051 3099 3366 3173 persensit,
3398 3099 3729 3163 ecclesiam

2055 3190 2297 3247 vocibus
2329 3188 2657 3263 complevit.
2693 3188 2868 3246 Plena
2897 3192 3021 3244 erat
3051 3187 3314 3259 ecclesia,
3339 3188 3729 3266 subsequun-

295 3282 580 3342 Dominus
606 3281 974 3338 devotionem
995 3280 1166 3338 istam
1191 3279 1380 3353 plebis
1405 3299 1509 3354 per
1529 3282 1737 3339 merita
1756 3284 1943 3339 sancti
1975 3280 2018 3348 Β
2056 3266 2153 3336 tur
2177 3279 2245 3315 ⁸⁶⁰
2282 3296 2488 3335 omnes
2524 3296 2536 3335 :
2568 3279 2676 3336 Deo
2730 3279 2974 3350 gratias!
3023 3276 3141 3333 Deo
3189 3276 3419 3347 laudes,
3472 3281 3724 3359 nemine

294 3370 557 3431 Ursmari
589 3370 702 3428 sibi
734 3369 1049 3443 placuisse.
1066 3368 1211 3426 Nam
1234 3368 1362 3442 ipso
1384 3370 1476 3427 die
1498 3370 1556 3427 in
1580 3388 1795 3444 magna
1815 3372 1944 3428 θαιΙί

294 3460 609 3521 serenitate
637 3458 979 3517 obnubilato
1009 3459 1077 3493 ⁸⁸⁸
1106 3475 1256 3529 aere,
1289 3459 1481 3517 factus
1502 3465 1589 3517 est
1610 3478 1791 3517 sonus
1812 3461 1947 3519 sub-

293 3553 579 3622 secuturaa
611 3546 840 3622 pluviaa.
876 3548 1010 3614 Qua:
1034 3550 1238 3620 postea
1257 3550 1375 3603 tam
1397 3545 1942 3621 largalprotluxitm,

292 3620 359 3711 ut
387 3637 533 3696 satis
564 3620 882 3707 sufficeret,
912 3639 970 3692 et
998 3634 1197 3709 copias
1228 3636 1367 3691 anni
1400 3620 1793 3693 fertilissimas
1823 3639 1946 3693 red-

291 3712 475 3785 deret.
507 3757 575 3768 —-
603 3726 677 3782 Et
705 3724 771 3760 ⁸⁸⁷
803 3723 941 3797 quia
970 3741 1179 3797 parum
1200 3725 1310 3782 hoc
1333 3725 1403 3782 de
1423 3722 1739 3783 virtutibus
1762 3725 1947 3784 sancti

292 3804 555 3873 Ursmari
586 3812 1095 3889 prmgustavimus,
1129 3817 1187 3870 et
1217 3814 1289 3871 ad
1322 3813 1505 3871 nostri
1539 3815 1820 3888 temporis
1850 3812 1945 3872 fte-

290 3922 444 3974 cem,
477 3902 631 3961 sicut
661 3901 1101 3977 preposuimus,
1127 3902 1244 3960 Deo
1272 3904 1527 3961 donante
1550 3903 1949 3976 pervenimus,

290 3994 434 4051 libet
462 3993 523 4050 in
551 3993 664 4049 fine
687 3990 954 4066 opusculi
978 3992 1036 4048 in
1061 3991 1364 4050 miraculis
1385 3992 1653 4064 ejusdem
1675 3992 1741 4027 ⁸⁸⁸
1763 3992 1949 4065 patris

289 4080 726 4161 aliquantisper
748 4080 1068 4138 immorari.
1088 4080 1235 4138 Nam
1259 4079 1308 4136 si
1330 4081 1485 4153 quod
1510 4080 1949 4155 promissimus,

2053 3373 2299 3439 tacente,
2344 3368 2404 3423 in
2453 3383 2764 3425 commune
2815 3365 3113 3422 dicuntur.
3147 3365 3417 3422 Curritur
3464 3368 3539 3424 ad
3592 3387 3719 3442 me,

2054 3458 2156 3515 ubi
2185 3474 2346 3515 eram
2377 3457 2438 3513 in
2467 3455 2711 3514 ecclesia
2740 3454 2887 3511 forte
2937 3455 3167 3528 majori,
3200 3473 3357 3513 unus
3402 3455 3539 3532 post
3566 3458 3718 3518 alts-

2056 3564 2188 3604 rum
2222 3546 2445 3620 aliquid
2477 3546 2894 3619 apportaturus
2924 3542 3078 3613 novi,
3111 3549 3171 3602 et
3200 3545 3371 3619 quasi
3400 3564 3517 3604 non
3540 3547 3729 3622 prius,

2055 3639 2213 3711 esset
2245 3635 2489 3705 dictum,
2518 3632 2920 3707 rumigerulus
2946 3633 3229 3691 atl‘erebat
3272 3634 3516 3695 nutibus
3563 3653 3717 3711 gau-

2056 3710 2311 3784 diorum.
2344 3725 2462 3782 Nos
2488 3724 2643 3781 illico
2666 3722 2738 3780 ad
2772 3721 3081 3780 ecclesiam
3110 3722 3472 3794 seandimus,
3489 3710 3721 3785 inveni-

2057 3831 2193 3872 mus
2222 3814 2387 3870 illam
2413 3831 2532 3887 pra:
2562 3810 2831 3869 miraculi
2853 3814 3094 3885 stupore
3108 3815 3365 3870 stantem
3382 3816 3439 3871 et
3455 3819 3719 3873 tremen-

2057 3907 2199 3973 tem,
2234 3907 2492 3960 attamen
2544 3918 2769 3959 sanam.
2821 3900 3219 3959 Laudavimus
3274 3901 3483 3973 Deum,
3528 3908 3588 3961 et
3631 3904 3721 3964 ita

2059 3994 2391 4049 discessum
2423 3996 2531 4049 est.

2128 4083 2218 4138 33.
2256 4080 2467 4139 Mulier
2495 4081 2762 4154 quadam
2793 4079 2966 4153 plena
2993 4079 3287 4151 demonio,
3315 4098 3349 4137 a
3370 4082 3721 4156 parentibus

1646 4178 1884 4236 VARle
1924 4179 2345 4238 LECTIONES.

359 4282 426 4316 ⁸³0
456 4279 831 4336 sanctissimo
862 4282 916 4334 2.
995 4279 1058 4313 ⁸³¹
1090 4276 1411 4352 Ecclesium
1442 4280 1494 4352 ξ.
1532 4279 1629 4349 qui
1658 4276 1818 4352 eccla
1846 4279 2040 4352 legisse
2068 4277 2305 4352 videtur.
2384 4279 2452 4314 ⁸³³
2480 4279 2988 4352 sambramquam
3021 4294 3129 4352 uos
3158 4278 3181 4334 Ι
3210 4278 3244 4352 Ἰν
3266 4281 3322 4334 2.
3363 4278 3466 4352 ⁸³³
3492 4295 3720 4352 sequen-

291 4355 371 4410 tia
419 4368 526 4408 om.
558 4355 614 4406 2.
646 4357 861 4407 exstant
909 4352 970 4405 in
1015 4350 1306 4405 miraculis
1356 4349 1414 4404 S.
1451 4348 1698 4405 Urs'mari
1727 4350 1830 4418 (3.)
1861 4348 1912 4404 c.
1940 4351 1994 4408 2.
2072 4350 2142 4385 ⁸³⁸
2167 4368 2216 4405 s.
2251 4350 2305 4405 d.
2343 4354 2627 4418 coquente
2660 4349 2715 4404 3.
2791 4348 2813 4381 ⁸

290 4421 403 4481 sibi
437 4426 496 4479 et
527 4422 741 4494 saepius
773 4426 1150 4494 compertas.
1183 4423 1238 4494 β.
1272 4492 1285 4494 _
1316 4419 1623 4494 mutique
1653 4420 1742 4494 3_._
1785 4418 2065 4494 “ipsud.
2091 4420 2149 4476 d.
2179 4437 2235 4494 g.
2261 4420 2395 4494 r.in

2890 4346 3180 4405 timebant
3227 4351 3279 4405 1.
3356 4350 3423 4386 ⁸³⁸
3452 4350 3526 4406 ad
3559 4346 3722 4409 'nota

2474 4436 2566 4476 .a.
2591 4422 2812 4476 assuet.
2844 4418 2899 4474 3.
2975 4420 3044 4454 ⁸³³
3074 4419 3256 4491 hujus
3291 4421 3340 4475 1.
3417 4421 3486 4457 ⁸³⁰
3507 4427 3720 4491 rogant

288 4498 345 4552 3.
522 4490 887 4577 permitteret
910 4490 970 4547 3.
1047 4493 1116 4527 ⁸³³
1145 4491 1230 4573 eis
1490 4490 1769 4577 deberi}.
1825 4491 1917 4577 1:3:
1941 4491 2123 4577 igitur
2152 4490 2208 4546 3'.
2377 4496 2437 4547 et
2559 4508 2617 4565 p.
2649 4490 2844 4577 (issu!!!
2870 4490 2973 4577 3;“
3002 4491 3071 4527 ⁸³⁸
3096 4490 3317 4573 quanta
3349 4493 3398 4548 1.
3474 4490 3721 4577 “ideas:

292 4569 345 4624 1.
419 4566 489 4601 ⁸³⁸
516 4561 611 4620 vix
640 4563 855 4644 aliquis
869 4579 1149 4645 unquam
1179 4562 1325 4617 vidit
1352 4566 1457 4617 aut
1488 4579 1658 4617 nemo
1688 4563 1746 4617 3.
1822 4561 1893 4645 ⁸³³
1919 4561 2046 4645 esto
2075 4564 2305 4645 ducunt
2334 4564 2388 4645 .
2560 4561 2750 4645 inulto
2779 4562 2835 4645 3:
2884 4562 2976 4645 _‘“
3003 4561 3140 4645 eam
3172 4563 3449 4645 in_unum
3496 4563 3717 4637 aliquis

290 4654 536 4710 campus
566 4631 838 4723 quamvis
869 4631 1196 4691 latissimus
1229 4650 1601 4705 nequaquam
1636 4636 1871 4703 caperet
1898 4638 1956 4688 et
1985 4650 2193 4691 omnes
2224 4633 2610 4690 nihilominus
2640 4633 2714 4688 ad
2746 4631 3062 4716 salutanda
3091 4640 3432 4717 sanctorum
3471 4631 3721 4766 corp—22a

291 4708 557 4766 uenulari
590 4706 828 4762 tremitu
862 4704 1257 4766 impingerent
1289 4722 1453 4766 prop.
1487 4705 1540 4759 3.
1576 4705 1733 4766 cujus
1766 4704 2017 4760 lectiones
2046 4706 2267 4766 aliquas
2292 4712 2504 4761 tantum
2527 4707 2591 4760 in
2617 4704 2965 4766 sequentibus
2995 4714 3400 4763 annotammus.
3477 4707 3545 4740 ⁸⁸³
3700 4718 3721 4765 ι

291 4704 557 4837 populari
584 4704 828 4762 Tremitu
862 4704 1257 4778 impingerent
1287 4704 1453 4777 prop.
1487 4705 1540 4759 3.
1576 4705 1733 4777 cujus
1766 4704 2020 4786 lectiones
2046 4706 2267 4779 aliquas
2292 4712 2504 4787 tantqu
2527 4707 2591 4788 iri
2617 4704 2965 4777 sequentibus
2995 4708 3400 4788 annptavimus.
3477 4707 3545 4740 ⁸⁸³

329 4822 342 4835 .
418 4780 487 4813 ⁸⁸³
518 4778 616 4837 qui
652 4778 724 4833 ab
757 4775 1015 4833 ulteriori
1048 4780 1213 4837 parte
1243 4776 1501 4833 Sambrze
1532 4776 1586 4829 3.
1665 4775 1732 4808 ⁸⁸⁸
1752 4790 2023 4837 persequi
2047 4776 2098 4831 1.
2175 4777 2243 4811 ⁸⁸⁸
2265 4775 2702 4831 obnubilat101.
2782 4775 2849 4810 ⁸⁸⁸
2878 4775 3151 4837 perﬂuxit
3176 4777 3227 4832 1.
3303 4776 3371 4811 ⁸⁸⁷
3392 4777 3462 4833 Et
3482 4794 3545 4837 αι

3700 4718 3722 4765 ι

418 4780 487 4813 ⁸⁸⁸
518 4778 616 4850 qui
652 4778 724 4833 ab
757 4775 1015 4851 ulteriori
1048 4775 1213 4849 parte
1243 4775 1501 4833 sambrze
1532 4776 1590 4851 3._
1638 4775 1732 4851 ’⁸⁸⁸
1752 4775 2023 4851 persequi
2047 4776 2098 4831 1.
2128 4775 2154 4851 ξ
2175 4777 2243 4851 ⁸⁸⁸
2265 4775 2628 4851 obnubilatiu
2653 4775 2702 4851 1'.
2730 4775 2849 4851 Mm
2876 4775 3227 4851 perﬂuxitd.
3303 4776 3371 4811 ⁸⁸⁷
3392 4777 3462 4833 Et
3482 4779 3621 4851 quia
3642 4781 3718 4835 ad

289 4870 346 4908 ιι.
380 4856 423 4907 t.
458 4851 499 4906 f.
531 4844 1003 4922 l—Apervenimus
1033 4844 1091 4922 et
1121 4863 1277 4922 nunc
1306 4863 1371 4922 se
1402 4846 1630 4902 occasio
1653 4844 1890 4922 obtulit,
2008 4845 2317 4922 paululum
2340 4846 2449 4902 hoc
2471 4847 2542 4902 de
2564 4844 3717 4922 virtutibusjUrsmaI-ipraegustaremus,

289 4923 435 4979 libet
465 4916 707 4977 uberius
724 4919 1183 4993 aliquantulum
1198 4918 1263 4993 _in
1296 4919 1411 4993 ﬁne
1441 4916 1712 4993 opusculi
1742 4916 2029 4993 nostriin
2056 4918 2185 4990 ejus
2218 4917 2508 4993 virtutum
2538 4917 2845 4993 miraculis
2865 4916 3212 4993 immorari,
3237 4916 3433 4993 ιιι-’ςιξὶ
3466 4920 3580 4976 fuit
3601 4916 3719 4993 ini;

288 4995 461 5061 tium,
496 4992 575 5048 sit
604 4997 661 5048 et
689 4987 956 5065 clausula
982 4990 1136 5047 libri.
1167 4990 1315 5046 Nam
1341 4987 1794 5065 sicsponsionis
1824 4987 2581 5065 nostrashmemoresﬁcnnus
2630 4988 3057 5065 pe_rsolvimus,_
3074 4987 3266 5065 sedet
3298 4987 3411 5063 ip'si
3462 4992 3715 5065 percipi-

290 5058 454 5131 mus.
482 5063 756 5143 Dicemus
786 5062 965 5136 igitur
993 5079 1208 5143 nqnea
1238 5078 1365 5143 qua:
1398 5058 1568 5143 plura
1598 5060 1669 5143 ab
1696 5058 2180 5143 antecessoribus
2200 5060 2416 5117 nostris
2447 5066 2549 5143 aut
2575 5058 2845 5143 neglecta
2874 5065 2977 5143 aut
3006 5058 3496 5143 obliterata-sunt,
3521 5058 3721 5143 sed-ea

290 5124 418 5210 qua:
450 5135 563 5207 ipsi
584 5124 858 5210 vvidimu‘s
883 5137 988 5210 aut
1013 5133 1087 5189 ab
1103 5132 1211 5210 his
1237 5124 1348 5210 qui
1367 5124 1641 5210 viderunt
1671 5130 2028 5210 audivimus.
2052 5133 2261 5210 3._Hagc
2288 5148 2411 5210 veru
2441 5135 2539 5189 vix
2557 5124 2807 5210 _libF_o__de
2836 5132 3129 5210 miraculis
3154 5132 3210 5188 S.
3514 5136 3719 5209 scripto

288 5202 636 5266 conveniunt.
712 5206 779 5241 ⁸⁸³
808 5206 937 5309 ejus
972 5206 1017 5260 1.
1098 5205 1167 5239 ⁸⁸³
1193 5204 1351 5309 quod
1385 5208 1435 5257 1.
1512 5204 1781 5274 “quem
1828 5203 1883 5257 3.
1959 5203 2027 5239 ⁸⁵¹
2059 5203 2155 5259 hic
2201 5206 2256 5258 3.
2332 5205 2401 5239 ⁸³³
2431 5221 2499 5260 ea
2547 5206 2596 5260 1.
2674 5204 2743 5238 ⁸⁵³
2772 5206 3195 5261 commoratam
3248 5205 3300 5260 1.
3376 5202 3717 5264 “‘tantum

293 5280 471 5309 ..ιιηηη
504 5278 678 5309 mm...
710 5277 842 5309 ςπη..
876 5282 996 5309 ιη...
1025 5276 1057 5309 Q
1158 5276 1202 5309 b5
1255 5272 1548 5309 ιιηηιιιοποι
1585 5274 1604 5309 4
1628 5274 1657 5309 δ)
1730 5274 1797 5308 us
1822 5277 1875 5309 οι
1911 5272 1967 5309 ὅτι.
2003 5275 2023 5309 4
2131 5276 2197 5309 ιω
2230 5280 2283 5309 οι
2316 5275 2503 5309 unum.
2532 5275 2798 5309 ποιξιιςιηο
2831 5274 2889 5309 :n
2944 5275 3487 5309 ..οηηπιηοπιωιίηηιι
3537 5276 3689 5309 λη..-

291 5280 473 5338 altare
504 5278 683 5349 idque
710 5276 999 5349 incultum
1024 5276 1101 5349 3._
1158 5276 1202 5309 ⁸⁵

291 5351 407 5409 ficii
439 5367 507 5405 ex
540 5343 881 5403 facultatulas
908 5364 1015 5402 sua
1046 5346 1206 5418 illam
1241 5343 1592 5418 retudiﬁcare
1621 5343 1813 5418 empit,
1848 5345 2071 5417 gratias
2102 5363 2281 5418 agens
2309 5348 2445 5415 Deo,

1776 5418 2119 5488 sequentium
2148 5418 2417 5499 diversus.

294 5420 596 5480 miraculis
626 5419 872 5475 mirifice
902 5417 1253 5473 mirificavit.
1286 5415 1413 5472 add.
1438 5417 1474 5471 3
1494 5415 1589 5471 ubi
1617 5431 1681 5471 or

297 5492 454 5556 modi
490 5493 541 5547 1.
617 5493 685 5528 ⁸⁶⁰
713 5492 1123 5563 obsequuntur
1154 5489 1205 5543 1.

1254 5272 1553 5348 copularet
1585 5272 1657 5327 1?
1730 5274 1797 5348 ‘f‘
1822 5277 1881 5329 et
1911 5272 1971 5328 in
1988 5275 2054 5348 _1.
2131 5276 2197 5310 ⁸⁸⁷
2228 5280 2288 5330 at
2316 5275 2503 5331 laetior
2532 5275 2799 5348 redditus
2831 5274 2891 5328 in
2933 5275 3494 5348 recompensatione
3537 5276 3715 5333 bene-

2524 5346 2581 5401 ui
2612 5351 2887 5420 sanctum
2910 5345 3302 5420 _Urs[na_i_-umu
3327 5346 3387 5403 in
3441 5347 3715 5420 pluribus

2516 5419 2559 5453 ⁸⁸
2581 5417 2874 5490 perforare
2898 5418 2949 5472 1.
3026 5418 3095 5453 ⁸⁵³
3114 5416 3494 5474 diutuitatefn
3518 5418 3720 5476 incon-

1879 5609 2112 5669 NOT/E.

367 5699 517 5771 (128)
540 5695 888 5763 Vellercille.
923 5694 1252 5759 Hasscass.
