3912 6366
175 419 278 478 577

1122 415 1225 477 DE
1271 415 1539 479 GESTIS
1585 412 1967 477 ABBATUM
2013 415 2577 481 LAUBIENSIUM.

3452 421 3571 482 578

174 552 235 606 ad
280 550 449 605 sancti
505 547 615 603 viri
676 546 1056 621 sepulchrum
1084 549 1149 584 ⁴⁶¹
1181 553 1427 606 attracta
1475 555 1564 603 cst
1604 550 1796 622 potius
1828 549 1882 616 Α
1982 550 2051 605 35
2082 552 2165 603 ³⁷⁸.
2200 552 2433 607 Adso‘"
2452 553 2692 624 quidam
2729 557 2852 609 erat
2875 553 2932 609 in
2958 553 3191 609 servitio
3230 544 3424 611 fratris
3457 557 3568 613 mei

172 655 331 713 quam
360 638 647 705 adducta;
680 637 883 710 pedes,
916 653 1131 694 manus
1160 642 1218 694 et
1248 637 1397 693 colla
1435 639 1711 693 arcebant
1740 639 1808 672 ‘“

166 724 660 799 ‘vincula;gutture
686 724 879 781 solum
902 731 959 782 et
979 725 1186 799 lingua
1214 725 1520 781 horribilia
1538 726 1805 798 quaedam

166 815 475 890 proferebat
494 814 634 870 “set
656 813 879 870 fcetida.
910 814 1160 871 Audires
1183 814 1479 871 interdum
1502 832 1707 871 canem
1738 815 1808 850 ‘5‘

168 902 477 973 latrantem,
503 903 749 961 sibilum
774 907 1134 977 serpentum,
1157 908 1463 961 taurorum
1485 904 1801 977 mugitum,

173 992 401 1066 utquasi
431 993 493 1047 in
522 992 592 1028 ‘“
628 1009 749 1049 uno
798 991 977 1049 cubili
1026 997 1225 1049 essent
1274 993 1502 1050 diversa
1548 992 1803 1048 ferarum

174 1085 428 1139 monstra.
454 1081 588 1138 Dies
608 1083 735 1138 erat
775 1082 1020 1138 festivus
1041 1083 1110 1118 ⁴⁶⁶
1140 1083 1406 1155 ejusdem
1438 1080 1642 1154 patris,
1676 1099 1809 1138 con-

170 1172 502 1228 venerant‘“
519 1170 592 1227 ad
617 1171 767 1227 festa
798 1170 933 1243 plus
956 1170 1134 1228 solito
1157 1170 1379 1244 populi.
1405 1170 1511 1227 Illa
1540 1170 1620 1226 ibi
1645 1172 1805 1243 jace-

172 1258 280 1329 bat,
309 1262 420 1316 tam
450 1258 745 1316 terribiles
803 1277 977 1317 voces
1033 1260 1331 1327 amittens,
1366 1264 1432 1315 ut
1461 1259 1554 1315 vix
1612 1261 1807 1315 missa:

172 1348 340 1406 audiri
369 1352 606 1422 possent
635 1348 695 1404 in
730 1348 821 1406 die
851 1352 973 1406 tam
1006 1348 1239 1405 celebri.
1286 1348 1618 1405 chtivitate
1679 1366 1807 1420 per-

174 1440 304 1505 acta,
338 1437 428 1492 ubi
463 1437 657 1492 illuxit
706 1436 831 1492 dies
881 1437 1157 1503 crastina,
1191 1437 1400 1492 fratres
1432 1436 1809 1492 condolentcs

174 1524 267 1595 illi,
298 1525 598 1582 ecclesiam
658 1526 846 1582 sancti
908 1525 1170 1581 Ursmari
1232 1529 1460 1600 petunt,
1519 1543 1622 1598 pro
1680 1526 1809 1595 ejus

168 1614 439 1687 ereptione
450 1614 775 1689 Dominum
793 1614 1163 1688 deprecaturi
1182 1633 1194 1685 ;
1210 1619 1645 1688 proposuerunt
1673 1613 1810 1669 leta-

172 1698 315 1760 niam
340 1703 617 1779 prostrati
650 1720 841 1778 agere,
874 1704 1046 1777 cujus
1070 1703 1335 1760 recitatio
1365 1703 1511 1759 mihi
1544 1703 1812 1774 injuncta

172 1792 373 1850 esttibi
386 1810 523 1867 ergo
540 1798 675 1866 post
689 1792 1091 1850 recitationem
1105 1796 1446 1849 sanctorum
1464 1792 1730 1848 omnium
1744 1792 1810 1827 ⁸⁸⁸

169 1880 238 1936 ’ad
254 1880 435 1939 locum
474 1884 824 1955 perventum
865 1886 974 1951 est,
1012 1897 1147 1937 cum
1167 1882 1236 1917 “9
1264 1880 1455 1938 dicere
1488 1880 1759 1936 deberem
1793 1894 1807 1935 :
1840 1918 1889 1989 Β

173 1969 267 2026 Per
289 1969 577 2028 adventum
607 1978 763 2027 tuum
795 1969 967 2027 libera
993 1985 1115 2036 nos,
1153 1971 1401 2038 Domine,
1418 1969 1659 2027 vocibus
1681 1970 1810 2043 ejus

172 2058 495 2131 perterritus
532 2058 843 2132 anticipavi
866 2057 1097 2116 dicere:
1130 2059 1239 2115 Per
1260 2059 1605 2115 nativitatem
1636 2066 1806 2114 tuam.

168 2146 318 2204 Tunc
346 2146 463 2217 illa,
488 2147 677 2206 immo
706 2146 826 2216 ille,
850 2163 965 2220 quo
997 2147 1213 2205 misera
1245 2146 1347 2204 illa
1376 2148 1762 2220 torquebatur
1793 2162 1807 2202 :

173 2231 413 2305 Mentiris,
444 2235 665 2309 inquit,
697 2244 749 2293 et
790 2243 1121 2309 praepostere
1169 2236 1425 2310 loqueris.
1458 2237 1692 2309 Expavi,
1727 2236 1810 2291 fa-

172 2326 298 2393 teor,
321 2329 376 2385 et
405 2340 555 2397 pene
577 2328 739 2381 extra
768 2341 862 2380 me
893 2324 1135 2381 effectus
1166 2341 1323 2380 sum.
1354 2326 1426 2379 At
1457 2325 1557 2379 ubi
1592 2341 1685 2379 me
1717 2340 1812 2380 re-

175 2412 305 2485 cepi,
334 2412 616 2470 letaniam
666 2429 799 2489 sum
848 2418 1217 2487 prosecutus,
1264 2414 1528 2487 cmpique
1577 2428 1811 2468 mecum

173 2516 324 2574 agere
353 2503 593 2570 tacitus,
628 2504 782 2575 quod
841 2503 1029 2558 isdem
1092 2507 1361 2575 apostata
1416 2502 1659 2574 spiritus
1711 2502 1811 2559 Dei

167 2586 372 2657 judicio
399 2594 617 2659 tortus,
649 2607 785 2647 vera
810 2594 950 2647 tunc
981 2607 1215 2663 quoque
1246 2592 1458 2648 dixerit
1490 2594 1725 2648 ceactus
1756 2596 1814 2647 et

174 2674 390 2735 invitus.
415 2678 682 2738 Peccatis
714 2680 934 2736 nostris
965 2679 1297 2753 agentibus,
1331 2684 1472 2735 tunc
1503 2678 1584 2733 nil
1615 2682 1812 2735 actum

173 2770 271 2823 est.
301 2766 460 2824 Unde
518 2768 812 2841 desperati
858 2774 1133 2841 parentes
1183 2769 1332 2840 ejus,
1366 2784 1495 2825 eam
1536 2769 1815 2823 reducere

173 2855 463 2928 temptant.
503 2856 618 2913 Sed
677 2856 779 2912 ubi
828 2857 900 2913 ad
948 2857 1259 2913 Sambra'm
1317 2860 1559 2913 ventum
1614 2860 1723 2923 est,
1752 2857 1812 2911 in

173 2943 350 3013 pontis
369 2946 571 3002 medio
592 2962 748 3002 unus
768 2944 1005 3001 illorum
1032 2945 1348 3018 respiciens
1370 2945 1442 3002 ad
1474 2944 1809 3001 ecclesiam:

172 3030 291 3103 ενα,
324 3034 539 3109 inquit,
571 3043 755 3091 sancte
800 3035 1072 3100 Ursmare,
1101 3036 1347 3107 pateatne
1375 3036 1495 3099 tibi,
1527 3042 1589 3090 ut
1608 3035 1676 3069 ⁴⁷⁰
1701 3051 1735 3088 η
1767 3040 1818 3088 te

173 3127 270 3176 tam
296 3125 472 3181 tristes
498 3124 792 3181 redeamus
808 3124 1165 3196 "',fmstrati
1191 3140 1226 3178 a
1253 3132 1303 3180 te
1330 3123 1397 3180 de
1425 3125 1720 3199 longinquo
1747 3124 1816 3157 ‘7’

173 3214 381 3280 quesita
410 3214 719 3286 sospitate?
746 3211 857 3268 Vix
884 3212 1063 3268 verba
1110 3212 1517 3286 compleverat,
1551 3228 1685 3267 cum
1716 3229 1814 3267 su-

1915 638 2248 695 Godescalci
2280 642 2346 676 ‘7'
2382 640 2921 698 calciamentoriam
2950 643 3020 679 ‘7’
3052 647 3236 699 artem
3267 660 3448 717 agens
3479 646 3567 716 ⁸⁸⁸,

1915 740 2087 799 quem
2110 743 2145 783 a
2164 745 2342 800 puero
2365 733 2730 785 contractum
2753 747 2957 787 omnes
2979 731 3378 803 cognovimus,
3394 731 3476 789 ita
3505 741 3570 790 ut

1914 816 2181 888 progredi
2204 834 2500 890 quoquam
2531 817 2644 875 nisi
2674 834 2811 875 cum
2842 819 3115 876 scabellis
3144 821 3432 893 nequiret.
3464 815 3569 878 Hie

1915 905 2167 977 quadam
2191 906 2282 963 die
2301 908 2371 963 ad
2396 906 2776 981 sepulchrum
2809 909 2997 965 sancti
3029 908 3290 966 Ursmari
3321 914 3453 965 vota
3483 925 3572 967 so-

1914 992 2149 1050 luturus
2178 996 2240 1030 ‘3‘
2277 997 2543 1064 accessit,
2580 996 2769 1053 ferens
2823 1013 3022 1054 secum
3081 1014 3246 1053 cerea
3301 1015 3566 1067 munera,

1916 1081 2190 1153 candelas
2226 1081 2496 1139 videlicet
2534 1085 2819 1156 geminas,
2846 1085 3133 1158 petiitque
3153 1086 3222 1122 ⁸⁸³
3243 1086 3317 1141 ab
3337 1087 3405 1122 ⁸³³
3434 1086 3570 1142 mdi-

1916 1173 2041 1238 tuo,
2082 1174 2150 1225 ut
2180 1188 2317 1226 eum
2349 1171 2427 1226 ibi
2459 1177 2801 1244 pernoctare
2833 1174 3070 1230 sineret.
3104 1173 3407 1231 Concessit
3438 1173 3567 1246 ille;

1917 1260 2278 1331 pernoctavit
2306 1259 2436 1315 iste.
2466 1261 2675 1316 Statim
2727 1262 2787 1317 in
2835 1261 2961 1334 ipso
3012 1262 3322 1320 conticinio
3370 1267 3573 1320 orante

1916 1343 2018 1400 illo
2051 1350 2106 1401 et
2137 1345 2235 1401 Dei
2260 1348 2577 1419 potentiam
2601 1346 2992 1421 prmstolante,
3018 1356 3315 1422 cmperunt
3335 1368 3397 1406 se
3415 1351 3572 1407 tibias

1919 1434 2277 1506 complicatis
2339 1436 2632 1505 reducere,
2667 1440 2723 1493 et
2766 1437 2867 1492 tali
2921 1439 3136 1511 pedum
3186 1457 3220 1495 a
3253 1438 3480 1496 diutina
3507 1440 3576 1476 ‘“

1917 1521 2243 1578 cohzesione
2293 1525 2520 1581 natium
2577 1542 2695 1581 non
2755 1526 2882 1581 sine
2937 1543 3151 1599 magno
3183 1526 3457 1599 patientis
3486 1526 3575 1583 in-

1918 1611 2227 1666 commodo
2247 1612 2576 1684 sejungere,
2603 1630 2789 1685 usque
2819 1615 2963 1669 dum
2995 1614 3163 1686 plene
3192 1618 3445 1683 erectus,
3476 1633 3576 1671 cu-

1919 1700 2187 1755 stodibus
2219 1700 2573 1756 mirantibus
2602 1700 2663 1756 in
2695 1702 2870 1773 pedes
2901 1702 3068 1759 stetit
3090 1720 3105 1770 ;
3129 1704 3229 1759 sed
3258 1722 3377 1777 pra:
3395 1704 3577 1759 nimio

1919 1786 2116 1843 dolore
2137 1792 2194 1843 et
2215 1786 2625 1844 inconsuetum
2643 1789 2710 1823 ⁸⁸⁵
2726 1789 3136 1863 progrediendi
3166 1808 3346 1847 usum
3375 1792 3581 1850 ambu-

1920 1874 2039 1931 lare
2066 1892 2180 1931 non
2212 1876 2423 1949 potuit.
2459 1875 2565 1943 Qui
2598 1894 2715 1950 pra;
2744 1875 2928 1933 nimia
2982 1877 3375 1950 gratulatione
3428 1895 3574 1953 quo-

1919 1964 2231 2020 dammodo
2259 1964 2421 2021 visus
2443 1970 2531 2020 est
2553 1964 2734 2022 fuisse
2756 1965 3194 2039 ingratus,dum
3216 1966 3423 2024 insciis
3443 1983 3575 2029 em-

1919 2051 2094 2110 nibus
2116 2069 2288 2109 mane
2307 2053 2615 2110 ecclesiam
2640 2071 3046 2127 egressus,nec
3068 2060 3198 2111 tum
3231 2055 3437 2113 laudes
3458 2048 3577 2113 Deo

1921 2140 2112 2199 dicere
2155 2141 2311 2212 fecit,
2345 2147 2403 2199 et
2432 2144 2582 2216 ipse,
2611 2144 2714 2201 ubi
2774 2143 2944 2217 plene
3004 2144 3307 2202 doloribus
3364 2144 3576 2215 caruit,

1922 2230 2337 2303 Ragenariana:
2370 2233 2436 2267 ‘35
2468 2231 2771 2290 rebellioni
2803 2249 2866 2289 se
2896 2232 3207 2290 satellitem
3241 2233 3509 2309 miscuit.“

1991 2320 2233 2374 36‘37.Et
2256 2320 2439 2375 abbas
2460 2319 2929 2391 Aletramnus,ut
2948 2322 3476 2395 diximus,paralisi
3504 2321 3583 2379 la-

1922 2409 2505 2483 borobat.(97!t)Creca
2518 2411 2787 2483 qumdam
2800 2411 3121 2467 elemosina
3134 2411 3582 2468 FrcdesindisMm

1922 2497 2101 2566 illius,
2126 2514 2253 2569 qum
2275 2498 2573 2571 Stephano
2592 2500 2685 2556 cui
2701 2498 2964 2556 Brebona
2983 2500 3578 2573 scrviebatnupserat,

1922 2585 2207 2642 alebatur.
2239 2586 2369 2642 Haec
2399 2588 2658 2659 quadam
2688 2586 2782 2644 die
2815 2589 3019 2645 orandi
3051 2604 3231 2644 causa
3260 2588 3332 2643 ad
3366 2605 3584 2645 memo-

1923 2674 2069 2731 riam
2104 2674 2289 2731 sancti
2322 2674 2584 2732 Ursmari
2613 2676 2790 2748 venit,
2815 2682 2871 2733 et
2900 2677 3042 2734 dum
3072 2676 3464 2745 montem,cui
3486 2694 3584 2733 su-

1919 2764 2222 2836 praposita
2250 2768 2341 2819 est
2370 2764 2775 2837 ecclesia,ipsa
2805 2765 3132 2833 scanderet,
3166 2764 3227 2820 in
3255 2763 3580 2837 intercape-

1923 2852 2078 2920 dine,
2119 2868 2299 2924 quam
2356 2869 2608 2925 quercus
2667 2854 2911 2926 antiqua
2964 2850 3340 2910 disterminat
3365 2853 3456 2922 ‘3“,
3511 2869 3582 2908 ex

1923 2940 2113 3012 adytis
2142 2940 2542 3013 templi,quasi
2563 2958 2669 3014 per
2684 2941 2914 3015 aliquas
2935 2941 3181 2998 rimulae
3200 2940 3582 2998 tenuissimas

1923 3028 2357 3100 aliquantulum
2379 3028 2530 3085 lucis
2553 3047 2615 3087 se
2634 3047 2841 3088 versus
2862 3030 3087 3087 vibrare
3109 3030 3420 3105 persensit.
3444 3030 3581 3086 Pro-

1923 3130 2126 3191 gressa
2145 3118 2384 3174 demum
2407 3119 2480 3174 ad
2511 3119 2699 3175 sancti
2728 3119 2913 3192 patris
2945 3121 3131 3176 nostri
3161 3121 3229 3155 “’0
3260 3118 3581 3187 tumulum,

1924 3207 2007 3263 ita
2027 3206 2237 3262 mirata
2256 3211 2345 3262 est
2371 3207 2662 3277 visum,ut
2691 3208 2972 3264 Gosberto
2996 3210 3061 3243 ‘9‘
3096 3209 3408 3282 praeposito
3438 3225 3586 3263 nun-

173 3296 278 3357 bito
305 3300 405 3357 illa
431 3302 492 3358 in
519 3302 730 3358 eodem
762 3300 960 3376 pontis
1005 3300 1131 3357 loco
1189 3303 1428 3372 corruit,
1462 3306 1519 3357 et
1546 3299 1816 3373 aliquan-
1847 3288 1893 3357 C
1930 3296 2113 3353 tiante
2143 3297 2357 3352 faceret
2370 3297 2873 3369 jocundissimum
2893 3297 3025 3354 etin
3043 3297 3147 3354 Dei
3172 3297 3449 3355 laudibus
3463 3314 3589 3369 spe-

176 3384 347 3447 tulum
376 3389 500 3450 illic
534 3392 771 3448 mortuo
804 3389 1111 3447 simillima
1128 3389 1575 3462 ‘7’jacuit.Quid
1604 3388 1818 3462 plura?

174 3470 535 3537 Miseratione
566 3478 668 3537 Dei
699 3495 805 3553 per
857 3476 1071 3537 merita
1118 3479 1306 3536 sancti
1364 3478 1627 3537 Ursmari
1684 3482 1819 3552 post

174 3562 463 3634 paululum
493 3567 738 3638 resedit,
771 3580 899 3640 qua:
955 3567 1110 3625 circa
1165 3583 1229 3625 se
1273 3567 1601 3640 agebantur
1630 3565 1819 3638 inqui-

168 3650 306 3727 sivit,
327 3656 581 3731 ciboque
600 3660 859 3732 sumpto,
879 3656 1158 3730 omnique
1178 3660 1387 3714 sanata
1416 3655 1813 3725 incommodo,

168 3746 312 3810 peste
334 3745 550 3815 caruit,
584 3744 1059 3818 miraculumque
1090 3760 1268 3803 suum
1296 3744 1427 3818 ipsa
1457 3748 1661 3817 postea
1690 3742 1811 3801 cir-

166 3834 444 3892 ‘cumtulit.

225 3919 307 3978 34.
326 3922 527 3997 Nuper
562 3940 798 3997 quoque
829 3922 1072 3997 quidam
1095 3940 1257 3996 atque
1283 3922 1709 3996 energuminus
1742 3920 1814 3978 ad

167 4011 554 4081 supradictam
602 4012 951 4069 memoriam
1000 4017 1091 4069 est
1116 4012 1369 4069 delatus.
1404 4013 1589 4078 Quem
1618 4009 1814 4067 clerici

168 4097 403 4157 ecclesia
436 4101 616 4160 nobis
653 4100 770 4158 alia
798 4102 1144 4158 curantibus
1174 4117 1279 4173 per
1306 4117 1368 4157 se
1394 4104 1692 4173 temptant
1720 4099 1815 4155 in-

167 4200 405 4263 crepare,
427 4190 900 4265 immersumque
924 4192 995 4228 ⁸⁷⁸
1017 4191 1076 4246 in
1102 4207 1255 4263 aqua
1287 4193 1626 4246 consecrata
1643 4204 1814 4245 exor-

168 4273 433 4337 cistarum
455 4279 1059 4353 more'exorcizavere.
1088 4280 1199 4355 sed
1225 4279 1378 4335 inter
1406 4293 1620 4336 manus
1658 4293 1818 4334 exor-

167 4361 468 4425 cizantium
487 4368 692 4426 subito
718 4367 778 4424 in
804 4367 992 4426 altum
1013 4366 1351 4441 rapitur,ita
1370 4370 1441 4443 ut
1461 4382 1566 4439 per
1580 4364 1816 4439 plantas

169 4451 251 4508 vix
272 4454 552 4516 manibus
580 4460 900 4527 teneretur,
933 4462 992 4517 et
1022 4472 1237 4531 magno
1277 4456 1423 4513 satis
1472 4472 1607 4512 cum
1648 4471 1815 4513 cena-

168 4540 311 4600 mine
321 4544 600 4605 deorsum
614 4545 940 4604 remittitur
950 4544 1413 4603 ‘7“.Instantibus
1428 4542 1816 4601 nihilominus

1925 3385 2345 3444 ciosissimum.
2370 3386 2611 3441 Factum
2632 3390 2723 3443 est
2740 3385 2851 3444 hoc
2871 3390 3006 3443 ante
3027 3386 3387 3444 dominicam
3406 3402 3585 3458 quam

1923 3479 2135 3535 vocant
2163 3474 2498 3531 medianam
2529 3478 2691 3532 sexta
2722 3474 2886 3532 feria.

1995 3563 2086 3621 37.
2118 3563 2205 3617 ‘9'.
2225 3561 2289 3618 In
2320 3561 2610 3620 territorio
2649 3578 2883 3635 quoque
2901 3558 3123 3620 Wilare
3142 3563 3212 3599 “3
3232 3561 3379 3638 (129)
3412 3560 3585 3618 nobis

1925 3651 2282 3710 descrvicnte
2303 3649 2546 3722 quidam
2578 3651 2690 3708 fuit
2708 3652 2776 3689 ‘9‘
2796 3650 3058 3720 colonus,
3079 3651 3179 3724 qui
3209 3666 3345 3708 cum
3377 3648 3586 3723 ceteris

1925 3739 2109 3799 votive
2152 3738 2226 3796 ad
2275 3739 2770 3797 constructionem
2831 3728 3361 3808 Transsambrinaa,
3405 3752 3584 3809 quam

1924 3828 2323 3902 prsidiximus,
2355 3826 2612 3885 ecclesias
2641 3827 2868 3902 lapides
2899 3826 3362 3886 subvehentibus
3395 3825 3582 3883 insul-

1925 3921 2097 3987 taret,
2132 3933 2311 3990 seque
2350 3915 2407 3972 id
2459 3915 2761 3974 servitium
2811 3913 2975 3973 nullo
3022 3917 3196 3974 modo
3245 3914 3581 3973 subiturum

1928 4007 2215 4079 dejeraret
2225 4007 2313 4072 ‘95,
2336 4009 2570 4078 repente
2590 4005 2751 4063 omni
2773 4004 3176 4062 membrorum
3196 4004 3388 4063 officio
3419 4003 3584 4083 debi-

1926 4095 2131 4153 litatus
2152 4100 2262 4152 est.
2296 4095 2408 4151 Sed
2441 4098 2507 4151 ut
2543 4098 2769 4152 reatum
2808 4111 3006 4163 suum,
3031 4110 3160 4151 sero
3183 4093 3338 4163 licet,
3369 4108 3587 4167 cogno-

1922 4184 2025 4255 vit,
2056 4188 2190 4242 vota
2219 4183 2632 4253 accumulavit,
2666 4188 2724 4240 et
2754 4200 2935 4241 sanus
2967 4181 3123 4257 illico
3152 4180 3416 4261 effectus,
3448 4180 3585 4255 plus

1925 4273 2151 4341 ceteris,
2178 4277 2399 4330 ceteros
2431 4272 2779 4341 accendens,
2813 4289 2929 4345 quo
2950 4273 3019 4308 ‘9“
3040 4271 3231 4345 potuit
3261 4270 3583 4343 devotionis.

1926 4364 2131 4422 ardore
2163 4362 2527 4419 contricavit.
3412 4430 3415 4433 _

1994 4453 2066 4509 38
2090 4451 2157 4498 “7
2183 4495 2195 4509 .
2218 4449 2489 4507 Kalendas
2522 4455 2690 4507 erant
2719 4448 2990 4523 Augusti,
3020 4444 3125 4522 qui
3156 4452 3247 4504 est
3276 4446 3402 4503 dies
3432 4445 3579 4504 cele-

1912 4541 2047 4599 bris
2079 4538 2233 4613 apud
2285 4555 2392 4597 nos
2440 4555 2543 4611 pro
2604 4533 3578 4607 commemorationejvinculerum

169 4625 376 4726 clericis
392 4634 662 4693 ‘orationi
683 4640 741 4692 et
762 4632 1168 4707 increpationi,
1201 4636 1447 4690 sanatur
1467 4631 1563 4688 hic
1585 4647 1817 4704 quoque
1846 4656 1896 4726 Β
1928 4630 2115 4689 sancti
2151 4628 2301 4686 Petri
2327 4628 2616 4726 ;‘Sambra_
2656 4628 2801 4684 forte
2829 4631 2971 4726 tunc
3000 4623 3134 4726 plus
3164 4622 3335 4726 solito
3378 4638 3578 4726 caere-

169 4716 231 4772 ad
258 4716 491 4782 laudem
526 4722 631 4781 Dei
662 4740 767 4798 per
797 4723 1011 4782 merita
1040 4722 1230 4781 sancti
1263 4720 1547 4782 Ursmari.

1924 4724 2168 4791 verat,et
2187 4716 2440 4791 populus
2470 4716 2770 4775 conflucns
2802 4716 2873 4773 ad
2906 4715 3054 4772 festa
3077 4712 3582 4772 festinabat.lnter

1513 4837 1757 4895 VARIE
1794 4835 2215 4898 LECTIONES.

170 4969 197 5011 μ,
224 4932 287 5011 ⁴ξ¹
310 4908 457 5011 deest
474 4904 541 4994 l1.
616 4938 688 4976 ⁴⁶²
716 4937 1026 4996 arctabant
1047 4937 1104 4994 3.
1180 4937 1248 5011 ⁸δέ
1277 4936 1583 5011 promebat
1610 4938 1663 5011 3.
1696 4937 1891 5011 Dacht
1941 4936 2011 5011 “if
2040 4948 2254 5011 canum
2297 4930 2580 5011 latratum
2608 4929 2808 5011 3.___‘“
2835 4916 2980 5011 deest
3010 4929 3061 5011 1_.
3128 4928 3207 5011 ξω
3236 4925 3577 5011 festivitatis

166 4999 403 5081 Dach.
477 5011 549 5047 ⁴³⁴²
576 5015 930 5067 convenerat
963 5011 1015 5081 1.
1048 5025 1166 5081 quo
1227 4998 1417 5065 ierant
1471 5008 1821 5081 3.7coierant
1859 5008 2030 5066 Dach.
2095 5002 2513 5081 ﬁanominum
2542 5005 2595 5058 3.
2673 5002 2744 5081 ξω
2768 5018 2893 5081 quo
2919 5003 2973 5058 3.
3009 5000 3178 5081 Qach.
3202 5071 3217 5081 _
3255 5001 3323 5036 ‘70
3346 4998 3493 5081 deest
3520 5002 3574 5081 1.

166 5072 224 5119 ’7‘
252 5075 534 5137 abeamus
562 5083 618 5138 3.
650 5082 822 5138 Βασὰ.
900 5083 970 5117 ⁴⁷¹
999 5072 1320 5153 longinque
1344 5082 1397 5136 1.

166 5146 321 5204 Dach.
394 5152 465 5189 ‘7‘
484 5152 733 5204 XXXVII
766 5152 938 5204 Dach.
1015 5154 1080 5189 ‘77
1108 5152 1261 5204 Atho
1290 5154 1346 5204 3.

394 5097 534 5137 mus
562 5083 618 5138 3.
650 5082 822 5138 Βασὰ.
900 5083 970 5117 ⁴⁷¹
999 5079 1320 5153 longinque
1344 5082 1397 5136 1.
1510 5079 1579 5115 ‘73
1607 5080 1890 5137 similima
1922 5081 1975 5136 1.
2088 5079 2156 5113 ‘7‘
2185 5079 2643 5156 immissamque
2672 5079 2725 5128 3.

394 5152 465 5189 ‘7‘
484 5152 734 5210 XXXVII
766 5152 938 5210 Dach.
1015 5154 1080 5189 "'7
1108 5152 1261 5208 Atho
1290 5154 1346 5208 3.
1422 5150 1489 5187 ⁸⁷⁸
1520 5166 1601 5207 m.
1634 5151 1704 5208 G.
1733 5151 2004 5209 desunt1.
2080 5149 2149 5184 ‘79
2179 5150 2466 5204 sutorlam
2496 5146 2550 5200 3.
2585 5144 2757 5201 Dach.

2088 5078 2156 5113 ‘7‘
2185 5074 2643 5145 immissamque
2672 5073 2725 5128 3.
2758 5070 2929 5129 lfach.
3018 5073 3087 5108 ‘75
3118 5071 3498 5129 reduceretur
3519 5070 3576 5125 3,

2088 5149 2149 5184 “9
2179 5146 2466 5201 sutoriam
2496 5146 2550 5200 3.
2585 5144 2757 5201 Dach.
2834 5145 2902 5180 ⁴³⁰
2927 5143 3158 5201 attentis
3191 5144 3243 5199 1.
3356 5142 3422 5177 ιδί
3452 5138 3576 5199 301-

2927 5160 3158 5217 agentis
3191 5160 3243 5199 1.
3342 5160 3422 5217 _'°‘
3452 5160 3580 5217 sq-

165 5213 375 5278 viturus
406 5224 489 5278 1.:
541 5225 609 5271 *3”
632 5225 985 5333 petitq‘get.
1062 5224 1133 5259 “3
1161 5222 1307 5280 deest
1339 5224 1390 5279 1.
1468 5222 1538 5258 ‘3‘
1563 5222 1795 5280 duiciva
1825 5224 1877 5280 1.
1933 5222 2002 5259 “'5
2032 5219 2427 5277 indissuetum
2457 5217 2512 5272 3.
2571 5216 2638 5253 ⁴⁸⁶
2669 5212 3055 5289 πιθεθιιίωῖθἾ.
3090 5212 3484 5288 ναεθηειιίεωω
3513 5213 3570 5268 3.

165 5284 224 5325 “7
247 5289 516 5333 YYYVIII
554 5297 696 5333 nm-I.
888 5294 1279 5333 'l‘m'AoaanAia
1309 5294 1344 5333 ρ
1398 5293 1782 5333 Πωιιοαρηδία
1818 5292 1961 5333 ηηι-ιι
2062 5292 2132 5327 ⁴89
2163 5288 2535 5333 digtnrminnt
2588 5286 2807 5333 victam
2860 5285 3298 5333 mmrlammndn
3327 5300 3570 5333 exceca-

164 5284 224 5357 “7
244 5289 517 5351 XXXVIII
549 5284 720 5357 Dach.

166 5356 330 5463 acute
383 5356 565 5439 cepit.
625 5367 940 5476 Prog’ressa
997 5369 1053 5424 1.
1111 5366 1171 5422 d.
1230 5381 1301 5421 ex
1330 5365 1423 5423 ad.
1444 5368 1497 5421 ‘t.

170 5493 180 5498 _
251 5432 529 5494 Cozberto
558 5439 614 5495 3.
726 5441 750 5476 ⁸
820 5436 1122 5498 ΧΧΧνΙΙΙΙ
1150 5436 1325 5497 Dach.
1436 5437 1506 5473 ⁴⁹³

168 5493 226 5535 ³η
245 5478 614 5567 ἱίῗῦὶιὲἶιῗ
820 5478 1122 5498 “mm”
1150 5478 1325 5497 ’“’””’

888 5294 1280 5352 Τι’όᾶθεθηάἱε
1308 5294 1364 5351 3.
1397 5293 1783 5350 Fredesendis
1813 5292 1985 5352 Dach.

1230 5381 1301 5421 ex
1330 5365 1423 5423 ad.
1444 5368 1497 5421 ‘t.
1569 5406 1585 5420 .
1662 5406 1676 5421 .
1708 5369 1829 5422 ten.
1861 5365 1998 5423 τίω.
2029 5361 2106 5420 al.
2137 5359 2386 5421 luminis
2424 5376 2489 5415 se
2513 5374 2569 5414 v.
2594 5374 2654 5421 ,v.
2686 5376 2746 5432 p.
2774 5355 2898 5421 Pro'
2990 5375 3090 5415 ssa
3116 5359 3171 5421 3.
3246 5357 3315 5424 {9°
3343 5355 3489 5412 deest
3518 5355 3568 5411 1.

1230 5436 1325 5494 tch.
1436 5437 1506 5473 ⁴⁰³
1776 5437 1831 5497 3.
1944 5436 2015 5473 ηδ
2043 5433 2127 5491 fui
2160 5434 2211 5491 1.
2245 5431 2358 5489 fuit
2387 5447 2576 5497 nuper
2602 5431 2660 5487 3.
2771 5430 2840 5465 ‘9'
2871 5374 3089 5488 (ξαίνει
3110 5430 3163 5487 3.
3276 5427 3345 5463 ⁴⁹⁶
3370 5435 3486 5497 qua
3518 5425 3568 5482 1.

2062 5292 2132 5327 ⁴⁸⁹
2163 5288 2535 5360 disterminat
2588 5285 2807 5360 victa're
2860 5285 3575 5360 quodammodeegrcecu-

3268 5416 3345 5463 ἠδ
3370 5435 3486 5497 qua
3518 5425 3571 5482 1.

1944 5436 2015 5473 ωδ
2043 5433 2127 5491 fui
2160 5434 2211 5491 1.
2245 5431 2358 5489 fuit
2387 5447 2576 5504 nuper
2602 5431 2660 5487 3.
2688 5430 2707 5432 ἡ
2771 5430 2840 5465 ⁴⁰⁵
2871 5430 3089 5488 diceret
3110 5430 3163 5487 3.

1745 5605 1981 5665 NOTE.

229 5701 374 5775 (129)
402 5705 690 5771 Parochia
717 5707 873 5768 inter
903 5707 1153 5767 Lobium
1182 5711 1242 5767 ct
1266 5705 1602 5767 Bin‘cbium.
1638 5684 1968 5765 Hasscnsa.
