3912 6364
399 370 516 429 579
616 442 633 447 _

733 368 1100 431 FOLCUINI
1145 368 1478 431 ABBATIS
1521 369 1982 433 LAUBIENSIS
2027 373 2130 434 DE
2176 374 2451 436 GESTIS
2498 373 2875 440 ABBATUM
2917 376 3480 441 LAUBIENSIUM.

3700 377 3804 439 580

396 502 690 576 agendum
712 502 853 556 dum
876 499 1246 557 celebrantur
1267 501 1482 570 missae,
1518 506 1575 557 et
1598 503 1671 558 ad
1704 520 1801 559 eas
1832 504 2048 561 Trans-
2078 509 2132 576 Α
2163 507 2460 564 dominica
2488 509 3089 583 quadragesimalium
3134 511 3363 567 dierum
3393 510 3566 567 tertia
3595 542 3661 554 -
3690 509 3802 567 loco

393 589 678 647 sambrini
691 588 975 663 globatim
989 592 1355 647 maturarent
1366 590 1860 665 accelerare,pons
1873 608 2049 665 quem

392 679 697 735 subierant
735 677 1115 733 multitudine
1144 679 1212 714 ⁴⁹⁸
1242 683 1637 751 przegravatus
1668 679 1903 747 decidit,
1938 681 2049 736 im-

390 784 733 838 mersosque
751 784 900 839 quos
921 769 1299 839 acceperat‘90
1320 768 1517 824 alveus
1539 768 1710 840 longe
1734 768 1907 825 ﬂuvio
1941 787 2048 825 suo

389 855 765 912 traxit.Facta
788 856 967 928 igitur
986 856 1470 924 conclamatione,
1484 858 1757 913 turbatur
1777 856 2043 914 ecclesia.

386 944 618 1019 Egressi
640 961 788 1017 pene
808 960 1013 1001 omnes
1035 944 1175 1000 dum
1200 945 1658 1002 anxiarentur5°°
1669 946 1741 1001 ad
1764 946 2047 1003 cadavera

386 1028 579 1093 solum
612 1034 985 1106 requirenda,
1019 1034 1171 1089 mira
1221 1033 1322 1090 Dei
1374 1033 1635 1107 potentia
1683 1038 1897 1105 cuncta
1945 1034 2046 1091 illa

383 1124 799 1181 immersorum
861 1123 1131 1180 examina
1188 1124 1413 1196 sospita
1471 1123 1771 1179 obviavere
1803 1128 1859 1179 et
1891 1122 2039 1179 lmta.

380 1213 549 1270 Dicat
582 1213 675 1268 hic
707 1213 841 1286 quis
864 1212 1019 1284 quod
1037 1211 1188 1280 vult;
1208 1229 1314 1267 nos
1336 1211 1737 1266 liberationem
1757 1212 1907 1268 hanc
1925 1212 2041 1266 Deo

381 1302 756 1366 ascribimus,
789 1300 882 1356 cni
914 1301 1213 1372 proprium
1248 1305 1336 1355 est
1368 1306 1423 1355 et
1456 1298 1772 1371 singulare,
1808 1305 2042 1357 sanctos

379 1407 520 1446 suos
544 1391 761 1462 ubique
783 1389 1181 1462 magniﬁcare,
1208 1394 1266 1445 et
1296 1390 1544 1445 fidentes
1575 1390 1638 1423 ⁵⁰¹
1665 1389 1724 1444 in
1754 1388 1873 1446 illis
1903 1407 2037 1462 ope-

378 1495 446 1535 ra
471 1479 540 1514 ⁸⁰²
569 1477 981 1534 misericordiae
1014 1495 1132 1533 sum
1164 1477 1223 1533 in
1255 1477 1534 1551 periculis
1564 1494 1767 1535 eorum
1814 1478 2041 1536 meritis

378 1566 704 1624 sublevare.

446 1698 992 1767 3950'Gislabertus,
1019 1716 1087 1756 ex
1104 1703 1357 1772 quatuor
1385 1700 1618 1757 comitis
1640 1701 1874 1757 Roberti
1899 1699 2036 1757 ﬁliis

374 1804 749 1860 unus,nuper
764 1788 978 1848 mcum
1004 1787 1155 1857 aliis,
1181 1788 1281 1861 qui
1305 1788 1647 1845 Mathildem
1670 1788 2034 1846 comitissam

373 1877 523 1950 (130)
544 1877 1002 1950 stipaverant“,
1039 1877 1195 1949 apud
1239 1894 1347 1933 nos
1380 1876 1746 1950 bospitatum
1776 1882 2033 1936 venerat.
2066 1880 2113 1945 B

372 1966 480 2034 Qui
506 1966 658 2022 inter
677 1966 1027 2021 coenandum
1058 1965 1403 2022 monachico
1425 1966 1614 2021 ordini
1639 1966 1806 2039 quasi
1832 1967 2031 2023 minus

372 2055 613 2127 profuso
630 2055 718 2121 5°“,
742 2058 941 2126 utpote
970 2053 1284 2125 improvise
1314 2053 1461 2127 ipsis
1494 2054 1886 2123 venientibus,
1919 2072 2031 2111 cce-

371 2142 457 2216 pit
495 2142 818 2209 detrahere,
860 2139 997 2196 licet
1026 2159 1129 2213 pro
1160 2142 1559 2214 Oportunitate
1602 2143 1884 2216 temporis
1915 2142 2031 2199 illis

370 2231 733 2287 sufficientes
789 2229 1371 2285 amministrarentur
1424 2232 1621 2303 copiae.
1658 2232 1826 2288 Mane
1856 2233 2030 2303 facto,

372 2323 633 2375 montem
658 2323 889 2375 oratum
911 2335 1089 2390 eques
1110 2319 1443 2388 scandit”,
1461 2320 1561 2375 sed
1593 2320 1653 2375 in
1685 2319 1814 2393 ipso
1846 2325 2031 2376 trans-

370 2424 576 2482 gressu
608 2408 921 2480 graduum,
954 2423 1057 2479 per
1094 2423 1243 2479 quos
1285 2408 1624 2463 ascenditur
1652 2409 1723 2465 ad
1756 2410 2028 2481 superius

366 2495 1009 2566 monasterium,equus
1032 2495 1292 2573 sub'ipso
1314 2493 1551 2562 labitur,
1568 2495 1668 2567 qui
1700 2496 2027 2554 calcaribus

366 2583 718 2641 multociens
740 2599 925 2640 czesus
947 2582 1191 2638 minime
1212 2583 2025 2657 erigitur.Putaverunt,quod

367 2673 591 2742 morbo,
624 2676 691 2728 ut
735 2674 822 2742 ﬁt,
878 2672 1114 2745 sonipes
1164 2677 1509 2746 urgeretur;
1543 2678 1897 2747 temptatum
1937 2680 2027 2732 est

364 2763 578 2819 iterum
600 2765 659 2817 et
679 2761 1231 2834 tertio;quadrupes
1254 2762 1455 2834 procul
1490 2763 1668 2819 dubio
1700 2763 2025 2820 immobilis

355 2852 533 2925 jacet.
568 2851 921 2908 Persuasum
968 2854 1060 2906 est
1108 2850 1192 2905 illi
1247 2850 1317 2907 ab
1359 2850 1566 2909 amicis
1597 2856 1654 2907 et
1684 2852 2019 2920 comitibus,

364 2940 617 2995 maxime
647 2956 682 2995 a
713 2940 936 2996 Basone
966 2939 1033 2974 ⁵0⁸
1064 2944 1263 2995 nostro
1320 2939 1618 3006 advocato,
1655 2945 1721 2995 ut
1778 2940 1827 2994 si
1877 2941 2019 3011 quid

364 3030 514 3084 forte
555 3033 703 3085 teste
757 3026 1116 3083 conscientia
1173 3028 1659 3099 transgressionis
1690 3029 1758 3062 ⁵⁰⁹
1782 3028 2017 3099 egisset,

360 3122 561 3173 votum
594 3131 829 3182 vovens,
857 3115 973 3170 Deo
1012 3119 1070 3169 et
1097 3114 1353 3169 ecclesiae
1385 3116 1514 3185 ejus
1548 3115 1928 3181 satisfaceret,
1963 3120 2020 3170 et

242 3228 248 3237 -
360 3205 471 3261 hoc
502 3202 855 3275 quantocius
886 3206 1083 3275 posset
1110 3203 1199 3256 ⁵¹⁰.
1242 3201 1533 3269 Promisit,
1567 3208 1623 3258 et
1652 3202 2016 3259 descendens

358 3307 579 3365 equum
611 3290 852 3363 quidem
885 3306 1099 3345 sanum
1146 3290 1422 3362 repperit,
1456 3290 1558 3345 sed
1591 3291 1702 3346 nisi
1738 3292 2013 3347 deorsum

360 3380 579 3438 montis
610 3379 662 3436 ei
692 3379 950 3436 insidere
982 3379 1261 3452 nequivit.

434 3514 522 3569 40.
547 3514 747 3571 Frater
764 3513 828 3548 ⁸η
855 3512 1164 3582 Robertus,
1200 3515 1399 3568 nostro
1450 3516 1711 3585 tempore
1759 3512 2015 3569 ecclesiae

359 3603 546 3661 sancti
574 3602 837 3660 Ursmari
858 3602 1093 3659 edituus
1115 3600 1487 3673 5”,baeulum
1502 3618 2015 3675 recurvum,quem

358 3692 623 3767 plerique
652 3692 990 3748 tambucam
1032 3692 1119 3758 5'3,
1172 3689 1270 3746 alii
1302 3688 1635 3763 petaculum
1677 3691 1743 3725 ⁶¹⁴
1789 3697 2014 3761 vocant,

360 3781 532 3856 quasi
553 3780 741 3838 sancti
759 3780 1019 3838 Ursmari
1037 3779 1377 3853 gestabilem
1392 3784 1449 3836 et
1460 3780 1763 3853 proprium
1777 3786 2018 3854 argento

360 3870 683 3939 fabricavit,
708 3869 990 3942 petiitque
1008 3886 1041 3925 a
1058 3868 1316 3936 nobis,ut
1339 3866 1772 3940 aliquantulum
1798 3871 1869 3926 de
1891 3888 2017 3927 cor-

358 3976 497 4032 pore
518 3958 705 4031 ipsius
723 3957 794 4013 ad
819 3957 1101 4029 majorem
1128 3955 1329 4030 populi
1353 3958 1784 4015 venerationem
1808 3957 2018 4016 baculo

358 4047 444 4103 illi
468 4047 879 4103 insereremus.
898 4044 1164 4101 Fecimus
1196 4046 1349 4118 quod
1373 4046 1636 4118 petierat,
1672 4048 1931 4120 quaesitis
1962 4053 2020 4104 et

358 4134 615 4207 sumptis
646 4150 717 4190 ex
748 4135 816 4171 ⁶¹⁵
852 4134 1322 4190 concineratione
1366 4134 1724 4193 sanctissimi
1759 4137 2016 4208 corporis

357 4223 419 4282 in
441 4222 751 4297 sepulchro
783 4223 1014 4280 duobus
1046 4222 1356 4290 dentibus;
1382 4222 1598 4295 quibus
1622 4223 2017 4295 inmissis,ubi

358 4314 431 4371 ab
452 4313 699 4370 inferius
719 4312 792 4369 ad
825 4311 1099 4385 superius
1130 4312 1556 4368 monasterium
1588 4312 1821 4370 delatus
1841 4315 2016 4381 est,in

2160 612 2267 651 suo
2298 596 2511 664 stabat,
2544 598 2738 654 subito
2770 599 3123 655 contremuit
3152 600 3323 668 (131).

2230 686 2294 740 41
2335 686 2403 721 ⁸¹⁶
2454 686 2569 742 Nec
2609 691 2843 743 tantum
2874 688 2936 743 in
2967 687 3092 744 loco
3124 687 3309 744 felicis
3339 688 3606 759 ejusdem
3636 688 3805 762 patris

2160 774 2541 847 requietionis
2592 777 2743 833 ﬁunt
2773 795 2807 833 a
2836 778 2952 834 Deo
2995 779 3125 849 ejus
3168 777 3500 834 interventu
3530 777 3654 834 haec
3683 795 3806 852 spe-

2157 862 2384 919 cialiter
2413 865 2585 932 mira,
2618 866 2720 922 sed
2753 866 2812 922 in
2859 867 3101 923 remotis
3131 866 3260 939 ejus
3292 867 3589 923 memoriae
3604 867 3804 925 dicatis

2157 951 2303 1008 locis
2360 970 2615 1028 persaepe
2671 959 2911 1012 ostensa
2959 959 3099 1011 sunt
3147 955 3404 1028 plurima
3432 957 3498 992 δι”
3529 956 3802 1015 miraculo

2155 1043 2356 1115 digna.
2380 1044 2699 1100 Tudinium
2730 1046 3001 1117 denique,
3018 1046 3189 1102 nobis
3218 1045 3496 1117 adjacens
3526 1049 3798 1113 castrum,

2152 1132 2345 1189 locum
2377 1132 2631 1189 habebat
2660 1134 2915 1191 ecclesia:
2961 1135 3145 1191 sancti
3208 1134 3469 1191 Ursmari
3527 1136 3804 1193 memoria

2154 1238 2410 1279 sacrum.
2438 1222 2499 1278 In
2535 1240 2649 1294 quo
2682 1224 2937 1295 quodam
2972 1228 3254 1296 tempore,
3288 1241 3357 1279 ea
3383 1223 3655 1279 videlicet
3684 1242 3800 1296 quae

2152 1315 2275 1366 erat
2305 1328 2469 1366 coma
2501 1312 2731 1366 Domini
2764 1316 2952 1377 nocte,
2985 1314 3138 1368 sicut
3158 1313 3491 1367 audivimus
3523 1314 3801 1369 Bosonem

2151 1401 2499 1456 advocatum
2524 1401 2610 1469 5“,
2643 1401 2742 1472 qui
2788 1401 3154 1469 interfuerat,
3188 1401 3425 1469 referre,
3454 1401 3597 1457 dum
3650 1418 3803 1458 more

2150 1487 2323 1545 solito
2345 1489 2405 1544 in
2428 1488 2759 1544 matutinali
2787 1488 2990 1561 synaxi
3024 1489 3275 1545 lucerna:
3306 1489 3798 1562 extinguerentur,

2148 1582 2207 1633 et
2235 1594 2413 1650 ymno
2449 1576 2730 1650 evangelii
2770 1577 2953 1646 finito,
2982 1582 3146 1634 terrae
3168 1578 3238 1614 ⁸¹⁹
3267 1581 3529 1635 astantes
3559 1582 3805 1651 proster-

2148 1670 2445 1734 nerentur,
2477 1667 2590 1722 tria
2621 1665 2924 1723 stillicidia
2973 1666 3034 1722 in
3084 1667 3327 1724 modum
3385 1666 3650 1736 illorum,
3682 1683 3799 1739 qua:

2144 1755 2414 1812 videmus
2458 1756 2699 1828 porcina
2719 1773 2788 1812 ex
2808 1755 3167 1829 pinguedine
3198 1755 3466 1813 ardentia
3494 1754 3739 1825 stillare,
3770 1773 3802 1812 ι

2144 1862 2380 1901 summo
2412 1846 2547 1902 tecti
2570 1845 2629 1900 in
2653 1846 2983 1917 pavimento
3017 1844 3393 1915 distillavere,
3427 1846 3571 1903 adeo
3601 1850 3670 1902 ut
3698 1844 3799 1902 ali-

2147 1934 2361 2006 quibus
2420 1934 2726 1990 ecclesiam
2785 1934 3115 2002 incendere,
3150 1933 3453 2008 aliquibus
3508 1935 3800 1993 illustrem

2141 2022 2664 2090 viderentur.Quod
2689 2040 2821 2079 cum
2836 2040 3041 2081 omnes
3059 2024 3585 2091 viderent,cuidam
3606 2030 3795 2081 tamen

2142 2112 2460 2184 Tietberga:
2476 2114 2561 2179 δίο,
2584 2102 2965 2169 nobilissima:
2988 2116 3291 2178 matronze,
3311 2113 3562 2169 orationi
3579 2113 3799 2169 incum-

2140 2200 2303 2259 benti
2325 2203 2387 2236 5"
2412 2202 2663 2258 vicinius
2704 2207 2761 2257 et
2792 2202 2852 2258 in
2883 2201 3011 2274 ipso
3045 2219 3192 2274 pene
3210 2204 3276 2236 5“
3297 2201 3577 2275 occipicio
3612 2204 3796 2258 visum

2138 2296 2228 2347 est
2249 2290 2534 2347 distillare
2546 2291 2632 2345 5’3.
2663 2291 2733 2346 Et
2755 2290 2865 2347 hoc
2888 2307 2995 2346 cur
3013 2290 3235 2347 factum
3258 2289 3353 2358 sit,
3370 2290 3538 2346 nobis
3562 2291 3796 2363 quidem

2137 2385 2228 2436 est
2257 2380 2569 2447 incertum,
2605 2378 2686 2435 nil
2733 2383 2930 2435 autem
2989 2380 3049 2435 in
3098 2383 3255 2436 terra
3285 2378 3410 2435 sine
3440 2396 3626 2436 causa
3655 2379 3794 2446 fieri,

2137 2468 2277 2542 quia
2296 2467 2645 2541 legimus‘",
2661 2486 2776 2524 non
2799 2476 2889 2524 est
2908 2467 3503 2524 dubium.Ternarius
3524 2468 3797 2525 autem“

2137 2572 2421 2614 numerus
2450 2558 2607 2614 unde
2640 2558 2719 2614 sit
2748 2574 2933 2624 sacer,
2969 2556 3275 2613 catholicis
3306 2560 3488 2629 patet,
3513 2562 3569 2612 et
3601 2557 3793 2630 ignem

2135 2645 2321 2702 Deum
2352 2648 2419 2682 ⁶²⁶
2448 2662 2596 2713 esse,
2629 2662 2746 2702 non
2774 2645 2928 2712 ﬁcte,
2961 2644 3116 2701 sicut
3173 2662 3208 2701 a
3254 2645 3441 2717 poetis
3497 2645 3795 2702 Vulcanus

2134 2734 2289 2807 ignis
2320 2734 2556 2806 dicitur,
2589 2736 2690 2790 sed
2722 2739 2957 2803 vere,ut
2985 2736 3302 2808 Apostolus
3332 2734 3539 2803 sensit,
3574 2740 3698 2791 tam
3730 2752 3794 2790 ex

2132 2822 2322 2895 ipsius
2348 2824 2561 2893 verbis,
2600 2823 2699 2879 ubi
2733 2841 2745 2878 :
2781 2824 2922 2879 Deus
2971 2832 3155 2880 noster
3196 2824 3341 2895 ignis
3371 2840 3695 2880 consumens
3721 2830 3797 2879 est

2131 2912 2312 2983 (Hebr.
2337 2929 2436 2979 xu,
2459 2912 2575 2981 23),
2598 2927 2777 2983 quam
2801 2911 2860 2965 in
2883 2928 2950 2966 eo
2971 2913 3059 2979 5",
3085 2913 3239 2983 quod
3265 2912 3520 2983 Spiritus
3552 2916 3793 2969 sanctus

2127 3016 2302 3055 verus
2341 3000 2399 3053 in
2450 3000 2733 3054 Trinitate
2764 2999 3019 3070 perfecta
3048 3000 3223 3068 Deus,
3256 2999 3315 3054 in
3348 3000 3537 3071 igneis
3567 2999 3787 3075 linguis

2128 3103 2308 3158 super
2339 3086 2635 3159 apostolos
2664 3087 2988 3154 descendit,
3018 3087 3377 3142 orthodoxus
3408 3087 3669 3160 quisque
3700 3091 3788 3145 in-

2127 3174 2353 3247 telligit.
2391 3175 2551 3231 Hanc
2580 3174 2761 3247 igitur
2790 3179 3018 3231 ternam
3049 3175 3116 3209 ⁵³⁸
3149 3174 3499 3247 igneamque
3546 3176 3791 3234 distilla-

2045 3249 2088 3316 C
2127 3264 2345 3319 tionem
2377 3263 2636 3319 Trinitas
2654 3266 2862 3319 sancta
2880 3268 3079 3319 utrum
3113 3280 3217 3335 pro
3237 3262 3491 3335 alicujus
3533 3266 3789 3325 astantis

2126 3352 2507 3426 approbanda
2536 3354 2604 3388 ⁶²⁰
2624 3352 2927 3409 devotione
2948 3353 3068 3426 egit
3091 3354 3179 3422 ³³0,
3201 3366 3379 3425 quam
3403 3354 3611 3410 eadem
3646 3356 3789 3411 forte

2126 3445 2265 3497 tunc
2294 3440 2581 3514 igniverat
2610 3442 2698 3511 ³³³,
2733 3446 2799 3497 ut
2838 3441 3170 3498 ostenderet
3223 3442 3364 3497 foris
3421 3443 3583 3514 quod
3629 3442 3789 3500 intus

2125 3530 2464 3603 agebat,aut
2487 3535 2725 3604 propter
2746 3531 3219 3587 commendanda
3235 3535 3575 3587 sanctorum
3600 3537 3788 3605 patro-

2127 3618 2357 3676 cinia—
2392 3619 2547 3691 quod
2588 3620 2780 3693 magis
2819 3618 3096 3676 credibile
3117 3625 3294 3676 est—
3327 3637 3455 3692 qua:
3486 3620 3567 3675 ibi
3600 3638 3784 3694 popu-

2125 3706 2219 3764 lus
2241 3709 2444 3765 devote
2466 3708 2893 3781 frequentabat,
2919 3709 3088 3765 nobis
3119 3710 3186 3743 ⁵³³
3217 3708 3454 3780 quidem
3485 3707 3649 3778 latet,
3684 3709 3781 3765 sed

2125 3798 2305 3869 ei,qui
2339 3798 2539 3854 omnia
2568 3797 2834 3854 facienda
2862 3797 3140 3869 prmvidet
3158 3798 3226 3833 ⁸³³
3255 3801 3312 3854 et
3342 3797 3493 3855 facta
3524 3799 3785 3854 modera-

2124 3891 2223 3943 tur
2254 3892 2310 3943 et
2339 3886 2510 3960 regit,
2541 3886 2743 3958 procul
2773 3886 2952 3943 dubio
2984 3890 3164 3960 patet.

2198 3974 2764 4049 112"-""ltlagnitudine
2795 3992 2897 4031 seu
2930 3974 3278 4032 enormitate
3300 3976 3558 4049 suscepti
3590 3974 3781 4049 operis

2128 4063 2338 4121 devicti
2351 4065 2417 4099 ³³⁵
2447 4070 2504 4120 et
2532 4065 2809 4133 enervati,
2833 4064 3005 4136 plura
3036 4064 3563 4138 praetermittimus.
3587 4065 3779 4122 Unum

2126 4153 2235 4209 hoc
2268 4153 2547 4210 ultimum
2574 4158 2631 4209 et
2659 4153 2935 4209 omnibus
2965 4154 3351 4227 pemdicatum
3392 4154 3781 4228 pluribusque

2127 4244 2219 4299 sui
2250 4247 2546 4315 comperto
2577 4241 2957 4301 notissimum
2993 4243 3258 4299 dicemus
3282 4261 3296 4312 ;
3331 4243 3485 4316 quod
3514 4242 3780 4299 videlicet

2128 4331 2329 4389 nullus
2361 4330 2461 4404 qui
2492 4330 2749 4388 ecclesiae
2783 4330 2865 4387 illi
2900 4348 3164 4404 unquam
3198 4331 3399 4388 intulit
3429 4332 3775 4404 dampnum,

358 4405 487 4478 ipso
509 4403 777 4477 ingressu
801 4418 950 4458 anus
971 4402 1395 4473 quzedam,qum
1428 4401 1721 4458 interdum
1758 4403 2015 4461 ecclesia:

2214 4401 2413 4477 triatus
2445 4419 2522 4476 sit
2550 4420 2610 4476 in
2642 4436 2886 4476 annum.
2911 4420 2981 4475 Et
3001 4401 3061 4475 si
3093 4420 3242 4477 forte
3272 4437 3376 4494 pro
3407 4401 3671 4493 quolibet
3690 4422 3774 4486 ⁸³⁸,

358 4490 993 4567 stipendiis,interdum
1016 4488 1354 4546 elemosinis
1372 4489 1633 4547 ﬁdelium
1654 4493 2020 4549 sustentaba-

358 4584 457 4640 tur
475 4581 611 4639 etin
632 4579 877 4638 ecclesia
893 4611 955 4621 -—
972 4577 1165 4636 missa:
1191 4582 1386 4635 autem
1430 4572 1755 4653 agebantur
1778 4585 2017 4654 eratque

2130 4516 2193 4567 ut
2214 4509 2676 4582 assolet,injuste
2690 4508 2865 4582 illato
2886 4509 3143 4582 dampno
3175 4509 3447 4582 monachi
3479 4526 3549 4567 ex
3569 4508 3775 4580 majori

2126 4579 2705 4653 monasteriofquod
2765 4579 3002 4651 quidem
3028 4579 3301 4639 ‘inferius
3357 4585 3467 4651 est,
3519 4579 3775 4639 montem

1714 4724 1958 4783 VARle
1998 4724 2417 4783 LECTIONES.

427 4850 495 4887 ‘9'
527 4849 971 4906 multitudinem
997 4850 1047 4905 1.
1119 4849 1187 4884 ‘99
1216 4865 1493 4906 accenera
1520 4850 1571 4905 1.

1686 4851 1753 4885 ⁶⁰⁰
1781 4849 2096 4907 anxiantur
2123 4852 2178 4906 3.

2291 4850 2355 4886 ὕοι
2391 4848 2711 4921 fidentibus
2745 4850 2793 4904 1.
2853 4919 2862 4921 _
2910 4849 2978 4884 ⁵0³
3009 4866 3117 4921 ope
3147 4849 3200 4905 3.
3315 4846 3555 4921 503XLI.
3589 4847 3764 4921 Dach.

427 4866 495 4887 ’νυ
527 4866 971 4906 multitudinem
997 4866 1047 4905 1.
1119 4866 1186 4884 συν
1216 4866 1493 4955 accepere
1520 4866 1571 4905 ι.
1686 4866 1753 4885 ουν
1781 4866 2096 4907 anxxantur
2123 4866 2178 4906 δ.
2291 4866 2355 4886 υνι
2391 4866 2711 4905 nncnunus
2745 4866 2793 4904 ι.
2910 4866 2978 4884 υυι
3009 4866 3117 4921 ope
3147 4866 3200 4905 δ.
3315 4866 3383 4884 δυσ
3411 4866 3555 4905 Abl.
3589 4866 3764 4905 uacn.

357 4921 427 4995 Ψ
454 4920 599 4978 deest
630 4924 680 4977 1.
740 4921 807 4957 ⁵ου
838 4925 1203 4995 stupraverat
1235 4923 1286 4975 1.
1316 4992 1325 4995 _
1387 4922 1432 4995 9°
1464 4921 1771 4995 profusum
1796 4940 1854 4978 u.
1887 4922 2275 4995 improvisum
2308 4922 2358 4976 1.
2419 4922 2503 4995 _‘°7
2535 4920 2825 4995 scandens
2849 4919 2909 4976 in
2942 4919 3159 4993 populo
3191 4925 3231 4976 t.
3268 4921 3321 4995 1.
3399 4920 3465 4955 ωδ
3496 4920 3572 4995 ab
3597 4920 3692 4976 ofo
3724 4923 3772 4974 1.

357 4994 426 5029 ⁶⁰⁰
458 4994 910 5066 transgressorie
940 4994 996 5048 3.

359 5066 426 5099 ⁶¹²
450 5064 647 5121 editus
676 5067 726 5119 1.
840 5065 908 5099 ⁶¹³
939 5064 1303 5119 cambuttam
1333 5065 1387 5119 3.
1486 5064 1555 5098 ⁵⁸⁸
1585 5064 1847 5136 petalurn
1878 5066 1931 5121 3.

359 5140 633 5219 vestram
662 5137 715 5190 3-
794 5136 863 5219 “1°
894 5139 1047 5219 terra
1077 5139 1622 5219 eammeam“?
1652 5138 1703 5219 ίε

1072 4994 1139 5027 δίο
1171 4992 1357 5064 possit
1387 4994 1436 5047 1.
1470 4992 1570 5027 ’5“
1606 4993 1705 5049 hoc
1759 5010 1877 5066 cap.
1933 4992 2080 5051 deest
2122 5010 2155 5050 a

1074 5064 1300 5101 hanm
1334 5065 1367 5101 ’ξ
1486 5064 1555 5098 ΒΗ
1585 5064 1844 5101 nntnlnm
1880 5066 1913 5101 εὶ
2039 5067 2107 5101 ωδ
2138 5083 2155 5101 r

1816 5138 1885 5172 ⁵²⁰
1915 5137 2154 5193 tibereae
2184 5139 2234 5191 1.

2296 4992 2495 5058 Dach.;
2526 4994 2585 5047 in
2616 4994 2670 5048 3.
2703 5008 2873 5063 supra
2900 4992 3142 5063 cum
3175 4994 3524 5063 conjunctum
3552 4992 3771 5062 legitur.

2394 5065 2461 5099 ⁶¹⁶
2491 5063 2659 5119 XLII.
2694 5062 2865 5119 Dach.
2952 5065 3018 5098 5”
3053 5062 3222 5135 plura
3251 5062 3304 5135 3.
3340 5062 3533 5135 Dach,
3569 5133 3578 5135 ξ
3625 5064 3691 5097 ⁵η
3719 5078 3770 5117 a.

2666 5135 3035 5191 rocumbenti
3056 5133 3119 5190 ’3.
3148 5134 3313 5190 Dach.
3425 5135 3497 5169 ⁸³³
3522 5133 3679 5190 birre
3712 5136 3763 5190 1.

2179 5067 2291 5121 e3.

2347 5136 2411 5171 ⁶²¹
2446 5135 2591 5190 inibi

357 5208 424 5279 σιξ
455 5206 772 5262 distillasse
803 5211 857 5264 3.
935 5208 1002 5279 δξδ
1023 5204 1325 5279 legitimus
1360 5208 1409 5261 1.
1451 5207 1519 5241 ⁸³⁵
1548 5207 1845 5279 siquidem
1876 5209 1929 5263 3.
1964 5204 2129 5265 Decb.
2172 5209 2240 5243 ⁵²⁶
2270 5207 2497 5263 domini
2532 5208 2583 5279 1A.
2620 5204 2743 5275 (dni
2770 5223 2871 5279 pro
2901 5206 3045 5279 dm);
3078 5204 3386 5261 dominum
3415 5205 3606 5279 3.)”
3628 5220 3773 5279 quo-

357 5278 517 5332 niam
547 5294 681 5334 vero
713 5280 763 5333 1.
786 5279 871 5321 .5”
902 5277 1117 5333 trinam
1153 5280 1204 5333 1.
1316 5279 1383 5313 εῖτ
1413 5295 1447 5333 8.

1451 5279 1856 5350 pprobandam
1890 5281 2254 5336 devotionem
2287 5281 2338 5334 1.

2434 5279 2503 5313 ⁶³⁰
2533 5277 2676 5334 deest
2707 5277 2783 5332 1.‘
2826 5279 2891 5312 ⁵³⁸
2924 5278 3292 5351 ignoraverat
3323 5279 3374 5332 1.
3485 5277 3555 5311 ⁸³³
3583 5292 3689 5335 nos
3718 5277 3769 5333 3.

356 5350 423 5384 ⁸³³
449 5350 714 5422 praevidit
751 5351 800 5404 1.
842 5351 909 5384 ⁶³⁴
938 5350 1135 5407 XLIII.
1168 5348 1335 5405 Dach.
1378 5348 1642 5407 ³³δένὶοϋ
1673 5351 1728 5405 3.
1761 5350 1928 5408 Dach.
1970 5352 2039 5389 ⁵⁸⁸
2069 5350 2434 5425 quibuslibet
2467 5351 2519 5405 1.

1944 5476 2180 5535 NO'NE.

425 5598 573 5671 (130)
592 5597 837 5656 Uxorem
863 5599 1159 5671 Raginerii
1182 5597 1273 5667 IV,
1294 5596 1885 5671 comitis_Hannonia3.
1920 5604 2007 5657 An

357 5669 648 5732 Robertus
671 5671 748 5731 sit
778 5671 907 5732 aliis
938 5669 1245 5729 Rasbodus
1276 5685 1471 5729 comes
1502 5669 1777 5731 Namurc.
1812 5689 2017 5749 prone-

2119 5617 2322 5676 posea
2353 5603 2540 5676 matre
2574 5597 2869 5676 Raginegii
2902 5598 2924 5655 Ι
2954 5615 3069 5657 non
3112 5597 3256 5656 satis
3285 5594 3487 5671 liquet.
3522 5594 3768 5653 Bessan.

2198 5672 2344 5750 (131)
2374 5671 2459 5731 Cf.
2490 5658 2695 5746 supra:
2721 5687 2771 5726 c.
2805 5658 2892 5726 32.
