3912 6360
133 380 240 444 581

469 377 1059 445 ERKEMBALDUS
1105 376 1733 442 ARGENTINENSIS
1780 372 2239 441 EPISCOPUS.
2271 411 2350 425 --
2380 379 2697 444 NOTITIA
2746 382 3188 446 HISTORICA.

3415 386 3533 449 582

69 520 75 525 ”
129 516 307 574 sancti
328 516 588 574 Ursmari
619 516 914 573 scandunt
942 513 1335 582 reclamaturi,
1359 513 1635 579 creditur,
1665 529 1768 567 nec
1798 518 1851 585 Α
1882 514 2271 579 sione,utrum
2296 530 2397 585 per
2413 531 2473 570 se
2491 515 2549 570 in
2573 515 2699 588 ipso
2722 516 2962 589 grabato
2980 523 3176 590 posset
3193 519 3535 580 sublevatus

128 621 269 662 vana
295 623 431 679 spes
461 609 571 675 est,
607 620 913 677 nunquam
947 601 1204 659 inultum
1245 603 1336 658 iri.
1371 602 1602 675 Experti
1634 605 1774 657 sunt

128 694 231 750 hoc
251 692 532 766 plerique,
556 696 615 749 et
645 709 775 748 sero
807 692 943 747 licet
976 692 1335 762 ingemuere.
1369 691 1660 745 Nimirum
1694 688 1773 744 lo-

126 799 273 851 cum,
301 799 477 855 quem
526 782 675 837 rexit
722 797 963 854 corpore
1009 781 1239 849 vivens,
1274 784 1472 835 tuetur
1520 779 1766 849 meritis,

127 887 253 927 cum
284 871 515 928 Christo
543 887 801 944 regnans
832 874 890 925 et
917 870 976 925 in
1009 870 1137 942 ipso
1164 870 1447 942 gaudens.

188 962 343 1018 433⁵³⁷
365 962 676 1035 Presbyter
691 965 782 1018 est
799 977 975 1034 quem
988 960 1335 1032 Osingerum
1356 958 1664 1015 nominant
1679 958 1766 1026 ⁸³⁸,

122 1051 219 1123 qui
247 1051 325 1108 ita
357 1050 598 1123 paralisi
648 1056 773 1105 erat
815 1049 1162 1117 dissolutus,
1199 1053 1261 1103 ut
1293 1048 1482 1103 cervix
1532 1049 1590 1103 in
1642 1047 1771 1119 ipsa

116 1140 387 1212 junctura
434 1139 688 1195 resiliret
706 1140 793 1192 539.
819 1139 965 1205 Quid
1001 1137 1215 1205 dicam,
1249 1139 1405 1209 quod
1461 1137 1617 1208 loqui
1655 1155 1766 1192 non

122 1230 453 1300 poterat,cui
478 1228 745 1284 omnium
766 1228 1163 1282 membrorum
1183 1227 1395 1293 ofﬁcia,
1413 1226 1535 1281 solo
1554 1227 1767 1297 Spiritu

119 1317 434 1387 anhelante,
460 1318 814 1373 defecerant.
840 1316 942 1371 llic
973 1316 1033 1370 in
1064 1317 1173 1371 hac
1196 1315 1516 1371 valitudine
1543 1332 1765 1369 annum

119 1406 361 1479 explens,
377 1405 626 1462 alterius
647 1404 879 1473 solatio,
894 1403 1233 1460 elemosinis
1256 1403 1517 1459 ﬁdelium
1542 1408 1769 1459 susten-

118 1496 360 1552 tabatur.
393 1496 643 1553 Iacebat
688 1498 888 1551 autem
937 1494 997 1550 in
1044 1493 1184 1549 villa
1235 1493 1407 1549 Fleon
1460 1493 1636 1559 dicta,
1671 1492 1765 1547 cui

116 1584 294 1641 vicina
308 1586 378 1621 “°
410 1588 503 1641 est
540 1582 645 1640 illa
682 1583 1010 1640 nativitatis
1055 1582 1238 1638 sancii
1261 1583 1323 1617 ³⁴¹
1358 1581 1620 1638 Ursmari
1652 1581 1766 1636 mi-

117 1672 309 1742 nistra,
344 1674 405 1729 in
435 1688 560 1746 qua
582 1676 710 1729 erat
738 1669 1047 1728 ecclesiola
1077 1670 1293 1743 lignea,
1321 1686 1499 1743 quam
1532 1671 1768 1725 fuerunt

112 1777 238 1816 eum
262 1759 518 1834 propriis
550 1758 832 1816 manibus
875 1758 1327 1831 compaginasse
1359 1762 1417 1814 et
1454 1757 1515 1812 in
1552 1754 1765 1829 prmdio

114 1866 211 1906 suo
225 1848 825 1915 dedicasse.Quadam
842 1848 934 1904 die
954 1848 1234 1903 euntibus
1256 1847 1611 1919 quibusdam
1630 1862 1764 1902 cum

112 1939 380 2011 plaustris
397 1939 460 1995 in
483 1940 758 2010 Augusta
778 1936 1270 1993 Viromandorum
1294 1938 1442 2006 (132)
1468 1934 1765 1991 mercandi

111 2027 305 2099 gratia,
328 2027 564 2100 rogavit
591 2027 805 2082 virtute
835 2042 953 2098 qua
984 2030 1231 2098 poterat,
1268 2030 1331 2079 ut
1363 2024 1769 2095 superpositus

111 2115 359 2188 plaustro
407 2116 485 2171 ad
543 2114 945 2187 supradictam
1006 2112 1374 2169 ecclesiolam
1436 2113 1766 2168 duceretur.

113 2205 336 2261 Factum
391 2208 509 2261 est.
546 2203 780 2260 Positus
827 2207 919 2259 est
967 2202 1028 2257 in
1070 2201 1425 2268 ecclesiam,
1449 2206 1506 2255 et
1536 2200 1616 2255 ibi
1651 2217 1773 2272 per-

111 2294 371 2349 noctavit.
397 2294 580 2350 Mane
607 2296 808 2349 autem
842 2292 1014 2358 facto,
1039 2290 1223 2347 voluit
1254 2294 1565 2362 temptare,
1591 2289 1769 2344 conﬁ-

115 2398 206 2438 sus
226 2384 295 2438 de
317 2383 421 2440 Dei
455 2380 867 2439 misericordia
897 2386 955 2437 et
982 2380 1172 2436 sancti
1195 2379 1457 2436 Ursmari
1501 2379 1772 2435 interces-

1796 1891 1843 1956 B

1882 602 2153 657 residere.
2182 603 2357 670 Fecit,
2390 604 2640 659 miratus
2688 610 2778 660 est
2827 622 2968 662 rem.
3000 606 3217 662 Deinde
3246 608 3535 680 paulatim

1881 689 2295 757 reviviscendo,
2340 692 2563 747 viribus
2622 692 2682 748 in
2739 694 3024 751 membris
3074 696 3392 768 resumptis
3441 698 3531 767 ⁸⁸³,

1879 780 2059 835 erexit
2088 798 2171 847 se,
2198 785 2255 835 et
2279 780 2622 849 ambulavit,
2651 781 2873 854 gratias
2903 800 3083 856 agens
3106 784 3221 840 Deo
3252 790 3308 841 et
3336 790 3533 859 patro-

1879 868 2123 924 cinatori
2149 870 2397 924 suo.Nos
2416 876 2618 941 postea
2636 871 3042 943 frequentibus
3062 874 3191 941 ejus
3214 875 3531 932 missarum

1879 957 2368 1015 celebratiouibus
2401 959 2491 1014 usi
2514 959 2583 992 ⁸⁸⁵
2603 976 2811 1015 sumus
2843 960 2903 1016 in
2935 962 3141 1018 eodem
3173 962 3319 1021 loco.
3340 965 3533 1021 Sanus

1880 1047 2003 1117 ipse
2023 1047 2095 1101 de
2118 1046 2361 1118 reliquo,
2379 1052 2769 1119 praeterquam
2792 1050 2982 1105 cervix
3005 1068 3130 1122 quae
3162 1052 3452 1109 resilicrat
3466 1055 3534 1089 ⁸⁸⁵

1878 1141 2085 1207 parum
2112 1141 2325 1189 retorta
2346 1136 2660 1203 videretur,
2689 1142 2827 1207 puto
2854 1145 3091 1210 propter
3114 1158 3535 1198 commemora-

1878 1225 2094 1279 tionem
2122 1230 2239 1278 tam
2265 1224 2493 1278 miriﬁci
2519 1225 2805 1292 beneﬁcii,
2827 1228 2896 1280 ad
2921 1228 3323 1298 populandum
3346 1231 3532 1286 omni-

1878 1313 2011 1377 bus,
2035 1318 2326 1384 quantum
2350 1312 2536 1367 valeat
2560 1313 2618 1367 in
2641 1321 2956 1385 conspectu
2991 1316 3222 1370 Domini
3254 1320 3532 1375 meritum

1878 1402 2067 1456 sancti
2103 1402 2219 1456 sui.

1948 1492 2036 1545 44.
2072 1489 2292 1545 Retulit
2323 1491 2534 1547 iisdem
2567 1491 2869 1565 presbyter
2898 1493 3091 1560 nobis,
3114 1496 3269 1566 quod
3292 1497 3360 1532 ⁸⁸⁸
3390 1513 3534 1571 qua-

1876 1580 2013 1634 dam
2047 1579 2140 1635 die
2170 1580 2227 1633 in
2263 1580 2393 1651 ipsa
2434 1580 2702 1649 ecclesia,
2734 1581 2829 1636 cui
2878 1582 2938 1637 in
2991 1586 3536 1657 recompensatione

1875 1667 2141 1724 beneﬁcii
2184 1669 2313 1739 jam
2365 1668 2503 1724 dicti
2554 1669 2920 1725 deserviebat
2940 1672 3028 1739 “7,
3051 1672 3193 1729 dum
3221 1673 3289 1708 “3
3320 1674 3536 1731 missas

1876 1756 2265 1829 agerethlecto
2295 1756 2615 1829 evangelio,
2637 1774 2740 1813 vas
2778 1760 2937 1830 quod
2970 1760 3538 1819 consuetudinaliter

1871 1847 2041 1917 juxta
2073 1846 2255 1901 altare
2284 1862 2419 1902 cum
2449 1847 2584 1902 vino
2616 1848 2926 1918 pendebat,
2951 1847 3011 1904 in
3043 1849 3284 1905 calicem
3314 1856 3530 1920 versat,

1880 1935 1981 1990 sed
2012 1935 2211 1990 vinum
2245 1934 2327 1990 ita
2357 1935 2727 2008 congelatum
2757 1942 2901 2005 erat,
2935 1944 2999 1994 ut
3030 1956 3136 1996 nec
3186 1944 3354 2013 gutta
3398 1958 3533 2014 pro-

1880 2024 2103 2079 ﬁucret.
2130 2024 2236 2078 Dat
2284 2024 2594 2080 vasculum
2626 2024 2836 2081 clerico
2880 2028 3262 2097 ministranti,
3296 2034 3362 2084 ut
3409 2029 3535 2101 gla-

1880 2113 2026 2168 ciem
2062 2112 2182 2184 igni
2219 2112 2497 2169 resolvat!
2549 2114 2673 2185 ipse
2715 2115 2950 2170 interim
2982 2117 3241 2171 ofﬁcium
3291 2117 3537 2190 percele-

1881 2201 2038 2269 brat;
2077 2202 2218 2255 dum
2264 2203 2552 2268 tardatur,
2579 2202 2673 2258 ille
2714 2205 2965 2275 respexit
3012 2205 3085 2260 ad
3136 2205 3399 2275 calicem,
3434 2207 3536 2279 qui

1882 2289 2092 2361 plenus
2143 2291 2277 2345 vino
2339 2291 2610 2346 inventus
2660 2297 2767 2357 est,
2819 2294 2961 2348 adeo
3012 2298 3077 2349 ut
3123 2311 3270 2366 pene
3312 2310 3537 2351 excres-

1881 2383 2057 2433 ceret.

1464 2503 1708 2560 VARl/E
1751 2503 2172 2560 LECTIONES.

172 2633 234 2669 ⁵³⁷
261 2633 379 2691 ἢεί·
405 2636 591 2705 capita
640 2630 789 2705 apud

833 2630 998 2686 Dach.
1050 2646 1220 2701 supra
1249 2630 1320 2684 35
1351 2638 1402 2685 ct
1430 2630 1518 2695 36,
1551 2637 1852 2701 ponuntur,
1887 2630 1945 2683 in
1974 2630 2029 2696 3,
2060 2645 2185 2685 vero
2234 2638 2361 2685 ante
2404 2647 2464 2685 ca

2510 2672 2521 2683 .
2555 2631 2645 2697 24,
2685 2631 2957 2701 leguntur.
3035 2631 3101 2665 ⁵³⁸
3134 2649 3192 2685 n.
3224 2632 3327 2687 sed
3359 2637 3417 2687 et
3441 2632 3535 2688 hic

114 2705 287 2761 adhuc
337 2700 622 2777 superest
784 2703 851 2777 ⁸³))
892 2700 1155 2777 resileret
1187 2703 1235 2756 1.
1314 2702 1385 2777 Ψ
1410 2700 1623 2777 vi_cin_ia
1656 2700 1728 2777 l?
1800 2701 1874 2777 ‘_‘_‘_
1901 2718 1948 2777 s_.
1985 2701 2276 2777 u_._dgsu_nt
2308 2703 2356 2777 1.
2437 2700 2833 2777 5f?_cccles_itila
2879 2703 2914 2777 3
2960 2702 3126 2777 Ducit.
3202 2704 3270 2777 5f“
3299 2703 3535 2777 revivis-

114 2777 367 2832 centibus
414 2772 712 2831 membris
761 2773 976 2829 mirum
1028 2774 1188 2827 dictu
1236 2772 1417 2828 erexit
1450 2774 1502 2826 3.
1538 2772 1703 2827 Durh.

113 2848 170 2883 υτ
198 2848 234 2903 i.
268 2848 327 2904 d.
358 2848 419 2904 d.
455 2847 659 2904 desunt
688 2846 740 2901 1.
817 2847 882 2879 ⁶⁴⁸
913 2845 1059 2900 deest
1086 2845 1138 2899 3.

1812 2773 1882 2805 5“
1911 2772 2071 2825 fruiti
2105 2773 2157 2826 3.
2189 2772 2355 2827 Dach.

2459 2773 2524 2806 5‘5
2554 2773 2853 2829 reselierat
2885 2776 2934 2828 1.
3039 2775 3105 2808 ⁵⁴⁶
3136 2774 3274 2846 quia
3305 2775 3446 2830 dum
3476 2775 3531 2828 3.

1708 2966 1941 3024 ΝΟΤᾸΞ.

176 3073 319 3141 (132)
350 3072 437 3129 St.
474 3069 758 3138 Quentin.

120 3272 3536 3335 υ

1440 3481 1604 3529 ANNO
1649 3480 1863 3529 DOIIINI
1907 3481 2199 3527 DCCCCXCI

1069 3670 2551 3802 EBREMBALDUS

1311 3950 1892 4009 ARGENTINENSIS
1932 3950 2317 4008 EPISCOPUS

1613 4139 2009 4151 π

938 4293 1291 4367 ΝΟΤΙΤΙΑ
1362 4295 1808 4368 HISTORICA
1877 4295 1962 4366 ΙΝ
2031 4295 2694 4367 ERKEMBALDUM

1598 4526 1772 4597 (Call.
1807 4525 2030 4597 Christ.)

167 4758 601 4838 Erkembaldus
633 4773 885 4838 a__puero
929 4756 1141 4813 litteris
1181 4758 1758 4838 humanioribusap-
1792 4771 1835 4838 (ι
1873 4762 2148 4838 ria-torem,
2181 4773 2361 4838 aquo
2389 4756 2493 4838 sui
2518 4755 2819 4838 regiminis
2857 4754 3368 4838 anno-{Zinsigne
3398 4754 3525 4838 pri-

144 4830 279 4887 rime
308 4830 608 4912 excultus
656 4828 942 4912 librorum
989 4846 1224 4912 semper
1271 4830 1579 4912 studiosus
1624 4828 1752 4912 fuit.

207 4909 402 4960 motus
428 4918 576 4975 ergo
607 4898 976 4975 eaigentibus
999 4898 1226 4975 meritis
1258 4919 1352 4958 an.
1374 4903 1482 4956 965
1500 4902 1594 4975 ad~
1616 4902 1764 4973 epis-

109 4979 363 5046 copatum
407 4971 933 5046 Argentinensem,
983 4988 1120 5046 cum
1162 4974 1312 5044 jam,
1366 4978 1432 5027 ut
1468 4971 1758 5046 digging—us,

109 5040 419 5116 decessoris
442 5040 954 5116 es'setcoadjutor,
976 5040 1368 5116 inauguratur
1388 5061 1422 5099 a
1451 5043 1762 5099 Guillelmo

109 5114 540 5188 archiepiscopo
572 5114 938 5188 Moguntina,
971 5114 1109 5188 inde
1128 5114 1470 5188 'prasulum
1523 5116 1588 5169 17
1635 5116 1762 5188 ipse

109 5185 655 5265 consedatorfinter
678 5185 825 5265 quos
864 5186 979 5265 duo
1023 5185 1503 5265 Mog'untinenses
1532 5185 1761 5265 archje:

110 5257 312 5328 piscopi
372 5259 557 5315 Hatto
605 5257 1009 5328 etARupertus
1058 5257 1467 5313 numerantur.
1514 5259 1622 5311 An.
1653 5257 1762 5312 966

110 5275 251 5324 plSCO
292 5276 312 5314 1
372 5275 557 5315 natm
605 5275 666 5312 et.
712 5275 1009 5328 nupertus
1058 5275 1467 5313 numerantur.
1514 5275 1622 5311 an.
1653 5275 1762 5312 sou

108 5275 313 5401 Etet-gi
356 5326 749 5401 consecravit
764 5327 1091 5401 ecclesiam.
1110 5330 1272 5401 Eum
1293 5399 1301 5401 Α
1320 5328 1579 5401 Joannes
1611 5345 1762 5401 papa

110 5393 220 5472 Xlll
253 5393 522 5472 summis
566 5398 849 5461 laudibus
876 5400 1055 5472 effert
1101 5400 1164 5472 in
1212 5399 1483 5472 epistola,
1513 5393 1632 5471 qua
1657 5393 1759 5472 illi

111 5470 249 5553 sedis
268 5471 613 5553 apostolica}
639 5470 1066 5553 protectionem
1094 5471 1159 5553 in_
1185 5470 1463 5553 omnibus
1486 5470 1758 5553 spondet.

110 5536 288 5617 Neque
304 5536 538 5602 minori
570 5536 684 5598 fuit
707 5540 769 5597 in
800 5542 985 5615 pretio
1008 5543 1163 5619 apud
1195 5542 1467 5602 Ottonem
1500 5536 1548 5602 ll
1583 5542 1762 5617 impe-

1872 4830 2147 4901 vilegium
2177 4827 2432 4901 obtinuit
2461 4827 2664 4901 datum
2688 4845 2841 4901 anno
2861 4828 2986 4901 982,
3016 4827 3218 4901 indict.
3243 4827 3298 4894 κ,
3323 4827 3526 4901 octavo

1874 4898 2014 4957 Idus
2039 4900 2327 4969 Januarii,
2360 4916 2513 4955 anno
2562 4899 2805 4971 imperii,
2843 4900 2971 4971 ejus
3019 4898 3526 4971 decimoiquinto,

1872 4973 2100 5044 quinto,
2126 4972 2288 5044 regni
2320 4975 2514 5044 autem
2538 4973 2631 5027 25.
2650 4968 2824 5044 flllud
2847 4968 3051 5044 recitat
3084 4968 3527 5044 R.‘P._Li1_g_uille

1872 5040 1931 5098 in
1965 5040 2417 5099 Probatibuibus
2455 5042 2713 5098 historia:
2742 5040 2997 5113 rAlsatiaa
3040 5057 3155 5113 pag
3178 5040 3524 5113 723.7Vitam

1872 5114 2087 5171 clausit
2122 5113 2551 5170 Erkembaldus
2599 5131 2695 5169 an.
2726 5112 2855 5179 991,
2886 5130 2943 5168 v1
2976 5112 3143 5167 ldus”
3162 5112 3428 5171 Octobris
3458 5128 3529 5168 ex

1871 5186 2587 5259 chronograpboﬁaxona:
2615 5185 2774 5259 apud
2806 5184 3158 5250 Ekcardum,
3183 5199 3315 5257 pag.
3335 5184 3443 5259 363
3470 5186 3530 5238 et

1871 5274 1941 5313 ex
1980 5253 2221 5313 Necrolf
2243 5256 2540 5325 Fuldensi,
2574 5253 2673 5311 ait'
2696 5256 2966 5328 Nuperus
3015 5253 3241 5328 auctor,
3263 5253 3528 5328 proxime

1871 5328 2568 5387 laudatus.Plurimorum
2591 5344 2660 5383 ex
2692 5325 3162 5385 antecessoribus
3190 5325 3370 5382 vitam
3401 5326 3528 5380 des-

1872 5400 2079 5480 cripsit
2109 5399 2350 5456 metrico
2366 5399 2840 5480 sermone,_quo_d
2863 5414 3015 5480 opus
3043 5413 3163 5454 una
3190 5413 3326 5480 cum
3356 5394 3525 5450 libris

1872 5467 2266 5545 undequaque
2296 5471 2554 5528 collectis
2582 5470 2641 5526 in
2674 5467 3087 5527 bibliotliecam
3117 5467 3375 5525 ecclesia
3405 5481 3523 5522 suae

1874 5542 2188 5618 congessit:
