  <div class='ocr_page' id='page_1' title='image "/cluster/home/n/w/nwhite01/storage/ocr_20150623/136-137/uc1.31175019686917/973.png"; bbox 0 0 3912 6384; ppageno 0'>
   <div class='ocr_carea' id='block_1_1' title="bbox 1238 352 2862 423">
    <p class='ocr_par' dir='ltr' id='par_1_1' title="bbox 1238 352 2862 423">
     <span class='ocr_line' id='line_1_1' title="bbox 1238 352 2862 423; baseline -0.001 -2"><span class='ocrx_word' id='word_1_1' title='bbox 1238 355 1753 423; x_wconf 77' lang='lat' dir='ltr'><strong>ERKEMBALDI</strong></span> <span class='ocrx_word' id='word_1_2' title='bbox 1798 355 2155 419; x_wconf 70' lang='lat' dir='ltr'><strong>EPISCOPI</strong></span> <span class='ocrx_word' id='word_1_3' title='bbox 2199 352 2862 420; x_wconf 81' lang='lat' dir='ltr'><strong>ARGENTINENSIS.</strong></span> 
     </span>
    </p>
   </div>
   <div class='ocr_carea' id='block_1_2' title="bbox 1357 633 2750 724">
    <p class='ocr_par' dir='ltr' id='par_1_2' title="bbox 1357 633 2750 724">
     <span class='ocr_line' id='line_1_2' title="bbox 1357 633 2750 724; baseline -0.002 0"><span class='ocrx_word' id='word_1_4' title='bbox 1357 633 1978 724; x_wconf 82' lang='lat' dir='ltr'><strong>SUSPIRIUM</strong></span> <span class='ocrx_word' id='word_1_5' title='bbox 2033 634 2750 723; x_wconf 79' lang='lat' dir='ltr'><strong>ERKEMBALDI</strong></span> 
     </span>
    </p>
   </div>
   <div class='ocr_carea' id='block_1_3' title="bbox 621 734 3483 846">
    <p class='ocr_par' dir='ltr' id='par_1_3' title="bbox 621 734 3483 846">
     <span class='ocr_line' id='line_1_3' title="bbox 621 734 3483 846; baseline -0.001 -17"><span class='ocrx_word' id='word_1_6' title='bbox 621 766 746 829; x_wconf 90' lang='lat' dir='ltr'><strong>Seu</strong></span> <span class='ocrx_word' id='word_1_7' title='bbox 771 734 1151 846; x_wconf 83' lang='lat' dir='ltr'><strong>soliloquium</strong></span> <span class='ocrx_word' id='word_1_8' title='bbox 1178 771 1234 823; x_wconf 89' lang='lat' dir='ltr'><strong>et</strong></span> <span class='ocrx_word' id='word_1_9' title='bbox 1262 762 1453 823; x_wconf 88' lang='lat' dir='ltr'><strong>oratio</strong></span> <span class='ocrx_word' id='word_1_10' title='bbox 1482 759 1567 822; x_wconf 84' lang='lat' dir='ltr'><strong>ad</strong></span> <span class='ocrx_word' id='word_1_11' title='bbox 1593 759 1781 822; x_wconf 83' lang='lat' dir='ltr'><strong>Deum</strong></span> <span class='ocrx_word' id='word_1_12' title='bbox 1812 777 1934 841; x_wconf 86' lang='lat' dir='ltr'><strong>qua</strong></span> <span class='ocrx_word' id='word_1_13' title='bbox 1963 757 2238 820; x_wconf 76' lang='lat' dir='ltr'><strong>utebatur</strong></span> <span class='ocrx_word' id='word_1_14' title='bbox 2268 760 2493 841; x_wconf 80' lang='lat' dir='ltr'><strong>quoties</strong></span> <span class='ocrx_word' id='word_1_15' title='bbox 2520 758 2825 822; x_wconf 81' lang='lat' dir='ltr'><strong>eanta&#39;ntes</strong></span> <span class='ocrx_word' id='word_1_16' title='bbox 2853 760 2918 821; x_wconf 81' lang='lat' dir='ltr'><strong>in</strong></span> <span class='ocrx_word' id='word_1_17' title='bbox 2945 758 3202 822; x_wconf 83' lang='lat' dir='ltr'><strong>ecclesiis</strong></span> <span class='ocrx_word' id='word_1_18' title='bbox 3227 760 3483 826; x_wconf 79' lang='lat' dir='ltr'><strong>audivit.</strong></span> 
     </span>
    </p>
   </div>
   <div class='ocr_carea' id='block_1_4' title="bbox 410 955 3768 1035">
    <p class='ocr_par' dir='ltr' id='par_1_4' title="bbox 410 955 3768 1035">
     <span class='ocr_line' id='line_1_4' title="bbox 410 955 3768 1035; baseline -0.002 -12"><span class='ocrx_word' id='word_1_19' title='bbox 410 964 677 1031; x_wconf 84' lang='lat' dir='ltr'><strong>Domine,</strong></span> <span class='ocrx_word' id='word_1_20' title='bbox 702 961 802 1035; x_wconf 85' lang='lat' dir='ltr'><strong>qui</strong></span> <span class='ocrx_word' id='word_1_21' title='bbox 836 978 898 1017; x_wconf 91' lang='lat' dir='ltr'><strong>es</strong></span> <span class='ocrx_word' id='word_1_22' title='bbox 929 960 1195 1017; x_wconf 93' lang='lat' dir='ltr'><strong>omnium</strong></span> <span class='ocrx_word' id='word_1_23' title='bbox 1218 958 1318 1032; x_wconf 88' lang='lat' dir='ltr'><strong>qui</strong></span> <span class='ocrx_word' id='word_1_24' title='bbox 1347 958 1432 1013; x_wconf 89' lang='lat' dir='ltr'><strong>tui</strong></span> <span class='ocrx_word' id='word_1_25' title='bbox 1455 973 1583 1014; x_wconf 86' lang='lat' dir='ltr'><strong>esse</strong></span> <span class='ocrx_word' id='word_1_26' title='bbox 1604 957 1990 1023; x_wconf 88' lang='lat' dir='ltr'><strong>contendunt,</strong></span> <span class='ocrx_word' id='word_1_27' title='bbox 2021 958 2076 1025; x_wconf 79' lang='grc' dir='ltr'><strong>Α</strong></span> <span class='ocrx_word' id='word_1_28' title='bbox 2105 956 2253 1023; x_wconf 92' lang='lat' dir='ltr'><strong>Quid</strong></span> <span class='ocrx_word' id='word_1_29' title='bbox 2277 955 2432 1013; x_wconf 87' lang='lat' dir='ltr'><strong>scis?</strong></span> <span class='ocrx_word' id='word_1_30' title='bbox 2452 957 2695 1024; x_wconf 83' lang='lat' dir='ltr'><strong>Quando</strong></span> <span class='ocrx_word' id='word_1_31' title='bbox 2713 972 2802 1013; x_wconf 87' lang='lat' dir='ltr'><strong>me</strong></span> <span class='ocrx_word' id='word_1_32' title='bbox 2819 972 3097 1031; x_wconf 80' lang='lat' dir='ltr'><strong>agnosco,</strong></span> <span class='ocrx_word' id='word_1_33' title='bbox 3120 956 3464 1032; x_wconf 71' lang='lat' dir='ltr'><strong>ingemisCo,</strong></span> <span class='ocrx_word' id='word_1_34' title='bbox 3490 962 3595 1014; x_wconf 88' lang='lat' dir='ltr'><strong>aut</strong></span> <span class='ocrx_word' id='word_1_35' title='bbox 3613 956 3730 1016; x_wconf 82' lang='lat' dir='ltr'><strong>fleo</strong></span> <span class='ocrx_word' id='word_1_36' title='bbox 3754 976 3768 1015; x_wconf 91' lang='lat'><strong>:</strong></span> 
     </span>
    </p>
   </div>
   <div class='ocr_carea' id='block_1_5' title="bbox 341 1047 1997 1131">
    <p class='ocr_par' dir='ltr' id='par_1_5' title="bbox 341 1047 1997 1131">
     <span class='ocr_line' id='line_1_5' title="bbox 341 1047 1997 1131; baseline -0.006 -19"><span class='ocrx_word' id='word_1_37' title='bbox 341 1071 517 1131; x_wconf 85' lang='lat' dir='ltr'><strong>quem</strong></span> <span class='ocrx_word' id='word_1_38' title='bbox 540 1052 735 1110; x_wconf 91' lang='lat' dir='ltr'><strong>omnis</strong></span> <span class='ocrx_word' id='word_1_39' title='bbox 762 1054 940 1118; x_wconf 87' lang='lat' dir='ltr'><strong>amat,</strong></span> <span class='ocrx_word' id='word_1_40' title='bbox 965 1051 1065 1123; x_wconf 86' lang='lat' dir='ltr'>qui</span> <span class='ocrx_word' id='word_1_41' title='bbox 1090 1049 1229 1117; x_wconf 85' lang='lat' dir='ltr'><strong>scit;</strong></span> <span class='ocrx_word' id='word_1_42' title='bbox 1258 1052 1315 1104; x_wconf 89' lang='lat' dir='ltr'><strong>et</strong></span> <span class='ocrx_word' id='word_1_43' title='bbox 1335 1064 1451 1104; x_wconf 91' lang='lat' dir='ltr'><strong>non</strong></span> <span class='ocrx_word' id='word_1_44' title='bbox 1472 1051 1635 1104; x_wconf 90' lang='lat' dir='ltr'><strong>amat</strong></span> <span class='ocrx_word' id='word_1_45' title='bbox 1656 1048 1757 1120; x_wconf 89' lang='lat' dir='ltr'><strong>qui</strong></span> <span class='ocrx_word' id='word_1_46' title='bbox 1783 1047 1997 1115; x_wconf 83' lang='lat' dir='ltr'><strong>nescit;</strong></span> 
     </span>
    </p>
   </div>
   <div class='ocr_carea' id='block_1_6' title="bbox 340 1136 1995 1216">
    <p class='ocr_par' dir='ltr' id='par_1_6' title="bbox 340 1136 1995 1216">
     <span class='ocr_line' id='line_1_6' title="bbox 340 1136 1995 1216; baseline -0.007 -13"><span class='ocrx_word' id='word_1_47' title='bbox 340 1151 399 1202; x_wconf 87' lang='lat' dir='ltr'><strong>et</strong></span> <span class='ocrx_word' id='word_1_48' title='bbox 425 1143 631 1212; x_wconf 78' lang='lat' dir='ltr'><strong>nescit,</strong></span> <span class='ocrx_word' id='word_1_49' title='bbox 656 1141 756 1216; x_wconf 90' lang='lat' dir='ltr'><strong>qui</strong></span> <span class='ocrx_word' id='word_1_50' title='bbox 787 1157 903 1196; x_wconf 89' lang='lat' dir='ltr'><strong>non</strong></span> <span class='ocrx_word' id='word_1_51' title='bbox 943 1144 1123 1196; x_wconf 87' lang='lat' dir='ltr'><strong>amat.</strong></span> <span class='ocrx_word' id='word_1_52' title='bbox 1157 1138 1241 1195; x_wconf 91' lang='lat' dir='ltr'><strong>Da</strong></span> <span class='ocrx_word' id='word_1_53' title='bbox 1272 1137 1439 1204; x_wconf 89' lang='lat' dir='ltr'><strong>mihi,</strong></span> <span class='ocrx_word' id='word_1_54' title='bbox 1471 1140 1539 1192; x_wconf 91' lang='lat' dir='ltr'><strong>ut</strong></span> <span class='ocrx_word' id='word_1_55' title='bbox 1576 1136 1835 1193; x_wconf 87' lang='lat' dir='ltr'><strong>nesciam</strong></span> <span class='ocrx_word' id='word_1_56' title='bbox 1867 1152 1995 1205; x_wconf 88' lang='lat' dir='ltr'><strong>me;</strong></span> 
     </span>
    </p>
   </div>
   <div class='ocr_carea' id='block_1_7' title="bbox 340 1225 1999 1294">
    <p class='ocr_par' dir='ltr' id='par_1_7' title="bbox 340 1225 1999 1294">
     <span class='ocr_line' id='line_1_7' title="bbox 340 1225 1999 1294; baseline -0.007 -3"><span class='ocrx_word' id='word_1_57' title='bbox 340 1240 400 1291; x_wconf 89' lang='lat' dir='ltr'><strong>te</strong></span> <span class='ocrx_word' id='word_1_58' title='bbox 436 1236 634 1289; x_wconf 86' lang='lat' dir='ltr'><strong>autem</strong></span> <span class='ocrx_word' id='word_1_59' title='bbox 684 1230 868 1287; x_wconf 84' lang='lat' dir='ltr'><strong>sciam</strong></span> <span class='ocrx_word' id='word_1_60' title='bbox 913 1234 971 1285; x_wconf 92' lang='lat' dir='ltr'><strong>et</strong></span> <span class='ocrx_word' id='word_1_61' title='bbox 1018 1244 1211 1284; x_wconf 89' lang='lat' dir='ltr'><strong>amen.</strong></span> <span class='ocrx_word' id='word_1_62' title='bbox 1243 1225 1452 1293; x_wconf 86' lang='lat' dir='ltr'><strong>Velim,</strong></span> <span class='ocrx_word' id='word_1_63' title='bbox 1505 1225 1770 1293; x_wconf 88' lang='lat' dir='ltr'><strong>Domine,</strong></span> <span class='ocrx_word' id='word_1_64' title='bbox 1827 1225 1999 1294; x_wconf 91' lang='lat' dir='ltr'><strong>seire,</strong></span> 
     </span>
    </p>
   </div>
   <div class='ocr_carea' id='block_1_8' title="bbox 341 1316 1999 1396">
    <p class='ocr_par' dir='ltr' id='par_1_8' title="bbox 341 1316 1999 1396">
     <span class='ocr_line' id='line_1_8' title="bbox 341 1316 1999 1396; baseline -0.005 -17"><span class='ocrx_word' id='word_1_65' title='bbox 341 1322 481 1396; x_wconf 87' lang='lat' dir='ltr'><strong>quid</strong></span> <span class='ocrx_word' id='word_1_66' title='bbox 513 1322 612 1389; x_wconf 89' lang='lat' dir='ltr'><strong>sit,</strong></span> <span class='ocrx_word' id='word_1_67' title='bbox 644 1321 919 1376; x_wconf 68' lang='lat' dir='ltr'><strong>thentur</strong></span> <span class='ocrx_word' id='word_1_68' title='bbox 945 1317 1085 1384; x_wconf 77' lang='lat' dir='ltr'><strong>caeli,</strong></span> <span class='ocrx_word' id='word_1_69' title='bbox 1119 1323 1171 1373; x_wconf 88' lang='lat' dir='ltr'><strong>et</strong></span> <span class='ocrx_word' id='word_1_70' title='bbox 1197 1316 1429 1372; x_wconf 77' lang='lat' dir='ltr'><strong>exsultet</strong></span> <span class='ocrx_word' id='word_1_71' title='bbox 1456 1320 1622 1383; x_wconf 85' lang='lat' dir='ltr'><strong>terra,</strong></span> <span class='ocrx_word' id='word_1_72' title='bbox 1653 1330 1719 1369; x_wconf 92' lang='lat' dir='ltr'><strong>ac</strong></span> <span class='ocrx_word' id='word_1_73' title='bbox 1751 1330 1999 1385; x_wconf 84' lang='lat' dir='ltr'><strong>sequen-</strong></span> 
     </span>
    </p>
   </div>
   <div class='ocr_carea' id='block_1_9' title="bbox 340 1402 1999 1478">
    <p class='ocr_par' dir='ltr' id='par_1_9' title="bbox 340 1402 1999 1478">
     <span class='ocr_line' id='line_1_9' title="bbox 340 1402 1999 1478; baseline -0.006 -9"><span class='ocrx_word' id='word_1_74' title='bbox 340 1413 442 1469; x_wconf 89' lang='lat' dir='ltr'><strong>tia.</strong></span> <span class='ocrx_word' id='word_1_75' title='bbox 467 1410 617 1478; x_wconf 89' lang='lat' dir='ltr'><strong>Quid</strong></span> <span class='ocrx_word' id='word_1_76' title='bbox 670 1408 852 1475; x_wconf 85' lang='lat' dir='ltr'><strong>aliud,</strong></span> <span class='ocrx_word' id='word_1_77' title='bbox 878 1406 1151 1462; x_wconf 68' lang='lat' dir='ltr'><strong>laetentur</strong></span> <span class='ocrx_word' id='word_1_78' title='bbox 1178 1403 1325 1472; x_wconf 79' lang='lat' dir='ltr'><strong>cmli,</strong></span> <span class='ocrx_word' id='word_1_79' title='bbox 1351 1404 1462 1459; x_wconf 86' lang='lat' dir='ltr'><strong>nisi</strong></span> <span class='ocrx_word' id='word_1_80' title='bbox 1496 1402 1788 1459; x_wconf 80' lang='lat' dir='ltr'><strong>exsultent</strong></span> <span class='ocrx_word' id='word_1_81' title='bbox 1809 1402 1999 1475; x_wconf 90' lang='lat' dir='ltr'><strong>justi?</strong></span> 
     </span>
    </p>
   </div>
   <div class='ocr_carea' id='block_1_10' title="bbox 340 1488 1996 1573">
    <p class='ocr_par' dir='ltr' id='par_1_10' title="bbox 340 1488 1996 1573">
     <span class='ocr_line' id='line_1_10' title="bbox 340 1488 1996 1573; baseline -0.006 -16"><span class='ocrx_word' id='word_1_82' title='bbox 340 1500 638 1573; x_wconf 81' lang='lat' dir='ltr'><strong>Scriptum</strong></span> <span class='ocrx_word' id='word_1_83' title='bbox 689 1502 829 1553; x_wconf 86' lang='lat' dir='ltr'><strong>est:</strong></span> <span class='ocrx_word' id='word_1_84' title='bbox 879 1496 1165 1551; x_wconf 75' lang='lat' dir='ltr'><strong>Ltvtamini</strong></span> <span class='ocrx_word' id='word_1_85' title='bbox 1212 1496 1271 1549; x_wconf 82' lang='lat' dir='ltr'><strong>in</strong></span> <span class='ocrx_word' id='word_1_86' title='bbox 1316 1488 1566 1557; x_wconf 80' lang='lat' dir='ltr'><strong>Domino,</strong></span> <span class='ocrx_word' id='word_1_87' title='bbox 1616 1500 1669 1548; x_wconf 91' lang='lat' dir='ltr'><strong>et</strong></span> <span class='ocrx_word' id='word_1_88' title='bbox 1709 1492 1996 1557; x_wconf 76' lang='lat' dir='ltr'><strong>exsultate,</strong></span> 
     </span>
    </p>
   </div>
   <div class='ocr_carea' id='block_1_11' title="bbox 328 1580 2000 1663">
    <p class='ocr_par' dir='ltr' id='par_1_11' title="bbox 328 1580 2000 1663">
     <span class='ocr_line' id='line_1_11' title="bbox 328 1580 2000 1663; baseline -0.006 -18"><span class='ocrx_word' id='word_1_89' title='bbox 328 1591 491 1663; x_wconf 83' lang='lat' dir='ltr'><strong>justi.</strong></span> <span class='ocrx_word' id='word_1_90' title='bbox 542 1587 849 1644; x_wconf 86' lang='lat' dir='ltr'><strong>Gaudeant</strong></span> <span class='ocrx_word' id='word_1_91' title='bbox 902 1584 1072 1657; x_wconf 83' lang='lat' dir='ltr'><strong>justi,</strong></span> <span class='ocrx_word' id='word_1_92' title='bbox 1134 1583 1313 1638; x_wconf 87' lang='lat' dir='ltr'><strong>ﬂeant</strong></span> <span class='ocrx_word' id='word_1_93' title='bbox 1369 1580 1597 1651; x_wconf 85' lang='lat' dir='ltr'><strong>injusti.</strong></span> <span class='ocrx_word' id='word_1_94' title='bbox 1651 1580 1799 1646; x_wconf 83' lang='lat' dir='ltr'><strong>Quid</strong></span> <span class='ocrx_word' id='word_1_95' title='bbox 1848 1581 2000 1652; x_wconf 89' lang='lat' dir='ltr'><strong>ego?</strong></span> 
     </span>
    </p>
   </div>
   <div class='ocr_carea' id='block_1_12' title="bbox 340 1666 1998 1747">
    <p class='ocr_par' dir='ltr' id='par_1_12' title="bbox 340 1666 1998 1747">
     <span class='ocr_line' id='line_1_12' title="bbox 340 1666 1998 1747; baseline -0.006 -13"><span class='ocrx_word' id='word_1_96' title='bbox 340 1672 546 1747; x_wconf 69' lang='lat' dir='ltr'><strong>Laetor,</strong></span> <span class='ocrx_word' id='word_1_97' title='bbox 581 1691 655 1731; x_wconf 88' lang='lat' dir='ltr'><strong>an</strong></span> <span class='ocrx_word' id='word_1_98' title='bbox 704 1672 855 1731; x_wconf 83' lang='lat' dir='ltr'><strong>ﬂeo?</strong></span> <span class='ocrx_word' id='word_1_99' title='bbox 898 1671 1024 1728; x_wconf 88' lang='lat' dir='ltr'><strong>Non</strong></span> <span class='ocrx_word' id='word_1_100' title='bbox 1073 1667 1257 1739; x_wconf 51' lang='lat' dir='ltr'><strong>laetor,</strong></span> <span class='ocrx_word' id='word_1_101' title='bbox 1309 1668 1451 1742; x_wconf 85' lang='lat' dir='ltr'><strong>quia</strong></span> <span class='ocrx_word' id='word_1_102' title='bbox 1500 1666 1617 1725; x_wconf 89' lang='lat' dir='ltr'><strong>non</strong></span> <span class='ocrx_word' id='word_1_103' title='bbox 1667 1666 1902 1724; x_wconf 81' lang='lat' dir='ltr'><strong>ccnlum.</strong></span> <span class='ocrx_word' id='word_1_104' title='bbox 1936 1668 1998 1726; x_wconf 88' lang='lat' dir='ltr'><strong>Si</strong></span> 
     </span>
    </p>
   </div>
   <div class='ocr_carea' id='block_1_13' title="bbox 338 1754 1994 1835">
    <p class='ocr_par' dir='ltr' id='par_1_13' title="bbox 338 1754 1994 1835">
     <span class='ocr_line' id='line_1_13' title="bbox 338 1754 1994 1835; baseline -0.005 -14"><span class='ocrx_word' id='word_1_105' title='bbox 338 1764 552 1822; x_wconf 76' lang='lat' dir='ltr'><strong>ccelum</strong></span> <span class='ocrx_word' id='word_1_106' title='bbox 582 1760 796 1830; x_wconf 88' lang='lat' dir='ltr'><strong>essem,</strong></span> <span class='ocrx_word' id='word_1_107' title='bbox 819 1760 1156 1835; x_wconf 82' lang='lat' dir='ltr'><strong>gauderem.</strong></span> <span class='ocrx_word' id='word_1_108' title='bbox 1176 1758 1324 1815; x_wconf 89' lang='lat' dir='ltr'><strong>Cum</strong></span> <span class='ocrx_word' id='word_1_109' title='bbox 1346 1760 1543 1813; x_wconf 89' lang='lat' dir='ltr'><strong>autem</strong></span> <span class='ocrx_word' id='word_1_110' title='bbox 1574 1770 1669 1812; x_wconf 88' lang='lat' dir='ltr'><strong>me</strong></span> <span class='ocrx_word' id='word_1_111' title='bbox 1698 1754 1994 1828; x_wconf 89' lang='lat' dir='ltr'><strong>dejiciam,</strong></span> 
     </span>
    </p>
   </div>
   <div class='ocr_carea' id='block_1_14' title="bbox 337 1846 1999 1920">
    <p class='ocr_par' dir='ltr' id='par_1_14' title="bbox 337 1846 1999 1920">
     <span class='ocr_line' id='line_1_14' title="bbox 337 1846 1999 1920; baseline -0.004 -10"><span class='ocrx_word' id='word_1_112' title='bbox 337 1852 673 1919; x_wconf 89' lang='lat' dir='ltr'><strong>dilacerem,</strong></span> <span class='ocrx_word' id='word_1_113' title='bbox 700 1853 759 1906; x_wconf 83' lang='lat' dir='ltr'><strong>et</strong></span> <span class='ocrx_word' id='word_1_114' title='bbox 788 1849 848 1905; x_wconf 91' lang='lat' dir='ltr'><strong>in</strong></span> <span class='ocrx_word' id='word_1_115' title='bbox 880 1848 1133 1904; x_wconf 91' lang='lat' dir='ltr'><strong>nihilum</strong></span> <span class='ocrx_word' id='word_1_116' title='bbox 1163 1846 1447 1920; x_wconf 85' lang='lat' dir='ltr'><strong>redigam,</strong></span> <span class='ocrx_word' id='word_1_117' title='bbox 1475 1847 1756 1918; x_wconf 80' lang='lat' dir='ltr'><strong>Quoniam</strong></span> <span class='ocrx_word' id='word_1_118' title='bbox 1780 1848 1999 1917; x_wconf 50' lang='lat' dir='ltr'><strong>sagitta</strong></span> 
     </span>
    </p>
   </div>
   <div class='ocr_carea' id='block_1_15' title="bbox 337 1932 1999 2013">
    <p class='ocr_par' dir='ltr' id='par_1_15' title="bbox 337 1932 1999 2013">
     <span class='ocr_line' id='line_1_15' title="bbox 337 1932 1999 2013; baseline -0.006 -13"><span class='ocrx_word' id='word_1_119' title='bbox 337 1951 444 2000; x_wconf 67' lang='lat' dir='ltr'><strong>tua:</strong></span> <span class='ocrx_word' id='word_1_120' title='bbox 471 1942 662 2013; x_wconf 73' lang='lat' dir='ltr'><strong>inﬁxa:</strong></span> <span class='ocrx_word' id='word_1_121' title='bbox 686 1946 820 1996; x_wconf 86' lang='lat' dir='ltr'><strong>sunt</strong></span> <span class='ocrx_word' id='word_1_122' title='bbox 844 1938 1007 2006; x_wconf 82' lang='lat' dir='ltr'><strong>mihi,</strong></span> <span class='ocrx_word' id='word_1_123' title='bbox 1039 1940 1105 1993; x_wconf 90' lang='lat' dir='ltr'><strong>tu</strong></span> <span class='ocrx_word' id='word_1_124' title='bbox 1136 1935 1349 2002; x_wconf 88' lang='lat' dir='ltr'><strong>elevas,</strong></span> <span class='ocrx_word' id='word_1_125' title='bbox 1372 1938 1430 1991; x_wconf 89' lang='lat' dir='ltr'><strong>et</strong></span> <span class='ocrx_word' id='word_1_126' title='bbox 1460 1932 1803 2003; x_wconf 87' lang='lat' dir='ltr'><strong>consolaris,</strong></span> <span class='ocrx_word' id='word_1_127' title='bbox 1827 1937 1886 1991; x_wconf 91' lang='lat' dir='ltr'><strong>et</strong></span> <span class='ocrx_word' id='word_1_128' title='bbox 1915 1934 1999 1991; x_wconf 90' lang='lat' dir='ltr'><strong>di-</strong></span> 
     </span>
    </p>
   </div>
   <div class='ocr_carea' id='block_1_16' title="bbox 338 2022 1993 2097">
    <p class='ocr_par' dir='ltr' id='par_1_16' title="bbox 338 2022 1993 2097">
     <span class='ocr_line' id='line_1_16' title="bbox 338 2022 1993 2097; baseline -0.005 -10"><span class='ocrx_word' id='word_1_129' title='bbox 338 2031 424 2088; x_wconf 84' lang='lat' dir='ltr'><strong>cis</strong></span> <span class='ocrx_word' id='word_1_130' title='bbox 455 2047 470 2087; x_wconf 92' lang='lat'>:</span> <span class='ocrx_word' id='word_1_131' title='bbox 503 2028 751 2085; x_wconf 72' lang='lat' dir='ltr'><strong>Exsultat</strong></span> <span class='ocrx_word' id='word_1_132' title='bbox 798 2035 966 2084; x_wconf 79' lang='lat' dir='ltr'><strong>terra.</strong></span> <span class='ocrx_word' id='word_1_133' title='bbox 999 2024 1231 2082; x_wconf 85' lang='lat' dir='ltr'><strong>Gratias</strong></span> <span class='ocrx_word' id='word_1_134' title='bbox 1270 2040 1400 2097; x_wconf 88' lang='lat' dir='ltr'><strong>ago.</strong></span> <span class='ocrx_word' id='word_1_135' title='bbox 1433 2022 1588 2089; x_wconf 90' lang='lat' dir='ltr'><strong>Scio,</strong></span> <span class='ocrx_word' id='word_1_136' title='bbox 1618 2027 1777 2078; x_wconf 90' lang='lat' dir='ltr'><strong>terra</strong></span> <span class='ocrx_word' id='word_1_137' title='bbox 1824 2039 1993 2093; x_wconf 91' lang='lat' dir='ltr'><strong>sum;</strong></span> 
     </span>
    </p>
   </div>
   <div class='ocr_carea' id='block_1_17' title="bbox 336 2111 1994 2190">
    <p class='ocr_par' dir='ltr' id='par_1_17' title="bbox 336 2111 1994 2190">
     <span class='ocr_line' id='line_1_17' title="bbox 336 2111 1994 2190; baseline -0.005 -13"><span class='ocrx_word' id='word_1_138' title='bbox 336 2119 440 2177; x_wconf 83' lang='lat' dir='ltr'><strong>sed</strong></span> <span class='ocrx_word' id='word_1_139' title='bbox 468 2126 535 2176; x_wconf 88' lang='lat' dir='ltr'><strong>tu</strong></span> <span class='ocrx_word' id='word_1_140' title='bbox 564 2122 730 2190; x_wconf 86' lang='lat' dir='ltr'><strong>potes</strong></span> <span class='ocrx_word' id='word_1_141' title='bbox 762 2116 949 2173; x_wconf 85' lang='lat' dir='ltr'><strong>facere</strong></span> <span class='ocrx_word' id='word_1_142' title='bbox 979 2115 1192 2171; x_wconf 69' lang='lat' dir='ltr'><strong>extum.</strong></span> <span class='ocrx_word' id='word_1_143' title='bbox 1225 2114 1328 2170; x_wconf 85' lang='lat' dir='ltr'><strong>Sat</strong></span> <span class='ocrx_word' id='word_1_144' title='bbox 1357 2111 1526 2184; x_wconf 89' lang='lat' dir='ltr'><strong>mibi,</strong></span> <span class='ocrx_word' id='word_1_145' title='bbox 1556 2111 1801 2169; x_wconf 71' lang='lat' dir='ltr'><strong>Exsultat</strong></span> <span class='ocrx_word' id='word_1_146' title='bbox 1826 2120 1994 2179; x_wconf 77' lang='lat' dir='ltr'><strong>terra,</strong></span> 
     </span>
    </p>
   </div>
   <div class='ocr_carea' id='block_1_18' title="bbox 337 2200 1992 2274">
    <p class='ocr_par' dir='ltr' id='par_1_18' title="bbox 337 2200 1992 2274">
     <span class='ocr_line' id='line_1_18' title="bbox 337 2200 1992 2274; baseline -0.005 -10"><span class='ocrx_word' id='word_1_147' title='bbox 337 2206 557 2274; x_wconf 78' lang='lat' dir='ltr'><strong>dixisti,</strong></span> <span class='ocrx_word' id='word_1_148' title='bbox 592 2208 843 2264; x_wconf 77' lang='lat' dir='ltr'><strong>la&#39;tentur</strong></span> <span class='ocrx_word' id='word_1_149' title='bbox 888 2203 1030 2260; x_wconf 66' lang='lat' dir='ltr'><strong>caeli.</strong></span> <span class='ocrx_word' id='word_1_150' title='bbox 1063 2201 1418 2274; x_wconf 82' lang='lat' dir='ltr'><strong>Adjunxisti,</strong></span> <span class='ocrx_word' id='word_1_151' title='bbox 1453 2209 1507 2259; x_wconf 90' lang='lat' dir='ltr'><strong>et</strong></span> <span class='ocrx_word' id='word_1_152' title='bbox 1548 2200 1781 2257; x_wconf 81' lang='lat' dir='ltr'><strong>exsultet</strong></span> <span class='ocrx_word' id='word_1_153' title='bbox 1825 2208 1992 2270; x_wconf 82' lang='lat' dir='ltr'><strong>terra,</strong></span> 
     </span>
    </p>
   </div>
   <div class='ocr_carea' id='block_1_19' title="bbox 337 2288 1993 2359">
    <p class='ocr_par' dir='ltr' id='par_1_19' title="bbox 337 2288 1993 2359">
     <span class='ocr_line' id='line_1_19' title="bbox 337 2288 1993 2359; baseline -0.003 -8"><span class='ocrx_word' id='word_1_154' title='bbox 337 2295 648 2353; x_wconf 64' lang='lat' dir='ltr'><strong>latiflcasti</strong></span> <span class='ocrx_word' id='word_1_155' title='bbox 689 2292 885 2359; x_wconf 86' lang='lat' dir='ltr'><strong>ccelos,</strong></span> <span class='ocrx_word' id='word_1_156' title='bbox 920 2290 1257 2348; x_wconf 83' lang='lat' dir='ltr'><strong>consolatus</strong></span> <span class='ocrx_word' id='word_1_157' title='bbox 1307 2306 1371 2345; x_wconf 90' lang='lat' dir='ltr'><strong>os</strong></span> <span class='ocrx_word' id='word_1_158' title='bbox 1418 2293 1657 2345; x_wconf 89' lang='lat' dir='ltr'><strong>terram.</strong></span> <span class='ocrx_word' id='word_1_159' title='bbox 1693 2288 1843 2358; x_wconf 87' lang='lat' dir='ltr'><strong>Dixi,</strong></span> <span class='ocrx_word' id='word_1_160' title='bbox 1875 2306 1993 2346; x_wconf 88' lang='lat' dir='ltr'><strong>non</strong></span> 
     </span>
    </p>
   </div>
   <div class='ocr_carea' id='block_1_20' title="bbox 334 2377 1996 2448">
    <p class='ocr_par' dir='ltr' id='par_1_20' title="bbox 334 2377 1996 2448">
     <span class='ocr_line' id='line_1_20' title="bbox 334 2377 1996 2448; baseline -0.003 -7"><span class='ocrx_word' id='word_1_161' title='bbox 334 2385 517 2441; x_wconf 61' lang='lat' dir='ltr'><strong>letor.</strong></span> <span class='ocrx_word' id='word_1_162' title='bbox 555 2384 827 2439; x_wconf 86' lang='lat' dir='ltr'><strong>Peccator</strong></span> <span class='ocrx_word' id='word_1_163' title='bbox 870 2381 977 2437; x_wconf 91' lang='lat' dir='ltr'><strong>hoc</strong></span> <span class='ocrx_word' id='word_1_164' title='bbox 1018 2380 1157 2448; x_wconf 87' lang='lat' dir='ltr'><strong>dixi,</strong></span> <span class='ocrx_word' id='word_1_165' title='bbox 1192 2380 1263 2434; x_wconf 90' lang='lat' dir='ltr'><strong>do</strong></span> <span class='ocrx_word' id='word_1_166' title='bbox 1303 2394 1421 2435; x_wconf 85' lang='lat' dir='ltr'><strong>meo</strong></span> <span class='ocrx_word' id='word_1_167' title='bbox 1452 2377 1601 2446; x_wconf 87' lang='lat' dir='ltr'><strong>dixi;</strong></span> <span class='ocrx_word' id='word_1_168' title='bbox 1635 2379 1734 2435; x_wconf 87' lang='lat' dir='ltr'><strong>sed</strong></span> <span class='ocrx_word' id='word_1_169' title='bbox 1787 2379 1859 2435; x_wconf 89' lang='lat' dir='ltr'><strong>de</strong></span> <span class='ocrx_word' id='word_1_170' title='bbox 1904 2388 1996 2436; x_wconf 84' lang='lat' dir='ltr'><strong>tuo</strong></span> 
     </span>
    </p>
   </div>
   <div class='ocr_carea' id='block_1_21' title="bbox 336 2465 1995 2541">
    <p class='ocr_par' dir='ltr' id='par_1_21' title="bbox 336 2465 1995 2541">
     <span class='ocr_line' id='line_1_21' title="bbox 336 2465 1995 2541; baseline -0.004 -10"><span class='ocrx_word' id='word_1_171' title='bbox 336 2472 483 2531; x_wconf 87' lang='lat' dir='ltr'><strong>dicis</strong></span> <span class='ocrx_word' id='word_1_172' title='bbox 523 2473 772 2529; x_wconf 72' lang='lat' dir='ltr'><strong>Exsultat</strong></span> <span class='ocrx_word' id='word_1_173' title='bbox 816 2476 989 2538; x_wconf 91' lang='lat' dir='ltr'><strong>terra,</strong></span> <span class='ocrx_word' id='word_1_174' title='bbox 1024 2473 1081 2526; x_wconf 90' lang='lat' dir='ltr'><strong>et</strong></span> <span class='ocrx_word' id='word_1_175' title='bbox 1129 2467 1408 2541; x_wconf 84' lang='lat' dir='ltr'><strong>quoniam</strong></span> <span class='ocrx_word' id='word_1_176' title='bbox 1457 2475 1614 2523; x_wconf 89' lang='lat' dir='ltr'><strong>tuum</strong></span> <span class='ocrx_word' id='word_1_177' title='bbox 1658 2465 1995 2537; x_wconf 64' lang='lat' dir='ltr'><strong>laatiﬁcasti,</strong></span> 
     </span>
    </p>
   </div>
   <div class='ocr_carea' id='block_1_22' title="bbox 332 2555 1997 2629">
    <p class='ocr_par' dir='ltr' id='par_1_22' title="bbox 332 2555 1997 2629">
     <span class='ocr_line' id='line_1_22' title="bbox 332 2555 1997 2629; baseline -0.004 -10"><span class='ocrx_word' id='word_1_178' title='bbox 332 2579 518 2619; x_wconf 83' lang='lat' dir='ltr'><strong>meum</strong></span> <span class='ocrx_word' id='word_1_179' title='bbox 539 2559 810 2629; x_wconf 89' lang='lat' dir='ltr'><strong>mentiar,</strong></span> <span class='ocrx_word' id='word_1_180' title='bbox 834 2564 891 2616; x_wconf 91' lang='lat' dir='ltr'><strong>et</strong></span> <span class='ocrx_word' id='word_1_181' title='bbox 910 2558 1219 2615; x_wconf 83' lang='lat' dir='ltr'><strong>exsultem.</strong></span> <span class='ocrx_word' id='word_1_182' title='bbox 1242 2555 1543 2613; x_wconf 88' lang='lat' dir='ltr'><strong>Exsultem</strong></span> <span class='ocrx_word' id='word_1_183' title='bbox 1568 2559 1765 2610; x_wconf 87' lang='lat' dir='ltr'><strong>autem</strong></span> <span class='ocrx_word' id='word_1_184' title='bbox 1788 2563 1837 2612; x_wconf 75' lang='lat' dir='ltr'><strong>te</strong></span> <span class='ocrx_word' id='word_1_185' title='bbox 1857 2555 1997 2629; x_wconf 85' lang='lat' dir='ltr'><strong>quia</strong></span> 
     </span>
    </p>
   </div>
   <div class='ocr_carea' id='block_1_23' title="bbox 336 2632 1991 2727">
    <p class='ocr_par' dir='ltr' id='par_1_23' title="bbox 336 2632 1991 2727">
     <span class='ocr_line' id='line_1_23' title="bbox 336 2632 1991 2727; baseline -0.005 -18"><span class='ocrx_word' id='word_1_186' title='bbox 336 2642 575 2727; x_wconf 80' lang='lat' dir='ltr'><strong>propter</strong></span> <span class='ocrx_word' id='word_1_187' title='bbox 603 2658 672 2716; x_wconf 83' lang='lat' dir='ltr'><strong>te,</strong></span> <span class='ocrx_word' id='word_1_188' title='bbox 696 2653 754 2706; x_wconf 88' lang='lat' dir='ltr'><strong>et</strong></span> <span class='ocrx_word' id='word_1_189' title='bbox 784 2649 843 2704; x_wconf 90' lang='lat' dir='ltr'><strong>in</strong></span> <span class='ocrx_word' id='word_1_190' title='bbox 876 2656 925 2705; x_wconf 85' lang='lat' dir='ltr'><strong>te</strong></span> <span class='ocrx_word' id='word_1_191' title='bbox 952 2632 1263 2722; x_wconf 65' lang='lat' dir='ltr'><strong>gaudeam.</strong></span> <span class='ocrx_word' id='word_1_192' title='bbox 1286 2645 1376 2701; x_wconf 91' lang='lat' dir='ltr'><strong>Tu</strong></span> <span class='ocrx_word' id='word_1_193' title='bbox 1404 2643 1529 2717; x_wconf 89' lang='lat' dir='ltr'><strong>ipse</strong></span> <span class='ocrx_word' id='word_1_194' title='bbox 1561 2644 1677 2699; x_wconf 89' lang='lat' dir='ltr'><strong>scis</strong></span> <span class='ocrx_word' id='word_1_195' title='bbox 1709 2643 1759 2700; x_wconf 88' lang='lat' dir='ltr'><strong>si</strong></span> <span class='ocrx_word' id='word_1_196' title='bbox 1787 2662 1991 2716; x_wconf 85' lang='lat' dir='ltr'><strong>meum,</strong></span> 
     </span>
    </p>
   </div>
   <div class='ocr_carea' id='block_1_24' title="bbox 2109 1045 3776 1120">
    <p class='ocr_par' dir='ltr' id='par_1_24' title="bbox 2109 1045 3776 1120">
     <span class='ocr_line' id='line_1_24' title="bbox 2109 1045 3776 1120; baseline 0.002 -20"><span class='ocrx_word' id='word_1_197' title='bbox 2109 1046 2347 1117; x_wconf 88' lang='lat' dir='ltr'><strong>quando</strong></span> <span class='ocrx_word' id='word_1_198' title='bbox 2379 1052 2429 1101; x_wconf 80' lang='lat' dir='ltr'><strong>te</strong></span> <span class='ocrx_word' id='word_1_199' title='bbox 2456 1061 2730 1119; x_wconf 87' lang='lat' dir='ltr'><strong>agnosco,</strong></span> <span class='ocrx_word' id='word_1_200' title='bbox 2765 1045 3049 1119; x_wconf 89' lang='lat' dir='ltr'><strong>resipisco</strong></span> <span class='ocrx_word' id='word_1_201' title='bbox 3089 1050 3147 1103; x_wconf 86' lang='lat' dir='ltr'><strong>et</strong></span> <span class='ocrx_word' id='word_1_202' title='bbox 3185 1047 3432 1120; x_wconf 77' lang='lat' dir='ltr'><strong>respiro.</strong></span> <span class='ocrx_word' id='word_1_203' title='bbox 3464 1047 3556 1104; x_wconf 86' lang='lat' dir='ltr'><strong>Me</strong></span> <span class='ocrx_word' id='word_1_204' title='bbox 3585 1046 3776 1104; x_wconf 74' lang='lat' dir='ltr'><strong>meum</strong></span> 
     </span>
    </p>
   </div>
   <div class='ocr_carea' id='block_1_25' title="bbox 2108 1134 3773 1207">
    <p class='ocr_par' dir='ltr' id='par_1_25' title="bbox 2108 1134 3773 1207">
     <span class='ocr_line' id='line_1_25' title="bbox 2108 1134 3773 1207; baseline 0.001 -16"><span class='ocrx_word' id='word_1_205' title='bbox 2108 1134 2439 1203; x_wconf 86' lang='lat' dir='ltr'><strong>contristat,</strong></span> <span class='ocrx_word' id='word_1_206' title='bbox 2474 1137 2667 1190; x_wconf 87' lang='lat' dir='ltr'><strong>movet</strong></span> <span class='ocrx_word' id='word_1_207' title='bbox 2704 1150 2771 1190; x_wconf 92' lang='lat' dir='ltr'><strong>ac</strong></span> <span class='ocrx_word' id='word_1_208' title='bbox 2812 1135 3122 1207; x_wconf 81' lang='lat' dir='ltr'><strong>perturbat</strong></span> <span class='ocrx_word' id='word_1_209' title='bbox 3154 1151 3167 1190; x_wconf 90' lang='lat'><strong>:</strong></span> <span class='ocrx_word' id='word_1_210' title='bbox 3201 1143 3360 1192; x_wconf 87' lang='lat' dir='ltr'><strong>tuum</strong></span> <span class='ocrx_word' id='word_1_211' title='bbox 3405 1135 3773 1204; x_wconf 82' lang='lat' dir='ltr'><strong>consolatur,</strong></span> 
     </span>
    </p>
   </div>
   <div class='ocr_carea' id='block_1_26' title="bbox 2109 1221 3773 1297">
    <p class='ocr_par' dir='ltr' id='par_1_26' title="bbox 2109 1221 3773 1297">
     <span class='ocr_line' id='line_1_26' title="bbox 2109 1221 3773 1297; baseline 0.002 -18"><span class='ocrx_word' id='word_1_212' title='bbox 2109 1221 2354 1291; x_wconf 88' lang='lat' dir='ltr'><strong>stabilit,</strong></span> <span class='ocrx_word' id='word_1_213' title='bbox 2388 1222 2665 1278; x_wconf 69' lang='lat' dir='ltr'><strong>laetiﬁcat.</strong></span> <span class='ocrx_word' id='word_1_214' title='bbox 2698 1222 2807 1279; x_wconf 89' lang='lat' dir='ltr'><strong>Per</strong></span> <span class='ocrx_word' id='word_1_215' title='bbox 2831 1239 2922 1279; x_wconf 84' lang='lat' dir='ltr'><strong>me</strong></span> <span class='ocrx_word' id='word_1_216' title='bbox 2946 1224 3121 1292; x_wconf 89' lang='lat' dir='ltr'><strong>cado;</strong></span> <span class='ocrx_word' id='word_1_217' title='bbox 3154 1240 3257 1297; x_wconf 90' lang='lat' dir='ltr'><strong>per</strong></span> <span class='ocrx_word' id='word_1_218' title='bbox 3285 1229 3342 1281; x_wconf 89' lang='lat' dir='ltr'><strong>te</strong></span> <span class='ocrx_word' id='word_1_219' title='bbox 3379 1240 3476 1281; x_wconf 85' lang='lat' dir='ltr'><strong>me</strong></span> <span class='ocrx_word' id='word_1_220' title='bbox 3504 1241 3773 1281; x_wconf 87' lang='lat' dir='ltr'><strong>resurre-</strong></span> 
     </span>
    </p>
   </div>
   <div class='ocr_carea' id='block_1_27' title="bbox 2108 1312 3777 1381">
    <p class='ocr_par' dir='ltr' id='par_1_27' title="bbox 2108 1312 3777 1381">
     <span class='ocr_line' id='line_1_27' title="bbox 2108 1312 3777 1381; baseline 0.004 -14"><span class='ocrx_word' id='word_1_221' title='bbox 2108 1316 2342 1368; x_wconf 89' lang='lat' dir='ltr'><strong>cturum</strong></span> <span class='ocrx_word' id='word_1_222' title='bbox 2375 1312 2518 1367; x_wconf 90' lang='lat' dir='ltr'><strong>scio.</strong></span> <span class='ocrx_word' id='word_1_223' title='bbox 2543 1313 2690 1379; x_wconf 87' lang='lat' dir='ltr'><strong>Quia</strong></span> <span class='ocrx_word' id='word_1_224' title='bbox 2714 1328 2806 1369; x_wconf 91' lang='lat' dir='ltr'><strong>me</strong></span> <span class='ocrx_word' id='word_1_225' title='bbox 2831 1329 3109 1370; x_wconf 87' lang='lat' dir='ltr'><strong>casurum</strong></span> <span class='ocrx_word' id='word_1_226' title='bbox 3143 1312 3283 1381; x_wconf 90' lang='lat' dir='ltr'><strong>scio,</strong></span> <span class='ocrx_word' id='word_1_227' title='bbox 3316 1330 3433 1371; x_wconf 87' lang='lat' dir='ltr'><strong>non</strong></span> <span class='ocrx_word' id='word_1_228' title='bbox 3463 1313 3630 1371; x_wconf 72' lang='lat' dir='ltr'><strong>laetor</strong></span> <span class='ocrx_word' id='word_1_229' title='bbox 3660 1331 3777 1373; x_wconf 73' lang='lat' dir='ltr'><strong>cce-</strong></span> 
     </span>
    </p>
   </div>
   <div class='ocr_carea' id='block_1_28' title="bbox 2107 1398 3772 1475">
    <p class='ocr_par' dir='ltr' id='par_1_28' title="bbox 2107 1398 3772 1475">
     <span class='ocr_line' id='line_1_28' title="bbox 2107 1398 3772 1475; baseline 0.002 -18"><span class='ocrx_word' id='word_1_230' title='bbox 2107 1398 2255 1468; x_wconf 88' lang='lat' dir='ltr'><strong>lum,</strong></span> <span class='ocrx_word' id='word_1_231' title='bbox 2281 1401 2437 1473; x_wconf 91' lang='lat' dir='ltr'><strong>quod</strong></span> <span class='ocrx_word' id='word_1_232' title='bbox 2469 1405 2559 1456; x_wconf 88' lang='lat' dir='ltr'><strong>est</strong></span> <span class='ocrx_word' id='word_1_233' title='bbox 2590 1401 3057 1470; x_wconf 82' lang='lat' dir='ltr'><strong>ﬁrmamentum,</strong></span> <span class='ocrx_word' id='word_1_234' title='bbox 3088 1400 3229 1475; x_wconf 90' lang='lat' dir='ltr'><strong>quia</strong></span> <span class='ocrx_word' id='word_1_235' title='bbox 3271 1418 3366 1459; x_wconf 90' lang='lat' dir='ltr'><strong>mc</strong></span> <span class='ocrx_word' id='word_1_236' title='bbox 3403 1406 3772 1461; x_wconf 83' lang='lat' dir='ltr'><strong>resurrectu-</strong></span> 
     </span>
    </p>
   </div>
   <div class='ocr_carea' id='block_1_29' title="bbox 2108 1488 3776 1564">
    <p class='ocr_par' dir='ltr' id='par_1_29' title="bbox 2108 1488 3776 1564">
     <span class='ocr_line' id='line_1_29' title="bbox 2108 1488 3776 1564; baseline 0.003 -19"><span class='ocrx_word' id='word_1_237' title='bbox 2108 1505 2240 1546; x_wconf 88' lang='lat' dir='ltr'><strong>rum</strong></span> <span class='ocrx_word' id='word_1_238' title='bbox 2274 1506 2465 1562; x_wconf 87' lang='lat' dir='ltr'><strong>spero.</strong></span> <span class='ocrx_word' id='word_1_239' title='bbox 2500 1488 2747 1546; x_wconf 76' lang='lat' dir='ltr'><strong>Exsultet</strong></span> <span class='ocrx_word' id='word_1_240' title='bbox 2791 1498 2959 1557; x_wconf 84' lang='lat' dir='ltr'><strong>terra,</strong></span> <span class='ocrx_word' id='word_1_241' title='bbox 2992 1508 3121 1564; x_wconf 74' lang='lat' dir='ltr'><strong>quas</strong></span> <span class='ocrx_word' id='word_1_242' title='bbox 3166 1497 3257 1547; x_wconf 91' lang='lat' dir='ltr'><strong>est</strong></span> <span class='ocrx_word' id='word_1_243' title='bbox 3302 1490 3575 1562; x_wconf 85' lang='lat' dir='ltr'><strong>lutilatio,</strong></span> <span class='ocrx_word' id='word_1_244' title='bbox 3613 1493 3776 1550; x_wconf 85' lang='lat' dir='ltr'><strong>dicat</strong></span> 
     </span>
    </p>
   </div>
   <div class='ocr_carea' id='block_1_30' title="bbox 2108 1578 3778 1652">
    <p class='ocr_par' dir='ltr' id='par_1_30' title="bbox 2108 1578 3778 1652">
     <span class='ocr_line' id='line_1_30' title="bbox 2108 1578 3778 1652; baseline 0.004 -19"><span class='ocrx_word' id='word_1_245' title='bbox 2108 1579 2411 1650; x_wconf 85' lang='lat' dir='ltr'><strong>propheta,</strong></span> <span class='ocrx_word' id='word_1_246' title='bbox 2444 1578 2601 1635; x_wconf 85' lang='lat' dir='ltr'><strong>dicat</strong></span> <span class='ocrx_word' id='word_1_247' title='bbox 2631 1579 2961 1652; x_wconf 85' lang='lat' dir='ltr'><strong>psalmista,</strong></span> <span class='ocrx_word' id='word_1_248' title='bbox 2996 1585 3054 1635; x_wconf 83' lang='lat' dir='ltr'><strong>et</strong></span> <span class='ocrx_word' id='word_1_249' title='bbox 3083 1597 3192 1636; x_wconf 87' lang='lat' dir='ltr'><strong>nos</strong></span> <span class='ocrx_word' id='word_1_250' title='bbox 3222 1581 3491 1637; x_wconf 81' lang='lat' dir='ltr'><strong>dicamus</strong></span> <span class='ocrx_word' id='word_1_251' title='bbox 3520 1597 3534 1637; x_wconf 89' lang='lat'><strong>:</strong></span> <span class='ocrx_word' id='word_1_252' title='bbox 3569 1578 3778 1639; x_wconf 70' lang='lat' dir='ltr'><strong>La&#39;tén-</strong></span> 
     </span>
    </p>
   </div>
   <div class='ocr_carea' id='block_1_31' title="bbox 2106 1666 3774 1737">
    <p class='ocr_par' dir='ltr' id='par_1_31' title="bbox 2106 1666 3774 1737">
     <span class='ocr_line' id='line_1_31' title="bbox 2106 1666 3774 1737; baseline 0.003 -15"><span class='ocrx_word' id='word_1_253' title='bbox 2106 1674 2199 1723; x_wconf 87' lang='lat' dir='ltr'><strong>tur</strong></span> <span class='ocrx_word' id='word_1_254' title='bbox 2226 1668 2368 1735; x_wconf 72' lang='lat' dir='ltr'><strong>cazli,</strong></span> <span class='ocrx_word' id='word_1_255' title='bbox 2399 1668 2633 1724; x_wconf 83' lang='lat' dir='ltr'><strong>exsultet</strong></span> <span class='ocrx_word' id='word_1_256' title='bbox 2659 1676 2827 1724; x_wconf 83' lang='lat' dir='ltr'><strong>terra.</strong></span> <span class='ocrx_word' id='word_1_257' title='bbox 2856 1667 2916 1724; x_wconf 89' lang='lat' dir='ltr'><strong>Si</strong></span> <span class='ocrx_word' id='word_1_258' title='bbox 2947 1667 3169 1725; x_wconf 83' lang='lat' dir='ltr'><strong>arbiter</strong></span> <span class='ocrx_word' id='word_1_259' title='bbox 3196 1669 3325 1725; x_wconf 70' lang='grc' dir='ltr'><strong>οωιὶ</strong></span> <span class='ocrx_word' id='word_1_260' title='bbox 3356 1668 3502 1737; x_wconf 87' lang='lat' dir='ltr'><strong>vult,</strong></span> <span class='ocrx_word' id='word_1_261' title='bbox 3525 1666 3636 1726; x_wconf 79' lang='lat' dir='ltr'><strong>cur</strong></span> <span class='ocrx_word' id='word_1_262' title='bbox 3654 1686 3774 1727; x_wconf 85' lang='lat' dir='ltr'><strong>non</strong></span> 
     </span>
    </p>
   </div>
   <div class='ocr_carea' id='block_1_32' title="bbox 2104 1757 3774 1831">
    <p class='ocr_par' dir='ltr' id='par_1_32' title="bbox 2104 1757 3774 1831">
     <span class='ocr_line' id='line_1_32' title="bbox 2104 1757 3774 1831; baseline 0.002 -18"><span class='ocrx_word' id='word_1_263' title='bbox 2104 1757 2338 1813; x_wconf 80' lang='lat' dir='ltr'><strong>exsultet</strong></span> <span class='ocrx_word' id='word_1_264' title='bbox 2364 1760 2550 1814; x_wconf 76' lang='lat' dir='ltr'><strong>terra?</strong></span> <span class='ocrx_word' id='word_1_265' title='bbox 2586 1758 2836 1814; x_wconf 68' lang='lat' dir='ltr'><strong>Exsultat</strong></span> <span class='ocrx_word' id='word_1_266' title='bbox 2870 1766 3036 1826; x_wconf 83' lang='lat' dir='ltr'><strong>terra,</strong></span> <span class='ocrx_word' id='word_1_267' title='bbox 3070 1759 3225 1831; x_wconf 89' lang='lat' dir='ltr'><strong>quod</strong></span> <span class='ocrx_word' id='word_1_268' title='bbox 3257 1758 3371 1816; x_wconf 84' lang='lat' dir='ltr'><strong>sibi</strong></span> <span class='ocrx_word' id='word_1_269' title='bbox 3399 1757 3561 1815; x_wconf 82' lang='lat' dir='ltr'><strong>vult?</strong></span> <span class='ocrx_word' id='word_1_270' title='bbox 3611 1760 3774 1818; x_wconf 78' lang='lat' dir='ltr'><strong>lubi-</strong></span> 
     </span>
    </p>
   </div>
   <div class='ocr_carea' id='block_1_33' title="bbox 2107 1842 3775 1919">
    <p class='ocr_par' dir='ltr' id='par_1_33' title="bbox 2107 1842 3775 1919">
     <span class='ocr_line' id='line_1_33' title="bbox 2107 1842 3775 1919; baseline 0.003 -19"><span class='ocrx_word' id='word_1_271' title='bbox 2107 1845 2234 1913; x_wconf 84' lang='lat' dir='ltr'><strong>late,</strong></span> <span class='ocrx_word' id='word_1_272' title='bbox 2264 1853 2472 1902; x_wconf 80' lang='lat' dir='ltr'><strong>montes</strong></span> <span class='ocrx_word' id='word_1_273' title='bbox 2515 1842 2752 1903; x_wconf 84' lang='lat' dir='ltr'><strong>laudem.</strong></span> <span class='ocrx_word' id='word_1_274' title='bbox 2788 1844 2914 1903; x_wconf 89' lang='lat' dir='ltr'><strong>Non</strong></span> <span class='ocrx_word' id='word_1_275' title='bbox 2958 1844 3173 1919; x_wconf 84' lang='lat' dir='ltr'><strong>jubilo,</strong></span> <span class='ocrx_word' id='word_1_276' title='bbox 3207 1860 3328 1904; x_wconf 89' lang='lat' dir='ltr'><strong>non</strong></span> <span class='ocrx_word' id='word_1_277' title='bbox 3370 1845 3568 1904; x_wconf 80' lang='lat' dir='ltr'><strong>laudo.</strong></span> <span class='ocrx_word' id='word_1_278' title='bbox 3603 1848 3775 1905; x_wconf 83' lang='lat' dir='ltr'><strong>Cur?</strong></span> 
     </span>
    </p>
   </div>
   <div class='ocr_carea' id='block_1_34' title="bbox 2106 1934 3768 2009">
    <p class='ocr_par' dir='ltr' id='par_1_34' title="bbox 2106 1934 3768 2009">
     <span class='ocr_line' id='line_1_34' title="bbox 2106 1934 3768 2009; baseline 0.001 -18"><span class='ocrx_word' id='word_1_279' title='bbox 2106 1934 2253 2002; x_wconf 90' lang='lat' dir='ltr'><strong>Quia</strong></span> <span class='ocrx_word' id='word_1_280' title='bbox 2282 1951 2396 1991; x_wconf 88' lang='lat' dir='ltr'><strong>non</strong></span> <span class='ocrx_word' id='word_1_281' title='bbox 2449 1951 2583 1992; x_wconf 92' lang='lat' dir='ltr'><strong>sum</strong></span> <span class='ocrx_word' id='word_1_282' title='bbox 2632 1949 2811 2002; x_wconf 82' lang='lat' dir='ltr'><strong>mons,</strong></span> <span class='ocrx_word' id='word_1_283' title='bbox 2843 1935 3013 1993; x_wconf 84' lang='lat' dir='ltr'><strong>vallis</strong></span> <span class='ocrx_word' id='word_1_284' title='bbox 3071 1950 3227 2007; x_wconf 92' lang='lat' dir='ltr'><strong>sum,</strong></span> <span class='ocrx_word' id='word_1_285' title='bbox 3274 1939 3549 2009; x_wconf 87' lang='lat' dir='ltr'><strong>peccator</strong></span> <span class='ocrx_word' id='word_1_286' title='bbox 3606 1940 3768 1995; x_wconf 81' lang='lat' dir='ltr'><strong>&#39;sum.</strong></span> 
     </span>
    </p>
   </div>
   <div class='ocr_carea' id='block_1_35' title="bbox 2104 2022 3778 2101">
    <p class='ocr_par' dir='ltr' id='par_1_35' title="bbox 2104 2022 3778 2101">
     <span class='ocr_line' id='line_1_35' title="bbox 2104 2022 3778 2101; baseline 0.004 -22"><span class='ocrx_word' id='word_1_287' title='bbox 2104 2022 2260 2080; x_wconf 86' lang='lat' dir='ltr'><strong>Dixit</strong></span> <span class='ocrx_word' id='word_1_288' title='bbox 2308 2023 2457 2080; x_wconf 89' lang='lat' dir='ltr'><strong>mihi</strong></span> <span class='ocrx_word' id='word_1_289' title='bbox 2514 2024 2691 2092; x_wconf 86' lang='lat' dir='ltr'><strong>Deus,</strong></span> <span class='ocrx_word' id='word_1_290' title='bbox 2727 2025 2908 2094; x_wconf 81' lang='lat' dir='ltr'><strong>Quare</strong></span> <span class='ocrx_word' id='word_1_291' title='bbox 2953 2037 3183 2083; x_wconf 70' lang='lat' dir='ltr'><strong>enarra:</strong></span> <span class='ocrx_word' id='word_1_292' title='bbox 3220 2027 3471 2101; x_wconf 68' lang='lat' dir='ltr'><strong>justitim</strong></span> <span class='ocrx_word' id='word_1_293' title='bbox 3518 2042 3677 2085; x_wconf 80' lang='lat' dir='ltr'><strong>meas</strong></span> <span class='ocrx_word' id='word_1_294' title='bbox 3721 2036 3778 2086; x_wconf 72' lang='grc' dir='ltr'><strong>ει</strong></span> 
     </span>
    </p>
   </div>
   <div class='ocr_carea' id='block_1_36' title="bbox 2102 2110 3771 2190">
    <p class='ocr_par' dir='ltr' id='par_1_36' title="bbox 2102 2110 3771 2190">
     <span class='ocr_line' id='line_1_36' title="bbox 2102 2110 3771 2190; baseline 0.004 -22"><span class='ocrx_word' id='word_1_295' title='bbox 2102 2114 2342 2168; x_wconf 82' lang='lat' dir='ltr'><strong>assumis</strong></span> <span class='ocrx_word' id='word_1_296' title='bbox 2362 2110 2745 2171; x_wconf 71' lang='lat' dir='ltr'><strong>testamentum</strong></span> <span class='ocrx_word' id='word_1_297' title='bbox 2769 2130 2954 2172; x_wconf 82' lang='lat' dir='ltr'><strong>meum</strong></span> <span class='ocrx_word' id='word_1_298' title='bbox 2978 2130 3081 2188; x_wconf 80' lang='lat' dir='ltr'><strong>per</strong></span> <span class='ocrx_word' id='word_1_299' title='bbox 3097 2131 3156 2173; x_wconf 88' lang='lat' dir='ltr'><strong>os</strong></span> <span class='ocrx_word' id='word_1_300' title='bbox 3176 2123 3334 2173; x_wconf 74' lang='lat' dir='ltr'><strong>tuum</strong></span> <span class='ocrx_word' id='word_1_301' title='bbox 3348 2119 3373 2174; x_wconf 69' lang='grc' dir='ltr'>ἲ</span> <span class='ocrx_word' id='word_1_302' title='bbox 3389 2117 3464 2172; x_wconf 85' lang='lat' dir='ltr'><strong>At</strong></span> <span class='ocrx_word' id='word_1_303' title='bbox 3478 2118 3771 2190; x_wconf 87' lang='lat' dir='ltr'><strong>quoniam</strong></span> 
     </span>
    </p>
   </div>
   <div class='ocr_carea' id='block_1_37' title="bbox 2104 2201 3777 2280">
    <p class='ocr_par' dir='ltr' id='par_1_37' title="bbox 2104 2201 3777 2280">
     <span class='ocr_line' id='line_1_37' title="bbox 2104 2201 3777 2280; baseline 0.005 -25"><span class='ocrx_word' id='word_1_304' title='bbox 2104 2201 2460 2274; x_wconf 79' lang='lat' dir='ltr'><strong>praecipitur,</strong></span> <span class='ocrx_word' id='word_1_305' title='bbox 2495 2202 2674 2261; x_wconf 82' lang='lat' dir='ltr'><strong>omnis</strong></span> <span class='ocrx_word' id='word_1_306' title='bbox 2709 2206 2939 2276; x_wconf 77' lang='lat' dir='ltr'><strong>spiritus</strong></span> <span class='ocrx_word' id='word_1_307' title='bbox 2980 2203 3164 2262; x_wconf 82' lang='lat' dir='ltr'><strong>laudet</strong></span> <span class='ocrx_word' id='word_1_308' title='bbox 3201 2204 3526 2274; x_wconf 78' lang='lat' dir='ltr'><strong>Dominum;</strong></span> <span class='ocrx_word' id='word_1_309' title='bbox 3554 2215 3611 2263; x_wconf 83' lang='lat' dir='ltr'><strong>et</strong></span> <span class='ocrx_word' id='word_1_310' title='bbox 3637 2210 3777 2280; x_wconf 81' lang='lat' dir='ltr'><strong>quia</strong></span> 
     </span>
    </p>
   </div>
   <div class='ocr_carea' id='block_1_38' title="bbox 2103 2290 3772 2368">
    <p class='ocr_par' dir='ltr' id='par_1_38' title="bbox 2103 2290 3772 2368">
     <span class='ocr_line' id='line_1_38' title="bbox 2103 2290 3772 2368; baseline 0.004 -23"><span class='ocrx_word' id='word_1_311' title='bbox 2103 2290 2368 2347; x_wconf 77' lang='lat' dir='ltr'><strong>Dominus</strong></span> <span class='ocrx_word' id='word_1_312' title='bbox 2392 2293 2589 2357; x_wconf 78' lang='lat' dir='ltr'><strong>veniet,</strong></span> <span class='ocrx_word' id='word_1_313' title='bbox 2620 2300 2673 2347; x_wconf 87' lang='lat' dir='ltr'><strong>et</strong></span> <span class='ocrx_word' id='word_1_314' title='bbox 2694 2306 2998 2365; x_wconf 82' lang='lat' dir='ltr'><strong>pauperum</strong></span> <span class='ocrx_word' id='word_1_315' title='bbox 3026 2309 3255 2351; x_wconf 88' lang='lat' dir='ltr'><strong>suorum</strong></span> <span class='ocrx_word' id='word_1_316' title='bbox 3282 2294 3645 2352; x_wconf 76' lang='lat' dir='ltr'><strong>miserebatur</strong></span> <span class='ocrx_word' id='word_1_317' title='bbox 3664 2296 3772 2368; x_wconf 86' lang='lat' dir='ltr'><strong>ju-</strong></span> 
     </span>
    </p>
   </div>
   <div class='ocr_carea' id='block_1_39' title="bbox 2106 2378 3771 2455">
    <p class='ocr_par' dir='ltr' id='par_1_39' title="bbox 2106 2378 3771 2455">
     <span class='ocr_line' id='line_1_39' title="bbox 2106 2378 3771 2455; baseline 0.005 -22"><span class='ocrx_word' id='word_1_318' title='bbox 2106 2378 2244 2448; x_wconf 91' lang='lat' dir='ltr'><strong>bilo,</strong></span> <span class='ocrx_word' id='word_1_319' title='bbox 2268 2384 2326 2435; x_wconf 89' lang='lat' dir='ltr'><strong>et</strong></span> <span class='ocrx_word' id='word_1_320' title='bbox 2349 2378 2546 2449; x_wconf 88' lang='lat' dir='ltr'><strong>laudo,</strong></span> <span class='ocrx_word' id='word_1_321' title='bbox 2571 2385 2748 2453; x_wconf 87' lang='lat' dir='ltr'><strong>atque</strong></span> <span class='ocrx_word' id='word_1_322' title='bbox 2779 2397 2894 2437; x_wconf 92' lang='lat' dir='ltr'><strong>non</strong></span> <span class='ocrx_word' id='word_1_323' title='bbox 2916 2380 3230 2439; x_wconf 88' lang='lat' dir='ltr'><strong>obliviscor</strong></span> <span class='ocrx_word' id='word_1_324' title='bbox 3255 2384 3427 2455; x_wconf 89' lang='lat' dir='ltr'><strong>cujus</strong></span> <span class='ocrx_word' id='word_1_325' title='bbox 3458 2380 3632 2453; x_wconf 89' lang='lat' dir='ltr'><strong>illud,</strong></span> <span class='ocrx_word' id='word_1_326' title='bbox 3657 2387 3771 2441; x_wconf 80' lang='lat' dir='ltr'><strong>mi-</strong></span> 
     </span>
    </p>
   </div>
   <div class='ocr_carea' id='block_1_40' title="bbox 2101 2468 3770 2551">
    <p class='ocr_par' dir='ltr' id='par_1_40' title="bbox 2101 2468 3770 2551">
     <span class='ocr_line' id='line_1_40' title="bbox 2101 2468 3770 2551; baseline 0.004 -28"><span class='ocrx_word' id='word_1_327' title='bbox 2101 2470 2331 2551; x_wconf 82' lang='lat' dir='ltr'><strong>serentis</strong></span> <span class='ocrx_word' id='word_1_328' title='bbox 2378 2470 2497 2526; x_wconf 88' lang='lat' dir='ltr'><strong>Dei.</strong></span> <span class='ocrx_word' id='word_1_329' title='bbox 2534 2468 2781 2538; x_wconf 87' lang='lat' dir='ltr'><strong>Fletum,</strong></span> <span class='ocrx_word' id='word_1_330' title='bbox 2824 2474 3151 2543; x_wconf 89' lang='lat' dir='ltr'><strong>peccatum,</strong></span> <span class='ocrx_word' id='word_1_331' title='bbox 3193 2472 3380 2529; x_wconf 88' lang='lat' dir='ltr'><strong>risum</strong></span> <span class='ocrx_word' id='word_1_332' title='bbox 3430 2472 3569 2528; x_wconf 85' lang='lat' dir='ltr'><strong>fecit</strong></span> <span class='ocrx_word' id='word_1_333' title='bbox 3620 2473 3770 2529; x_wconf 80' lang='lat' dir='ltr'><strong>mihi</strong></span> 
     </span>
    </p>
   </div>
   <div class='ocr_carea' id='block_1_41' title="bbox 2104 2556 2281 2613">
    <p class='ocr_par' dir='ltr' id='par_1_41' title="bbox 2104 2556 2281 2613">
     <span class='ocr_line' id='line_1_41' title="bbox 2104 2556 2281 2613; baseline -0.011 0"><span class='ocrx_word' id='word_1_334' title='bbox 2104 2556 2281 2613; x_wconf 85' lang='lat' dir='ltr'><strong>Deus.</strong></span> 
     </span>
    </p>
   </div>
   <div class='ocr_carea' id='block_1_42' title="bbox 1362 2879 2720 3015">
    <p class='ocr_par' dir='ltr' id='par_1_42' title="bbox 1362 2879 2720 3015">
     <span class='ocr_line' id='line_1_42' title="bbox 1362 2879 2720 3015; baseline 0.003 -49"><span class='ocrx_word' id='word_1_335' title='bbox 1362 2880 2091 3015; x_wconf 80' lang='lat' dir='ltr'><strong>ERKEMBALDI</strong></span> <span class='ocrx_word' id='word_1_336' title='bbox 2146 2879 2720 2971; x_wconf 83' lang='lat' dir='ltr'><strong>POEMATIA</strong></span> 
     </span>
    </p>
   </div>
   <div class='ocr_carea' id='block_1_43' title="bbox 1828 3143 2199 3215">
    <p class='ocr_par' dir='ltr' id='par_1_43' title="bbox 1828 3143 2199 3215">
     <span class='ocr_line' id='line_1_43' title="bbox 1828 3143 2199 3215; baseline 0 -18"><span class='ocrx_word' id='word_1_337' title='bbox 1828 3143 2199 3215; x_wconf 82' lang='lat' dir='ltr'><strong>Epigramma.</strong></span> 
     </span>
    </p>
   </div>
   <div class='ocr_carea' id='block_1_44' title="bbox 1330 3267 2585 3340">
    <p class='ocr_par' dir='ltr' id='par_1_44' title="bbox 1330 3267 2585 3340">
     <span class='ocr_line' id='line_1_44' title="bbox 1330 3267 2585 3340; baseline 0.001 -18"><span class='ocrx_word' id='word_1_338' title='bbox 1330 3269 1376 3322; x_wconf 83' lang='lat' dir='ltr'><strong>A</strong></span> <span class='ocrx_word' id='word_1_339' title='bbox 1406 3267 1575 3324; x_wconf 89' lang='lat' dir='ltr'><strong>nobis</strong></span> <span class='ocrx_word' id='word_1_340' title='bbox 1605 3267 1809 3322; x_wconf 85' lang='lat' dir='ltr'><strong>oculus</strong></span> <span class='ocrx_word' id='word_1_341' title='bbox 1832 3268 1995 3340; x_wconf 84' lang='lat' dir='ltr'><strong>justo</strong></span> <span class='ocrx_word' id='word_1_342' title='bbox 2026 3267 2176 3325; x_wconf 84' lang='lat' dir='ltr'><strong>liber</strong></span> <span class='ocrx_word' id='word_1_343' title='bbox 2202 3267 2315 3323; x_wconf 89' lang='lat' dir='ltr'><strong>iste</strong></span> <span class='ocrx_word' id='word_1_344' title='bbox 2343 3271 2585 3325; x_wconf 64' lang='lat' dir='ltr'><strong>aocatus</strong></span> 
     </span>
    </p>
   </div>
   <div class='ocr_carea' id='block_1_45' title="bbox 1333 3354 2681 3429">
    <p class='ocr_par' dir='ltr' id='par_1_45' title="bbox 1333 3354 2681 3429">
     <span class='ocr_line' id='line_1_45' title="bbox 1333 3354 2681 3429; baseline 0.001 -20"><span class='ocrx_word' id='word_1_345' title='bbox 1333 3354 1645 3428; x_wconf 89' lang='lat' dir='ltr'><strong>Segnibus,</strong></span> <span class='ocrx_word' id='word_1_346' title='bbox 1675 3372 1741 3411; x_wconf 88' lang='lat' dir='ltr'><strong>ac</strong></span> <span class='ocrx_word' id='word_1_347' title='bbox 1773 3354 1958 3429; x_wconf 80' lang='lat' dir='ltr'><strong>pigris</strong></span> <span class='ocrx_word' id='word_1_348' title='bbox 1989 3355 2247 3428; x_wconf 88' lang='lat' dir='ltr'><strong>plurima</strong></span> <span class='ocrx_word' id='word_1_349' title='bbox 2274 3356 2478 3413; x_wconf 87' lang='lat' dir='ltr'><strong>clausa</strong></span> <span class='ocrx_word' id='word_1_350' title='bbox 2504 3357 2681 3412; x_wconf 82' lang='lat' dir='ltr'><strong>videt.</strong></span> 
     </span>
    </p>
   </div>
   <div class='ocr_carea' id='block_1_46' title="bbox 1826 3508 2212 3570">
    <p class='ocr_par' dir='ltr' id='par_1_46' title="bbox 1826 3508 2212 3570">
     <span class='ocr_line' id='line_1_46' title="bbox 1826 3508 2212 3570; baseline 0.005 -6"><span class='ocrx_word' id='word_1_351' title='bbox 1826 3508 2212 3570; x_wconf 77' lang='lat' dir='ltr'><strong>Tetrastichou.</strong></span> 
     </span>
    </p>
   </div>
   <div class='ocr_carea' id='block_1_47' title="bbox 1336 3633 2731 3708">
    <p class='ocr_par' dir='ltr' id='par_1_47' title="bbox 1336 3633 2731 3708">
     <span class='ocr_line' id='line_1_47' title="bbox 1336 3633 2731 3708; baseline 0.001 -19"><span class='ocrx_word' id='word_1_352' title='bbox 1336 3633 1523 3691; x_wconf 81' lang='lat' dir='ltr'><strong>Verax</strong></span> <span class='ocrx_word' id='word_1_353' title='bbox 1550 3633 1638 3692; x_wconf 91' lang='lat' dir='ltr'><strong>vir</strong></span> <span class='ocrx_word' id='word_1_354' title='bbox 1665 3633 1857 3708; x_wconf 88' lang='lat' dir='ltr'><strong>gaude</strong></span> <span class='ocrx_word' id='word_1_355' title='bbox 1884 3633 2174 3694; x_wconf 88' lang='lat' dir='ltr'><strong>virtutum</strong></span> <span class='ocrx_word' id='word_1_356' title='bbox 2206 3640 2462 3693; x_wconf 88' lang='lat' dir='ltr'><strong>stemma</strong></span> <span class='ocrx_word' id='word_1_357' title='bbox 2490 3638 2731 3693; x_wconf 86' lang='lat' dir='ltr'><strong>tuarum</strong></span> 
     </span>
    </p>
   </div>
   <div class='ocr_carea' id='block_1_48' title="bbox 1335 3722 2671 3795">
    <p class='ocr_par' dir='ltr' id='par_1_48' title="bbox 1335 3722 2671 3795">
     <span class='ocr_line' id='line_1_48' title="bbox 1335 3722 2671 3795; baseline 0.002 -16"><span class='ocrx_word' id='word_1_358' title='bbox 1335 3723 1423 3779; x_wconf 84' lang='lat' dir='ltr'><strong>&#39;l‘u</strong></span> <span class='ocrx_word' id='word_1_359' title='bbox 1455 3738 1699 3780; x_wconf 86' lang='lat' dir='ltr'><strong>securus</strong></span> <span class='ocrx_word' id='word_1_360' title='bbox 1732 3722 1869 3793; x_wconf 88' lang='lat' dir='ltr'><strong>eris,</strong></span> <span class='ocrx_word' id='word_1_361' title='bbox 1902 3723 2044 3795; x_wconf 85' lang='lat' dir='ltr'><strong>quia</strong></span> <span class='ocrx_word' id='word_1_362' title='bbox 2073 3728 2231 3784; x_wconf 89' lang='lat' dir='ltr'><strong>certo</strong></span> <span class='ocrx_word' id='word_1_363' title='bbox 2262 3723 2409 3783; x_wconf 87' lang='lat' dir='ltr'><strong>calle</strong></span> <span class='ocrx_word' id='word_1_364' title='bbox 2436 3724 2624 3785; x_wconf 87' lang='lat' dir='ltr'><strong>viabis</strong></span> <span class='ocrx_word' id='word_1_365' title='bbox 2657 3741 2671 3782; x_wconf 93' lang='lat'><strong>:</strong></span> 
     </span>
    </p>
   </div>
   <div class='ocr_carea' id='block_1_49' title="bbox 1333 3811 2707 3887">
    <p class='ocr_par' dir='ltr' id='par_1_49' title="bbox 1333 3811 2707 3887">
     <span class='ocr_line' id='line_1_49' title="bbox 1333 3811 2707 3887; baseline 0 -20"><span class='ocrx_word' id='word_1_366' title='bbox 1333 3814 1407 3868; x_wconf 82' lang='lat' dir='ltr'><strong>At</strong></span> <span class='ocrx_word' id='word_1_367' title='bbox 1435 3812 1534 3885; x_wconf 87' lang='lat' dir='ltr'><strong>qui</strong></span> <span class='ocrx_word' id='word_1_368' title='bbox 1568 3811 1840 3869; x_wconf 88' lang='lat' dir='ltr'><strong>mentiris</strong></span> <span class='ocrx_word' id='word_1_369' title='bbox 1874 3812 1989 3872; x_wconf 89' lang='lat' dir='ltr'><strong>cito</strong></span> <span class='ocrx_word' id='word_1_370' title='bbox 2020 3818 2154 3887; x_wconf 86' lang='lat' dir='ltr'><strong>post</strong></span> <span class='ocrx_word' id='word_1_371' title='bbox 2184 3814 2405 3872; x_wconf 85' lang='lat' dir='ltr'><strong>factum</strong></span> <span class='ocrx_word' id='word_1_372' title='bbox 2435 3813 2707 3887; x_wconf 88' lang='lat' dir='ltr'><strong>capieris,</strong></span> 
     </span>
    </p>
   </div>
   <div class='ocr_carea' id='block_1_50' title="bbox 1336 3900 2586 3961">
    <p class='ocr_par' dir='ltr' id='par_1_50' title="bbox 1336 3900 2586 3961">
     <span class='ocr_line' id='line_1_50' title="bbox 1336 3900 2586 3961; baseline 0.001 -4"><span class='ocrx_word' id='word_1_373' title='bbox 1336 3900 1565 3958; x_wconf 79' lang='lat' dir='ltr'><strong>Fallens</strong></span> <span class='ocrx_word' id='word_1_374' title='bbox 1597 3900 1790 3959; x_wconf 85' lang='lat' dir='ltr'><strong>fallaci</strong></span> <span class='ocrx_word' id='word_1_375' title='bbox 1820 3901 1906 3959; x_wconf 89' lang='lat' dir='ltr'><strong>sis</strong></span> <span class='ocrx_word' id='word_1_376' title='bbox 1933 3900 2110 3961; x_wconf 87' lang='lat' dir='ltr'><strong>fando</strong></span> <span class='ocrx_word' id='word_1_377' title='bbox 2141 3902 2359 3960; x_wconf 84' lang='lat' dir='ltr'><strong>famine</strong></span> <span class='ocrx_word' id='word_1_378' title='bbox 2390 3901 2586 3961; x_wconf 77' lang='lat' dir='ltr'><strong>fallax.</strong></span> 
     </span>
    </p>
   </div>
   <div class='ocr_carea' id='block_1_51' title="bbox 1199 4136 2913 4285">
    <p class='ocr_par' dir='ltr' id='par_1_51' title="bbox 1199 4136 2913 4285">
     <span class='ocr_line' id='line_1_51' title="bbox 1199 4136 2913 4285; baseline 0.002 -5"><span class='ocrx_word' id='word_1_379' title='bbox 1199 4148 1718 4283; x_wconf 87' lang='lat' dir='ltr'><strong>LEGES</strong></span> <span class='ocrx_word' id='word_1_380' title='bbox 1807 4136 2913 4285; x_wconf 85' lang='lat' dir='ltr'><strong>MUNICIPALES</strong></span> 
     </span>
    </p>
   </div>
   <div class='ocr_carea' id='block_1_52' title="bbox 2013 4339 2130 4386">
    <p class='ocr_par' dir='ltr' id='par_1_52' title="bbox 2013 4339 2130 4386">
     <span class='ocr_line' id='line_1_52' title="bbox 2013 4339 2130 4386; baseline 0 0"><span class='ocrx_word' id='word_1_381' title='bbox 2013 4339 2130 4386; x_wconf 77' lang='lat' dir='ltr'><strong>0A3</strong></span> 
     </span>
    </p>
   </div>
   <div class='ocr_carea' id='block_1_53' title="bbox 1119 4342 2998 4494">
    <p class='ocr_par' dir='ltr' id='par_1_53' title="bbox 1119 4342 2998 4494">
     <span class='ocr_line' id='line_1_53' title="bbox 2013 4342 2130 4386; baseline 0 0"><span class='ocrx_word' id='word_1_382' title='bbox 2013 4342 2130 4386; x_wconf 80' lang='lat' dir='ltr'><strong>UAS</strong></span> 
     </span>
     <span class='ocr_line' id='line_1_54' title="bbox 1119 4342 2998 4494; baseline 0.001 -3"><span class='ocrx_word' id='word_1_383' title='bbox 1119 4429 1704 4492; x_wconf 81' lang='lat' dir='ltr'><strong>ARGENTINENSI</strong></span> <span class='ocrx_word' id='word_1_384' title='bbox 1748 4342 2089 4493; x_wconf 59' lang='lat' dir='ltr'><strong>CIVITXTI</strong></span> <span class='ocrx_word' id='word_1_385' title='bbox 2133 4431 2372 4494; x_wconf 86' lang='lat' dir='ltr'><strong>DEDIT</strong></span> <span class='ocrx_word' id='word_1_386' title='bbox 2415 4430 2998 4494; x_wconf 79' lang='lat' dir='ltr'><strong>ERKEMBALDUS</strong></span> 
     </span>
    </p>
   </div>
   <div class='ocr_carea' id='block_1_54' title="bbox 1642 4535 2699 4611">
    <p class='ocr_par' dir='ltr' id='par_1_54' title="bbox 1642 4535 2699 4611">
     <span class='ocr_line' id='line_1_55' title="bbox 1642 4535 2699 4611; baseline -0.003 -17"><span class='ocrx_word' id='word_1_387' title='bbox 1642 4535 2032 4611; x_wconf 87' lang='lat' dir='ltr'><strong>(Grandidier,</strong></span> <span class='ocrx_word' id='word_1_388' title='bbox 2067 4536 2204 4595; x_wconf 81' lang='lat' dir='ltr'><strong>Hist.</strong></span> <span class='ocrx_word' id='word_1_389' title='bbox 2236 4537 2302 4596; x_wconf 87' lang='lat' dir='ltr'><strong>de</strong></span> <span class='ocrx_word' id='word_1_390' title='bbox 2329 4536 2699 4610; x_wconf 83' lang='lat' dir='ltr'><strong>Strasbourg.)</strong></span> 
     </span>
    </p>
   </div>
   <div class='ocr_carea' id='block_1_55' title="bbox 629 4727 3571 4782">
    <p class='ocr_par' dir='ltr' id='par_1_55' title="bbox 629 4727 3571 4782">
     <span class='ocr_line' id='line_1_56' title="bbox 629 4727 3571 4782; baseline -0.001 -1"><span class='ocrx_word' id='word_1_391' title='bbox 629 4735 763 4782; x_wconf 62' lang='lat' dir='ltr'><strong>nunc</strong></span> <span class='ocrx_word' id='word_1_392' title='bbox 806 4732 961 4782; x_wconf 82' lang='lat' dir='ltr'><strong>SUNT</strong></span> <span class='ocrx_word' id='word_1_393' title='bbox 1002 4731 1152 4778; x_wconf 72' lang='lat' dir='ltr'><strong>JURA</strong></span> <span class='ocrx_word' id='word_1_394' title='bbox 1199 4732 1276 4778; x_wconf 82' lang='grc' dir='ltr'><strong>ΕΤ</strong></span> <span class='ocrx_word' id='word_1_395' title='bbox 1318 4729 1502 4777; x_wconf 79' lang='lat' dir='ltr'><strong>LEGBS</strong></span> <span class='ocrx_word' id='word_1_396' title='bbox 1547 4730 1859 4781; x_wconf 78' lang='lat' dir='ltr'><strong>CIVITATIS</strong></span> <span class='ocrx_word' id='word_1_397' title='bbox 1903 4734 2388 4782; x_wconf 70' lang='lat' dir='ltr'><strong>ARGENTINENSIS</strong></span> <span class='ocrx_word' id='word_1_398' title='bbox 2429 4733 2509 4780; x_wconf 77' lang='lat' dir='ltr'><strong>DE</strong></span> <span class='ocrx_word' id='word_1_399' title='bbox 2554 4733 2707 4781; x_wconf 75' lang='lat' dir='ltr'><strong>PACB</strong></span> <span class='ocrx_word' id='word_1_400' title='bbox 2752 4733 2817 4779; x_wconf 80' lang='lat' dir='ltr'><strong>IN</strong></span> <span class='ocrx_word' id='word_1_401' title='bbox 2861 4733 3153 4781; x_wconf 76' lang='lat' dir='ltr'><strong>CIVITATB</strong></span> <span class='ocrx_word' id='word_1_402' title='bbox 3195 4731 3483 4780; x_wconf 74' lang='lat' dir='ltr'><strong>TENBIDA</strong></span> <span class='ocrx_word' id='word_1_403' title='bbox 3564 4727 3571 4734; x_wconf 82' lang='grc'><em>’</em></span> 
     </span>
    </p>
   </div>
   <div class='ocr_carea' id='block_1_56' title="bbox 1359 4812 2766 4864">
    <p class='ocr_par' dir='ltr' id='par_1_56' title="bbox 1359 4812 2766 4864">
     <span class='ocr_line' id='line_1_57' title="bbox 1359 4812 2766 4864; baseline 0.004 -8"><span class='ocrx_word' id='word_1_404' title='bbox 1359 4812 1436 4857; x_wconf 79' lang='lat' dir='ltr'><strong>ET</strong></span> <span class='ocrx_word' id='word_1_405' title='bbox 1479 4812 1558 4858; x_wconf 73' lang='lat' dir='ltr'><strong>NE</strong></span> <span class='ocrx_word' id='word_1_406' title='bbox 1603 4812 1801 4859; x_wconf 76' lang='lat' dir='ltr'><strong>PREDA</strong></span> <span class='ocrx_word' id='word_1_407' title='bbox 1846 4816 1964 4864; x_wconf 73' lang='grc' dir='ltr'><strong>γει.</strong></span> <span class='ocrx_word' id='word_1_408' title='bbox 2004 4816 2247 4863; x_wconf 71' lang='grc' dir='ltr'><strong>ΡΟἯΤῙῘΠ</strong></span> <span class='ocrx_word' id='word_1_409' title='bbox 2292 4815 2766 4862; x_wconf 74' lang='lat' dir='ltr'><strong>INTRODUCATUR</strong></span> 
     </span>
    </p>
   </div>
   <div class='ocr_carea' id='block_1_57' title="bbox 420 4914 3765 5002">
    <p class='ocr_par' dir='ltr' id='par_1_57' title="bbox 420 4914 3765 5002">
     <span class='ocr_line' id='line_1_58' title="bbox 420 4914 3765 5002; baseline -0.003 -11"><span class='ocrx_word' id='word_1_410' title='bbox 420 4933 464 4992; x_wconf 89' lang='grc' dir='ltr'><strong>Ι.</strong></span> <span class='ocrx_word' id='word_1_411' title='bbox 496 4920 582 4990; x_wconf 75' lang='lat' dir='ltr'><strong>Ad</strong></span> <span class='ocrx_word' id='word_1_412' title='bbox 612 4933 861 4990; x_wconf 79' lang='lat' dir='ltr'><strong>formam</strong></span> <span class='ocrx_word' id='word_1_413' title='bbox 909 4920 1159 4986; x_wconf 80' lang='lat' dir='ltr'><strong>aliarum</strong></span> <span class='ocrx_word' id='word_1_414' title='bbox 1204 4928 1509 4985; x_wconf 85' lang='lat' dir='ltr'><strong>civitatum</strong></span> <span class='ocrx_word' id='word_1_415' title='bbox 1555 4928 1614 4984; x_wconf 90' lang='lat' dir='ltr'><strong>in</strong></span> <span class='ocrx_word' id='word_1_416' title='bbox 1666 4945 1733 4987; x_wconf 89' lang='lat' dir='ltr'><strong>eo</strong></span> <span class='ocrx_word' id='word_1_417' title='bbox 1782 4929 2003 4989; x_wconf 87' lang='lat' dir='ltr'><strong>honore</strong></span> <span class='ocrx_word' id='word_1_418' title='bbox 2030 4932 2079 5001; x_wconf 82' lang='lat' dir='ltr'><strong>C</strong></span> <span class='ocrx_word' id='word_1_419' title='bbox 2117 4931 2177 4988; x_wconf 90' lang='lat' dir='ltr'><strong>in</strong></span> <span class='ocrx_word' id='word_1_420' title='bbox 2208 4947 2345 4988; x_wconf 91' lang='lat' dir='ltr'><strong>cum</strong></span> <span class='ocrx_word' id='word_1_421' title='bbox 2376 4916 2847 4989; x_wconf 24' lang='lat' dir='ltr'><strong>manum‘mittat</strong></span> <span class='ocrx_word' id='word_1_422' title='bbox 2870 4947 2883 4989; x_wconf 91' lang='lat'><strong>:</strong></span> <span class='ocrx_word' id='word_1_423' title='bbox 2906 4930 3187 4990; x_wconf 89' lang='lat' dir='ltr'><strong>obediens</strong></span> <span class='ocrx_word' id='word_1_424' title='bbox 3214 4932 3414 4988; x_wconf 88' lang='lat' dir='ltr'><strong>tamen</strong></span> <span class='ocrx_word' id='word_1_425' title='bbox 3442 4916 3503 4987; x_wconf 80' lang='lat' dir='ltr'><strong>ot</strong></span> <span class='ocrx_word' id='word_1_426' title='bbox 3530 4914 3765 5002; x_wconf 84' lang='lat' dir='ltr'><strong>paratus</strong></span> 
     </span>
    </p>
   </div>
   <div class='ocr_carea' id='block_1_58' title="bbox 349 5017 2004 5095">
    <p class='ocr_par' dir='ltr' id='par_1_58' title="bbox 349 5017 2004 5095">
     <span class='ocr_line' id='line_1_59' title="bbox 349 5017 2004 5095; baseline -0.002 -15"><span class='ocrx_word' id='word_1_427' title='bbox 349 5022 587 5081; x_wconf 90' lang='lat' dir='ltr'><strong>condita</strong></span> <span class='ocrx_word' id='word_1_428' title='bbox 616 5026 705 5080; x_wconf 87' lang='lat' dir='ltr'><strong>est</strong></span> <span class='ocrx_word' id='word_1_429' title='bbox 730 5019 1071 5095; x_wconf 89' lang='lat' dir='ltr'><strong>Argentina,</strong></span> <span class='ocrx_word' id='word_1_430' title='bbox 1107 5022 1175 5076; x_wconf 93' lang='lat' dir='ltr'><strong>ut</strong></span> <span class='ocrx_word' id='word_1_431' title='bbox 1216 5018 1411 5075; x_wconf 89' lang='lat' dir='ltr'><strong>omnis</strong></span> <span class='ocrx_word' id='word_1_432' title='bbox 1439 5017 1617 5076; x_wconf 84' lang='lat' dir='ltr'><strong>homo</strong></span> <span class='ocrx_word' id='word_1_433' title='bbox 1657 5023 1780 5076; x_wconf 89' lang='lat' dir='ltr'><strong>tam</strong></span> <span class='ocrx_word' id='word_1_434' title='bbox 1810 5024 2004 5077; x_wconf 84' lang='lat' dir='ltr'><strong>extra-</strong></span> 
     </span>
    </p>
   </div>
   <div class='ocr_carea' id='block_1_59' title="bbox 349 5107 2009 5186">
    <p class='ocr_par' dir='ltr' id='par_1_59' title="bbox 349 5107 2009 5186">
     <span class='ocr_line' id='line_1_60' title="bbox 349 5107 2009 5186; baseline -0.001 -17"><span class='ocrx_word' id='word_1_435' title='bbox 349 5130 497 5171; x_wconf 89' lang='lat' dir='ltr'><strong>neus</strong></span> <span class='ocrx_word' id='word_1_436' title='bbox 528 5129 708 5186; x_wconf 90' lang='lat' dir='ltr'><strong>quam</strong></span> <span class='ocrx_word' id='word_1_437' title='bbox 739 5109 1018 5185; x_wconf 87' lang='lat' dir='ltr'><strong>indigena</strong></span> <span class='ocrx_word' id='word_1_438' title='bbox 1047 5124 1251 5181; x_wconf 86' lang='lat' dir='ltr'><strong>pacem</strong></span> <span class='ocrx_word' id='word_1_439' title='bbox 1282 5107 1342 5165; x_wconf 90' lang='lat' dir='ltr'><strong>in</strong></span> <span class='ocrx_word' id='word_1_440' title='bbox 1363 5124 1431 5166; x_wconf 88' lang='lat' dir='ltr'><strong>ca</strong></span> <span class='ocrx_word' id='word_1_441' title='bbox 1460 5108 1621 5166; x_wconf 91' lang='lat' dir='ltr'><strong>omni</strong></span> <span class='ocrx_word' id='word_1_442' title='bbox 1655 5114 1920 5183; x_wconf 89' lang='lat' dir='ltr'><strong>tempore</strong></span> <span class='ocrx_word' id='word_1_443' title='bbox 1949 5113 2009 5167; x_wconf 89' lang='lat' dir='ltr'><strong>et</strong></span> 
     </span>
    </p>
   </div>
   <div class='ocr_carea' id='block_1_60' title="bbox 350 5199 1111 5274">
    <p class='ocr_par' dir='ltr' id='par_1_60' title="bbox 350 5199 1111 5274">
     <span class='ocr_line' id='line_1_61' title="bbox 350 5199 1111 5274; baseline -0.011 -13"><span class='ocrx_word' id='word_1_444' title='bbox 350 5202 423 5261; x_wconf 82' lang='lat' dir='ltr'><strong>ab</strong></span> <span class='ocrx_word' id='word_1_445' title='bbox 454 5200 732 5259; x_wconf 88' lang='lat' dir='ltr'><strong>omnibus</strong></span> <span class='ocrx_word' id='word_1_446' title='bbox 768 5200 982 5256; x_wconf 85' lang='lat' dir='ltr'><strong>habeat</strong></span> <span class='ocrx_word' id='word_1_447' title='bbox 1013 5199 1111 5274; x_wconf 89' lang='grc'><strong>(1).</strong></span> 
     </span>
    </p>
   </div>
   <div class='ocr_carea' id='block_1_61' title="bbox 2116 5019 3163 5094">
    <p class='ocr_par' dir='ltr' id='par_1_61' title="bbox 2116 5019 3163 5094">
     <span class='ocr_line' id='line_1_62' title="bbox 2116 5019 3163 5094; baseline 0 -17"><span class='ocrx_word' id='word_1_448' title='bbox 2116 5021 2188 5078; x_wconf 87' lang='lat' dir='ltr'><strong>ad</strong></span> <span class='ocrx_word' id='word_1_449' title='bbox 2213 5019 2511 5094; x_wconf 85' lang='lat' dir='ltr'><strong>justitiam</strong></span> <span class='ocrx_word' id='word_1_450' title='bbox 2540 5020 2770 5077; x_wconf 85' lang='lat' dir='ltr'><strong>existat.</strong></span> <span class='ocrx_word' id='word_1_451' title='bbox 3158 5068 3163 5077; x_wconf 87' lang='lat'><strong>.</strong></span> 
     </span>
    </p>
   </div>
   <div class='ocr_carea' id='block_1_62' title="bbox 2189 5099 3763 5200">
    <p class='ocr_par' dir='ltr' id='par_1_62' title="bbox 2189 5099 3763 5200">
     <span class='ocr_line' id='line_1_63' title="bbox 2189 5099 3763 5200; baseline -0.004 -34"><span class='ocrx_word' id='word_1_452' title='bbox 2189 5109 2285 5167; x_wconf 88' lang='grc' dir='ltr'><strong>ΙΙΙ.</strong></span> <span class='ocrx_word' id='word_1_453' title='bbox 2310 5109 2493 5166; x_wconf 88' lang='lat' dir='ltr'><strong>Nemo</strong></span> <span class='ocrx_word' id='word_1_454' title='bbox 2514 5110 2779 5182; x_wconf 88' lang='lat' dir='ltr'><strong>predam,</strong></span> <span class='ocrx_word' id='word_1_455' title='bbox 2802 5115 2906 5166; x_wconf 88' lang='lat' dir='ltr'><strong>aut</strong></span> <span class='ocrx_word' id='word_1_456' title='bbox 2925 5109 3148 5167; x_wconf 84' lang='lat' dir='ltr'><strong>furtum</strong></span> <span class='ocrx_word' id='word_1_457' title='bbox 3168 5110 3232 5167; x_wconf 87' lang='lat' dir='ltr'><strong>in</strong></span> <span class='ocrx_word' id='word_1_458' title='bbox 3252 5099 3763 5200; x_wconf 52' lang='lat' dir='ltr'><strong>ea&#39;minducatﬂel</strong></span> 
     </span>
    </p>
   </div>
   <div class='ocr_carea' id='block_1_63' title="bbox 2117 5194 3763 5271">
    <p class='ocr_par' dir='ltr' id='par_1_63' title="bbox 2117 5194 3763 5271">
     <span class='ocr_line' id='line_1_64' title="bbox 2117 5194 3763 5271; baseline -0.004 -14"><span class='ocrx_word' id='word_1_459' title='bbox 2117 5214 2460 5257; x_wconf 84' lang='lat' dir='ltr'><strong>conservare</strong></span> <span class='ocrx_word' id='word_1_460' title='bbox 2488 5198 2722 5271; x_wconf 87' lang='lat' dir='ltr'><strong>audeat,</strong></span> <span class='ocrx_word' id='word_1_461' title='bbox 2757 5198 2870 5256; x_wconf 88' lang='lat' dir='ltr'><strong>nisi</strong></span> <span class='ocrx_word' id='word_1_462' title='bbox 2911 5199 3251 5257; x_wconf 88' lang='lat' dir='ltr'><strong>redditurus</strong></span> <span class='ocrx_word' id='word_1_463' title='bbox 3291 5194 3583 5256; x_wconf 82' lang='lat' dir='ltr'><strong>rationem</strong></span> <span class='ocrx_word' id='word_1_464' title='bbox 3612 5194 3763 5255; x_wconf 84' lang='lat' dir='ltr'><strong>omni</strong></span> 
     </span>
    </p>
   </div>
   <div class='ocr_carea' id='block_1_64' title="bbox 422 5284 2424 5366">
    <p class='ocr_par' dir='ltr' id='par_1_64' title="bbox 422 5284 2424 5366">
     <span class='ocr_line' id='line_1_65' title="bbox 422 5284 2424 5366; baseline -0.002 -16"><span class='ocrx_word' id='word_1_465' title='bbox 422 5291 493 5350; x_wconf 86' lang='lat' dir='ltr'><strong>II.</strong></span> <span class='ocrx_word' id='word_1_466' title='bbox 529 5291 591 5349; x_wconf 90' lang='lat' dir='ltr'><strong>Si</strong></span> <span class='ocrx_word' id='word_1_467' title='bbox 622 5289 756 5366; x_wconf 86' lang='lat' dir='ltr'><strong>quis</strong></span> <span class='ocrx_word' id='word_1_468' title='bbox 784 5288 924 5347; x_wconf 79' lang='lat' dir='ltr'><strong>feris</strong></span> <span class='ocrx_word' id='word_1_469' title='bbox 952 5286 1279 5362; x_wconf 84' lang='lat' dir='ltr'><strong>peccaverit</strong></span> <span class='ocrx_word' id='word_1_470' title='bbox 1298 5291 1356 5345; x_wconf 85' lang='lat' dir='ltr'><strong>et</strong></span> <span class='ocrx_word' id='word_1_471' title='bbox 1376 5286 1449 5344; x_wconf 89' lang='lat' dir='ltr'><strong>ob</strong></span> <span class='ocrx_word' id='word_1_472' title='bbox 1473 5284 1657 5359; x_wconf 72' lang='lat' dir='ltr'><strong>culpae</strong></span> <span class='ocrx_word' id='word_1_473' title='bbox 1690 5290 1915 5345; x_wconf 88' lang='lat' dir='ltr'><strong>metum</strong></span> <span class='ocrx_word' id='word_1_474' title='bbox 1945 5288 2006 5344; x_wconf 90' lang='lat' dir='ltr'><strong>in</strong></span> <span class='ocrx_word' id='word_1_475' title='bbox 2120 5287 2424 5359; x_wconf 68' lang='lat' dir='ltr'><strong>quaarenti.</strong></span> 
     </span>
    </p>
   </div>
   <div class='ocr_carea' id='block_1_65' title="bbox 351 5372 2011 5455">
    <p class='ocr_par' dir='ltr' id='par_1_65' title="bbox 351 5372 2011 5455">
     <span class='ocr_line' id='line_1_66' title="bbox 351 5372 2011 5455; baseline -0.004 -16"><span class='ocrx_word' id='word_1_476' title='bbox 351 5375 483 5439; x_wconf 84' lang='lat' dir='ltr'><strong>eam</strong></span> <span class='ocrx_word' id='word_1_477' title='bbox 502 5376 738 5455; x_wconf 86' lang='lat' dir='ltr'><strong>fugerit,</strong></span> <span class='ocrx_word' id='word_1_478' title='bbox 764 5372 1008 5438; x_wconf 85' lang='lat' dir='ltr'><strong>securus</strong></span> <span class='ocrx_word' id='word_1_479' title='bbox 1029 5376 1089 5434; x_wconf 90' lang='lat' dir='ltr'><strong>in</strong></span> <span class='ocrx_word' id='word_1_480' title='bbox 1112 5393 1183 5434; x_wconf 90' lang='lat' dir='ltr'><strong>ea</strong></span> <span class='ocrx_word' id='word_1_481' title='bbox 1206 5378 1461 5433; x_wconf 83' lang='lat' dir='ltr'><strong>maneat.</strong></span> <span class='ocrx_word' id='word_1_482' title='bbox 1486 5373 1698 5432; x_wconf 88' lang='lat' dir='ltr'><strong>Nullus</strong></span> <span class='ocrx_word' id='word_1_483' title='bbox 1729 5374 2011 5435; x_wconf 84' lang='lat' dir='ltr'><strong>violenter</strong></span> 
     </span>
    </p>
   </div>
   <div class='ocr_carea' id='block_1_66' title="bbox 400 5498 3621 5585">
    <p class='ocr_par' dir='ltr' id='par_1_66' title="bbox 400 5498 3621 5585">
     <span class='ocr_line' id='line_1_67' title="bbox 400 5498 3621 5585; baseline -0.003 -21"><span class='ocrx_word' id='word_1_484' title='bbox 400 5506 501 5585; x_wconf 61' lang='grc' dir='ltr'><strong>ζα)</strong></span> <span class='ocrx_word' id='word_1_485' title='bbox 524 5506 601 5564; x_wconf 88' lang='lat' dir='ltr'><strong>Le</strong></span> <span class='ocrx_word' id='word_1_486' title='bbox 621 5506 862 5585; x_wconf 35' lang='lat' dir='ltr'><strong>cod-adu</strong></span> <span class='ocrx_word' id='word_1_487' title='bbox 884 5517 988 5585; x_wconf 68' lang='lat' dir='ltr'><strong>xue</strong></span> <span class='ocrx_word' id='word_1_488' title='bbox 1008 5501 1205 5585; x_wconf 59' lang='lat' dir='ltr'><strong>siccis,</strong></span> <span class='ocrx_word' id='word_1_489' title='bbox 1224 5498 1633 5585; x_wconf 56' lang='lat' dir='ltr'><strong>latraduction</strong></span> <span class='ocrx_word' id='word_1_490' title='bbox 1656 5498 2010 5585; x_wconf 73' lang='lat' dir='ltr'><strong>allemande,</strong></span> <span class='ocrx_word' id='word_1_491' title='bbox 2117 5500 2283 5585; x_wconf 68' lang='lat' dir='ltr'><strong>villos</strong></span> <span class='ocrx_word' id='word_1_492' title='bbox 2310 5517 2463 5585; x_wconf 78' lang='lat' dir='ltr'><strong>pour</strong></span> <span class='ocrx_word' id='word_1_493' title='bbox 2490 5498 2777 5585; x_wconf 66' lang='lat' dir='ltr'><strong>etreyille</strong></span> <span class='ocrx_word' id='word_1_494' title='bbox 2804 5498 2954 5585; x_wconf 76' lang='lat' dir='ltr'><strong>libre</strong></span> <span class='ocrx_word' id='word_1_495' title='bbox 2988 5519 3001 5559; x_wconf 92' lang='lat'>:</span> <span class='ocrx_word' id='word_1_496' title='bbox 3034 5499 3427 5585; x_wconf 63' lang='lat' dir='ltr'><strong>[aestimare</strong></span> <span class='ocrx_word' id='word_1_497' title='bbox 3452 5498 3621 5582; x_wconf 66' lang='lat' dir='ltr'><strong>condi</strong></span> 
     </span>
    </p>
   </div>
   <div class='ocr_carea' id='block_1_67' title="bbox 567 5556 3767 5647">
    <p class='ocr_par' dir='ltr' id='par_1_67' title="bbox 567 5556 3767 5647">
     <span class='ocr_line' id='line_1_68' title="bbox 567 5556 3767 5647; baseline -0.003 -13"><span class='ocrx_word' id='word_1_498' title='bbox 567 5556 1235 5647; x_wconf 53' lang='lat' dir='ltr'><strong>agisai‘aomafaagsq</strong></span> <span class='ocrx_word' id='word_1_499' title='bbox 1258 5556 1507 5647; x_wconf 64' lang='lat' dir='ltr'><strong>scnjller</strong></span> <span class='ocrx_word' id='word_1_500' title='bbox 1535 5556 2013 5647; x_wconf 59' lang='lat' dir='ltr'><strong>ajputpmquaia</strong></span> <span class='ocrx_word' id='word_1_501' title='bbox 2119 5556 2449 5647; x_wconf 50' lang='lat' dir='ltr'><strong>meum;</strong></span> <span class='ocrx_word' id='word_1_502' title='bbox 2483 5556 2771 5633; x_wconf 50' lang='lat' dir='ltr'><strong>uitta};</strong></span> <span class='ocrx_word' id='word_1_503' title='bbox 2804 5556 3000 5632; x_wconf 52' lang='lat' dir='ltr'><strong>ista:</strong></span> <span class='ocrx_word' id='word_1_504' title='bbox 3034 5556 3420 5645; x_wconf 57' lang='lat' dir='ltr'><strong>&#39;s;¢;‘e&#39;o&quot;qm</strong></span> <span class='ocrx_word' id='word_1_505' title='bbox 3464 5556 3645 5631; x_wconf 72' lang='lat' dir='ltr'><strong>omni:</strong></span> <span class='ocrx_word' id='word_1_506' title='bbox 3687 5556 3767 5623; x_wconf 63' lang='lat' dir='ltr'><strong>te</strong></span> 
     </span>
    </p>
   </div>
   <div class='ocr_carea' id='block_1_68' title="bbox 353 5595 504 5635">
    <p class='ocr_par' dir='ltr' id='par_1_68' title="bbox 353 5595 504 5635">
     <span class='ocr_line' id='line_1_69' title="bbox 353 5595 504 5635; baseline 0 -2"><span class='ocrx_word' id='word_1_507' title='bbox 353 5595 504 5635; x_wconf 74' lang='grc' dir='ltr'><strong>ωηει</strong></span> 
     </span>
    </p>
   </div>
   <div class='ocr_carea' id='block_1_69' title="bbox 2191 5359 3767 5452">
    <p class='ocr_par' dir='ltr' id='par_1_69' title="bbox 2191 5359 3767 5452">
     <span class='ocr_line' id='line_1_70' title="bbox 2191 5359 3767 5452; baseline -0.003 -17"><span class='ocrx_word' id='word_1_508' title='bbox 2191 5376 2284 5435; x_wconf 88' lang='lat' dir='ltr'><strong>1v.</strong></span> <span class='ocrx_word' id='word_1_509' title='bbox 2318 5372 2529 5435; x_wconf 88' lang='lat' dir='ltr'><strong>Nullus</strong></span> <span class='ocrx_word' id='word_1_510' title='bbox 2578 5364 2877 5452; x_wconf 77' lang='lat' dir='ltr'><strong>captivum</strong></span> <span class='ocrx_word' id='word_1_511' title='bbox 2920 5378 3277 5447; x_wconf 82' lang='lat' dir='ltr'><strong>introducat,</strong></span> <span class='ocrx_word' id='word_1_512' title='bbox 3316 5364 3433 5436; x_wconf 78' lang='lat' dir='ltr'><strong>nisi</strong></span> <span class='ocrx_word' id='word_1_513' title='bbox 3480 5359 3767 5450; x_wconf 51' lang='lat' dir='ltr'><strong>partem</strong></span> 
     </span>
    </p>
   </div>
   <div class='ocr_carea' id='block_1_70' title="bbox 2117 5484 3769 5575">
    <p class='ocr_par' dir='ltr' id='par_1_70' title="bbox 2117 5484 3769 5575">
     <span class='ocr_line' id='line_1_71' title="bbox 2117 5484 3769 5575; baseline -0.002 -17"><span class='ocrx_word' id='word_1_514' title='bbox 2117 5500 2283 5575; x_wconf 82' lang='lat' dir='ltr'><strong>villos</strong></span> <span class='ocrx_word' id='word_1_515' title='bbox 2313 5517 2463 5575; x_wconf 92' lang='lat' dir='ltr'><strong>pour</strong></span> <span class='ocrx_word' id='word_1_516' title='bbox 2490 5502 2613 5575; x_wconf 68' lang='lat' dir='ltr'><strong>etre</strong></span> <span class='ocrx_word' id='word_1_517' title='bbox 2640 5494 2777 5575; x_wconf 80' lang='lat' dir='ltr'><strong>ville</strong></span> <span class='ocrx_word' id='word_1_518' title='bbox 2804 5490 2954 5559; x_wconf 83' lang='lat' dir='ltr'><strong>libre</strong></span> <span class='ocrx_word' id='word_1_519' title='bbox 2988 5519 3001 5559; x_wconf 92' lang='lat'>:</span> <span class='ocrx_word' id='word_1_520' title='bbox 3034 5502 3095 5559; x_wconf 85' lang='lat' dir='ltr'><strong>In</strong></span> <span class='ocrx_word' id='word_1_521' title='bbox 3121 5484 3427 5575; x_wconf 63' lang='lat' dir='ltr'><strong>cohortare</strong></span> <span class='ocrx_word' id='word_1_522' title='bbox 3452 5484 3675 5575; x_wconf 81' lang='lat' dir='ltr'><strong>condita</strong></span> <span class='ocrx_word' id='word_1_523' title='bbox 3690 5497 3769 5575; x_wconf 60' lang='grc' dir='ltr'><strong>ρει</strong></span> 
     </span>
    </p>
   </div>
   <div class='ocr_carea' id='block_1_71' title="bbox 352 5641 2373 5721">
    <p class='ocr_par' dir='ltr' id='par_1_71' title="bbox 352 5641 2373 5721">
     <span class='ocr_line' id='line_1_72' title="bbox 352 5641 2373 5721; baseline -0.004 -13"><span class='ocrx_word' id='word_1_524' title='bbox 352 5649 487 5709; x_wconf 87' lang='lat' dir='ltr'><strong>villo</strong></span> <span class='ocrx_word' id='word_1_525' title='bbox 517 5641 589 5707; x_wconf 77' lang='lat' dir='ltr'><strong>de</strong></span> <span class='ocrx_word' id='word_1_526' title='bbox 619 5649 975 5721; x_wconf 87' lang='lat' dir='ltr'><strong>Strasbourg</strong></span> <span class='ocrx_word' id='word_1_527' title='bbox 1004 5646 1093 5704; x_wconf 80' lang='lat' dir='ltr'><strong>tut</strong></span> <span class='ocrx_word' id='word_1_528' title='bbox 1120 5642 1273 5703; x_wconf 69' lang='lat' dir='ltr'><strong>batic</strong></span> <span class='ocrx_word' id='word_1_529' title='bbox 1296 5641 1648 5715; x_wconf 72' lang='lat' dir='ltr'><strong>al’exemple</strong></span> <span class='ocrx_word' id='word_1_530' title='bbox 1680 5643 1785 5704; x_wconf 86' lang='lat' dir='ltr'><strong>des</strong></span> <span class='ocrx_word' id='word_1_531' title='bbox 1814 5641 2011 5705; x_wconf 71' lang='lat' dir='ltr'><strong>autres</strong></span> <span class='ocrx_word' id='word_1_532' title='bbox 2118 5641 2229 5716; x_wconf 82' lang='lat' dir='ltr'><strong>m6,</strong></span> <span class='ocrx_word' id='word_1_533' title='bbox 2264 5650 2373 5702; x_wconf 85' lang='lat' dir='ltr'><strong>etc.</strong></span> 
     </span>
    </p>
   </div>
  </div>
