3912 6362
143 406 254 469 589

1414 402 1659 463 LEGES
1706 402 2253 466 MUNICIPALES.

3430 403 3547 464 590

205 535 436 592 XXXVI.
471 534 532 591 Si
563 535 698 607 quis
731 536 1029 591 concivem
1064 552 1237 590 suum
1272 535 1395 589 sine
1442 536 1662 605 judice,
1698 533 1783 587 vel
1817 536 1870 601 Α
1901 534 2239 605 ρρΙΙὶίῖριιῑη,
2291 534 2844 605 cyrothecariorUm,
2896 538 3187 601 sutorum,
3222 534 3549 608 fabrorum,

142 625 350 681 nuncio
370 622 590 695 judicis
624 623 778 678 infra
808 628 973 697 septa
1001 625 1214 679 domus
1247 641 1370 689 sue,
1403 622 1492 678 vel
1524 622 1655 677 atrii
1698 622 1790 676 sui

143 720 352 769 temere
382 710 679 779 invaserit,
714 717 1025 784 componet
1049 712 1240 783 judici
1280 711 1525 783 triginta
1571 710 1789 766 solidos

142 818 242 875 pro
272 798 483 856 frevela
513 816 527 854 :
557 798 665 867 illi,
701 816 877 872 quem
926 799 1223 868 invaserit,
1259 804 1570 873 componet
1618 814 1786 853 suam

143 889 401 946 missetat
432 889 548 957 (12)
579 887 959 960 triplicatam.

206 976 470 1034 XXXVII.
507 977 573 1031 In
606 992 811 1031 omnes
841 976 1037 1032 curias
1069 976 1316 1031 fratrum
1367 976 1438 1030 de
1490 974 1786 1039 claustris,

140 1066 223 1124 vel
254 1064 749 1132 ministerialium,
783 1065 841 1120 in
873 1064 1092 1137 quibus
1124 1064 1235 1137 ipsi
1266 1064 1643 1136 corporaliter
1671 1080 1787 1116 non

142 1155 545 1221 habitaverint,
571 1155 676 1225 jus
707 1154 883 1208 habet
914 1153 1220 1219 scultctus,
1255 1153 1339 1208 vel
1368 1154 1550 1223 judex
1579 1169 1784 1206 vocan-

146 1245 200 1300 di
230 1244 299 1299 ad
323 1243 620 1314 judicium
654 1248 711 1297 et
741 1244 985 1313 cogendi
1019 1242 1489 1296 inhabitaturem.

210 1331 499 1387 XXXVIII.
534 1330 838 1396 Similiter,
865 1336 921 1385 et
954 1330 1254 1384 ministros
1289 1332 1529 1384 fratrum
1558 1330 1628 1383 «lc
1649 1346 1788 1399 quo-

148 1436 366 1491 cunque
397 1418 656 1473 claustro
679 1418 783 1488 jus
809 1418 985 1472 habet
1006 1417 1313 1489 judicandi
1341 1419 1409 1471 de
1440 1417 1603 1489 ipsis,
1639 1415 1789 1469 scili-

149 1513 232 1563 cet
261 1508 317 1562 in
349 1506 547 1562 causis
580 1506 1007 1578 pertinentibus
1039 1506 1110 1560 ad
1163 1510 1573 1571 mercaturam,
1610 1506 1656 1560 si
1690 1522 1785 1559 vo-

147 1596 269 1652 lunt
289 1613 415 1651 esse
450 1599 825 1650 mercatores.

210 1684 441 1741 XXXIX.
494 1684 839 1756 Quicunque
889 1684 1189 1739 intraverit
1221 1684 1513 1739 civitatem
1561 1683 1789 1738 debitor

146 1772 388 1829 existens
418 1770 674 1843 alicujus
698 1770 976 1838 hominis,
1011 1770 1060 1826 si
1092 1771 1362 1844 pulsatus
1388 1770 1560 1825 fuerit
1590 1786 1785 1825 coram

135 1862 346 1935 judice,
368 1858 806 1928 canonicus,vel
839 1859 1331 1927 ministerialis,in
1358 1860 1527 1931 cujus
1544 1860 1785 1914 domum
1816 1902 1864 1966 B

142 1949 233 2005 ille
257 1950 403 2005 forte
434 1947 654 2019 hospes
686 1946 945 2015 intravit,
980 1947 1341 2020 presentabit
1370 1964 1504 2003 eum
1537 1946 1781 2003 scultcto

143 2040 209 2094 ad
238 2037 538 2111 justiciam
573 2053 587 2092 :
618 2036 773 2109 quod
805 2036 854 2093 si
886 2053 1001 2091 non
1028 2037 1248 2103 fecerit,
1283 2053 1386 2108 pro
1418 2036 1515 2090 illo
1550 2053 1783 2108 respon-

143 2128 266 2183 dere
293 2124 612 2182 tenebitur.

201 2215 309 2271 XL.
343 2214 628 2271 Omnium
660 2214 1149 2286 compositionum
1181 2214 1468 2269 factarum
1501 2230 1603 2285 pro
1628 2214 1780 2267 furto

140 2309 191 2359 et
220 2321 319 2377 pro
349 2302 570 2360 frevela
599 2302 712 2358 due
742 2308 936 2375 partes
969 2307 1108 2359 sunt
1137 2302 1440 2365 causidici,
1476 2302 1645 2356 tertia
1680 2302 1779 2355 ad-

141 2392 333 2448 vocati.
368 2396 434 2445 In
468 2390 685 2462 quibus
717 2390 853 2445 talis
901 2395 993 2446 est
1040 2390 1325 2446 servanda
1368 2390 1686 2446 distinctio.
1720 2390 1780 2445 Si

144 2477 483 2552 compositio
513 2477 669 2533 facta
699 2477 874 2533 fuerit
903 2477 1202 2545 advocato,
1231 2478 1358 2548 ejus
1388 2482 1477 2531 est
1527 2476 1782 2531 dividere

142 2566 244 2622 sibi
271 2567 518 2623 terciam
552 2570 798 2637 partem,
834 2565 1128 2621 causidico
1161 2566 1472 2637 duas.Ipsc
1502 2566 1659 2620 enim
1694 2582 1783 2620 ac-

142 2654 303 2727 cipiet
328 2652 822 2726 compositionem
854 2652 967 2709 sibi
998 2653 1233 2720 factam,
1270 2658 1329 2710 et
1368 2670 1781 2725 quamcunque

142 2759 424 2800 summam
459 2744 524 2799 in
555 2742 892 2815 accipienda
912 2742 1335 2815 compositione
1364 2743 1489 2815 ipse
1507 2744 1782 2798 formave-

144 2830 227 2901 rit,
260 2833 376 2889 sive
423 2847 692 2905 parvam,
725 2830 845 2887 sive
893 2846 1191 2902 magnam,
1237 2828 1399 2885 illam
1448 2829 1782 2886 causidicus

145 2936 241 2977 nec
287 2921 579 2988 minuere,
616 2935 721 2974 nec
761 2935 972 2991 augere
1020 2919 1273 2987 debebit,
1308 2920 1410 2974 sed
1460 2922 1645 2973 ratam
1677 2918 1781 2972 ha-

148 3007 315 3065 bebit.

204 3097 339 3153 XLI.
371 3098 413 3153 E
445 3096 763 3163 contrario,
798 3095 847 3150 si
880 3095 1032 3150 facta
1062 3095 1236 3150 fuerit
1275 3096 1619 3167 compositio
1670 3096 1780 3166 ipsi

148 3187 444 3254 causidico,
465 3186 600 3257 ejus
630 3184 740 3239 erit
763 3185 866 3255 jus
897 3184 1161 3255 accipere
1196 3185 1343 3239 duas
1376 3189 1656 3255 partes,et
1676 3190 1782 3239 ter-

1901 622 2547 689 molendinariorum,et
2577 639 2777 677 eorum
2803 622 2902 695 qui
2930 622 3151 679 faciunt
3170 638 3311 679 vasa
3326 623 3549 681 vinaria

1899 714 1956 764 et
1979 710 2251 782 picarios,
2280 716 2336 765 et
2365 711 2463 782 qui
2499 715 2752 783 purgant
2782 711 3028 782 gladios,
3065 714 3121 766 et
3152 710 3252 782 qui
3284 712 3548 768 vendunt

1899 814 2091 869 poma,
2125 803 2183 854 et
2211 815 2543 869 cauponum
2577 796 2785 869 (lli).Et
2816 800 2887 854 de
2916 798 3139 854 eisdem
3170 798 3347 854 habet
3375 803 3545 872 pote-

1898 889 2112 941 statem
2137 886 2519 958 judicandi,si
2544 888 2686 959 quid
2711 886 3061 959 deliquerint
3089 887 3148 942 in
3167 887 3376 944 officiis
3393 888 3539 944 suis.

1966 974 2129 1029 XLV.
2168 976 2355 1031 Locus
2386 980 2582 1030 autem
2605 975 2983 1047 judicationis
3014 978 3070 1031 et
3117 976 3543 1032 emendationis

1897 1078 2097 1117 eorum
2131 1067 2219 1117 est
2250 1062 2309 1117 in
2342 1063 2563 1134 palacio
2595 1062 2873 1134 episcopi.

1967 1149 2156 1204 XLVI.
2179 1151 2237 1204 Si
2270 1150 2368 1221 qui
2395 1167 2528 1204 vero
2563 1151 2953 1221 predictorum
2987 1152 3383 1209 inobcdientcs
3406 1154 3541 1208 facti

1898 1238 2113 1293 fuerint
2146 1239 2505 1309 burrgravio,
2542 1239 2664 1309 ipse
2695 1257 2931 1293 causam
2958 1242 3148 1295 defert
3198 1242 3268 1296 ad
3317 1242 3540 1313 episco-

1897 1343 2059 1397 pum.

1966 1414 2182 1469 XLVII.
2220 1415 2362 1468 Item
2395 1416 2466 1468 ad
2505 1417 2607 1486 jus
2656 1416 2983 1485 bnrcgravii
3025 1421 3248 1487 spectat
3291 1420 3542 1488 quedam

1898 1502 2166 1558 thelonea
2198 1503 2559 1575 acciperc,ut
2587 1504 2918 1575 gladiorum
2951 1506 3050 1577 qui
3083 1506 3308 1577 vaginis
3331 1507 3542 1562 inclusi

1897 1596 2205 1662 portantur
2235 1592 2293 1645 in
2328 1593 2448 1648 foro
2488 1593 2739 1647 venales.
2771 1593 3032 1649 Aliorum
3083 1599 3298 1663 autem,
3335 1596 3434 1666 qui
3482 1596 3543 1651 in

1898 1680 2141 1735 navibus
2192 1682 2263 1735 de
2312 1681 2570 1748 Colonia,
2620 1681 2708 1736 vel
2762 1683 3150 1753 undecunque
3209 1688 3540 1755 portantur,

1896 1768 2235 1824 theloneum
2268 1768 2511 1840 accipiet
2538 1769 2956 1825 thelonearius.

1966 1857 2202 1913 XLVIII.
2239 1858 2380 1913 Item
2412 1856 3117 1930 olei,nucum,pomorum
3150 1860 3540 1932 undecunque

1894 1946 2146 2001 adducta
2177 1945 2393 2001 fuerint
2423 1951 2480 2001 et
2510 1945 2742 2001 vendita
2760 1963 2863 2018 pro
2891 1946 3173 2014 nummis,
3199 1947 3537 2005 theloneum

1892 2033 2137 2105 accipiet
2168 2034 2571 2107 burcgravius.
2608 2034 2667 2089 Si
2697 2052 2830 2089 vero
2862 2052 2965 2107 pro
2996 2035 3135 2103 sale,
3154 2036 3243 2091 vel
3273 2037 3428 2105 vino,
3448 2038 3537 2093 vel

1892 2124 2206 2190 frumento,
2240 2122 2327 2177 vel
2370 2140 2726 2194 quocunque
2776 2123 2888 2178 alio
2931 2124 3126 2195 precio
3156 2125 3390 2180 vendita
3423 2126 3542 2181 fue-

1893 2212 1936 2265 ri
1948 2211 2370 2278 nt,theloneum
2384 2212 2995 2284 dividetburegravius
3009 2229 3142 2267 cum
3163 2212 3537 2269 theloneario.

1964 2300 2154 2355 XLIX.
2190 2300 2385 2356 Preter
2416 2301 2694 2371 prcdicta,
2730 2300 2928 2355 omnia
2957 2299 3226 2357 thelonea
3269 2301 3381 2356 alia
3418 2317 3543 2374 pcr-

1892 2388 2081 2443 tinent
2111 2389 2181 2443 ad
2216 2389 2475 2443 officium
2510 2388 2871 2454 thelonearii,
2906 2405 3031 2459 qua:
3056 2394 3250 2445 tamen
3283 2389 3433 2444 fiunt
3460 2390 3542 2443 di-

1892 2494 2056 2532 verso
2090 2478 2282 2533 modo.

1966 2568 2029 2622 L.
2066 2567 2127 2621 Si
2159 2566 2292 2638 quis
2324 2568 2394 2621 dc
2427 2567 2556 2622 navi
2589 2585 2705 2623 una
2733 2568 2789 2621 in
2821 2566 3063 2623 alteram
3096 2568 3289 2624 navim
3316 2585 3540 2624 merca-

1892 2661 2055 2711 turas
2104 2673 2245 2711 suas
2295 2657 2751 2728 transposuerit,
2785 2657 2855 2710 de
2902 2660 3147 2727 utraque
3197 2658 3325 2712 navi
3375 2658 3541 2713 dabit

1893 2749 2144 2816 quatuor
2169 2744 2461 2800 denarios.

1964 2833 2414 2903 LI.Quicunquo
2445 2836 2732 2888 mercator
2753 2833 3052 2889 transierit
3085 2834 3141 2887 in
3173 2833 3323 2888 hanc
3344 2832 3539 2889 civita-

1891 2925 2008 2975 tem
2060 2937 2193 2977 cum
2246 2921 2471 2976 soumis
2520 2921 2674 2989 suis,
2736 2921 2785 2975 si
2836 2920 3016 2976 nichil
3073 2921 3396 2976 vendiderit
3450 2921 3538 2977 vel

1891 3010 2118 3077 emerit,
2150 3009 2379 3064 nullum
2412 3009 2750 3065 theloneum
2783 3010 2964 3065 dabit.

1964 3098 2081 3153 LII.
2116 3098 2459 3169 Quicunque
2490 3098 2561 3152 de
2590 3098 2811 3153 familia
2840 3098 3095 3154 Ecclesie
3125 3098 3304 3171 hujus
3332 3099 3437 3167 vir,
3452 3099 3540 3154 vel

1894 3186 2106 3241 mulier
2132 3187 2459 3241 vendiderit
2494 3187 2551 3241 in
2586 3186 2693 3242 hac
2723 3186 2952 3242 civitate
2984 3205 3097 3255 res,
3117 3204 3266 3259 quas
3295 3187 3384 3243 vel
3415 3204 3542 3243 ma-

147 3272 281 3329 ciam
312 3275 597 3330 advocato
627 3273 785 3328 dare.
819 3273 889 3327 Et
921 3272 1194 3327 similiter
1224 3289 1613 3344 quancunque
1632 3289 1784 3327 com-
1811 3263 1854 3329 C
1896 3275 2071 3330 nibus
2102 3274 2225 3330 suis
2258 3275 2476 3342 fecerit,
2510 3275 2599 3330 vel
2655 3292 2767 3346 que
2815 3276 3100 3332 creverint
3127 3277 3199 3344 ei,
3235 3294 3350 3332 non
3380 3276 3545 3332 dabit

148 3362 439 3433 positionis
469 3362 601 3433 ipse
632 3377 928 3417 summam
964 3360 1316 3429 formaverit,
1337 3362 1652 3416 advocatus
1672 3378 1787 3416 non

152 3452 409 3507 cessabit.

214 3538 374 3595 XLII.
405 3539 743 3594 Advocatus
768 3540 966 3592 autem
994 3554 1109 3592 non
1152 3537 1323 3592 debet
1358 3537 1626 3609 judicare
1675 3537 1789 3592 nisi

151 3625 205 3682 in
230 3626 450 3700 palacio
479 3624 765 3698 episcopi.
798 3626 962 3692 Quod
994 3625 1044 3680 si
1085 3625 1144 3680 in
1191 3625 1432 3681 domum
1480 3642 1649 3681 suam
1680 3624 1789 3681 ali-

155 3729 315 3786 quem
355 3714 677 3783 vocaverit,
723 3713 841 3784 ille,
892 3715 991 3787 qui
1048 3731 1163 3771 non
1211 3715 1453 3784 venerit,
1499 3732 1613 3771 non
1662 3715 1789 3771 ideo

154 3804 455 3877 quicquam
491 3807 554 3860 et
582 3806 916 3876 componet.

214 3892 405 3949 XLIII.
441 3893 679 3948 Mortuo
707 3907 842 3948 vero
874 3892 1177 3960 advocato,
1209 3891 1297 3948 vel
1337 3896 1578 3949 vacante
1619 3892 1789 3947 advo-

157 3979 291 4038 catia
307 3996 667 4055 quocunque
682 3979 1193 4052 modo,episcopus
1207 3980 1434 4036 nullum
1447 3981 1790 4037 advocatum

158 4083 357 4139 ponere
387 4069 565 4127 debet
595 4068 722 4125 sine
751 4066 1028 4125 electione
1056 4072 1113 4125 et
1149 4084 1437 4125 consensu
1486 4068 1793 4125 canonico-

160 4172 296 4228 rum,
327 4156 809 4215 ministerialium
840 4161 897 4213 et
924 4157 1309 4229 burgensium
1340 4159 1473 4225 (13).

275 4246 469 4303 XLIV.
502 4247 581 4302 De
609 4246 789 4316 ofﬁcio
819 4245 1130 4317 burcgravii
1157 4253 1208 4301 et
1238 4245 1494 4302 Theloneo
1523 4247 1659 4318 ejus.

226 4333 306 4390 Ad
331 4335 599 4392 ofﬁcium
625 4332 953 4406 burcgravii
974 4332 1227 4405 pertinet
1248 4350 1461 4405 ponere
1483 4334 1796 4406 magistros

165 4414 408 4479 omnium
431 4422 769 4479 officiorum
791 4421 909 4477 fere
922 4421 982 4476 in
996 4421 1388 4489 urbe,scilicet
1407 4420 1794 4491 sellariorum,

228 4564 334 4633 (12)
365 4564 627 4620 Missam.
661 4563 736 4618 Ce
765 4567 889 4618 met
924 4562 1163 4635 rsignifie
1211 4580 1325 4619 une
1372 4564 1669 4619 mauvaise
1699 4580 1796 4619 ac—

1898 3362 2257 3419 theloneum.
2290 3364 2361 3418 Et
2392 3364 2439 3418 si
2472 3363 2613 3433 quid
2644 3363 2851 3419 emerit
2882 3367 2954 3420 ad
2987 3381 3136 3436 opus
3166 3382 3364 3433 suum,
3385 3367 3540 3437 quod

1897 3451 2095 3523 gracia
2125 3450 2269 3506 lucri
2296 3452 2541 3506 vendere
2581 3451 2851 3519 noluerit,
2886 3451 3155 3507 similiter
3201 3452 3540 3508 theloneum

1899 3556 2014 3594 non
2048 3539 2229 3594 dabit.
2264 3539 2323 3594 Si
2373 3539 2506 3610 quis
2551 3543 2745 3594 tamen
2778 3538 3125 3610 imposuerit
3152 3540 3225 3607 ei,
3259 3540 3416 3611 quod
3448 3557 3540 3596 res

1898 3627 2130 3683 vendite
2161 3626 2272 3681 sibi
2306 3642 2421 3681 non
2474 3626 2775 3693 creverint,
2810 3627 2880 3682 ab
2912 3626 3038 3698 ipso
3088 3627 3236 3682 facte
3267 3644 3383 3683 non
3413 3628 3540 3685 fue-

1900 3716 2040 3781 rint,
2071 3713 2159 3771 vel
2193 3732 2372 3771 causa
2398 3713 2545 3769 lucri
2578 3713 2801 3783 emerit,
2837 3713 3089 3787 simplici
3120 3731 3299 3774 manu
3341 3732 3452 3773 sua
3479 3733 3543 3774 se

1900 3803 2262 3877 expurgabit.

1975 3892 2117 3955 LIII.
2151 3892 2210 3947 Si
2239 3891 2371 3963 quis
2402 3892 2626 3960 emerit,
2649 3891 2737 3947 vel
2768 3891 3091 3950 vendiderit
3120 3893 3265 3950 citra
3282 3894 3543 3966 quinque

1902 3980 2139 4049 solidos,
2172 3979 2506 4036 theloneum
2541 3996 2655 4036 non
2687 3981 2868 4037 dabit.

1976 4070 2115 4126 LIV.
2148 4068 2230 4125 De
2259 4069 2517 4142 quinque
2545 4068 2751 4126 solidis
2781 4087 3093 4127 nummum
3127 4071 3309 4139 dabit,
3343 4071 3414 4128 de
3460 4075 3546 4127 ta-

1904 4159 2062 4215 lento
2096 4163 2369 4230 quatuor,
2397 4159 2467 4215 de
2497 4175 2645 4231 equo
2669 4164 2942 4230 quatuor,
2974 4160 3044 4216 de
3076 4159 3235 4217 mulo
3276 4164 3548 4232 quatuor,

1908 4248 1977 4302 de
2011 4248 2177 4302 asino
2207 4246 2535 4303 denarium.

1979 4336 2091 4391 LV.
2127 4335 2489 4392 Theloneum
2519 4336 2591 4391 de
2618 4336 2970 4392 carbonibus
2991 4341 3046 4392 et
3077 4336 3147 4391 de
3179 4352 3399 4409 canapo
3431 4336 3549 4392 the-

1904 4423 2199 4480 lonearius
2225 4441 2341 4479 non
2370 4424 2599 4495 accipit,
2616 4424 2769 4494 quod
2791 4424 3045 4496 episcopi
3078 4424 3383 4495 hucusque
3395 4440 3552 4479 sum-

1908 4565 2519 4637 shovii,(observat.l2,
2536 4581 2666 4637 pag.
2679 4567 2828 4634 729),
2844 4574 2895 4620 et
2917 4565 3340 4637 Weneherumde
3354 4566 3546 4622 Usbur.

169 4625 403 4709 tiam'ou
428 4651 549 4691 une
580 4634 743 4709 fante
768 4625 1402 4709 crimine'lleLSchzlteri
1442 4643 1494 4709 et
1530 4636 1803 4709 Ηᾳιιαμδὶί
1830 4625 1879 4689 D
1909 4625 2281 4709 geri§,'(‘pag.r
2305 4638 2418 4709 24),
2471 4625 2890 4709 Ιόὺόυιιςιιᾶγθ
2938 4638 3009 4691 de
3057 4636 3310 4709 l’éveque
3358 4637 3550 4709 devait

171 4700 444 4778 Glossaria,
477 4722 616 4778 pag.
647 4706 754 4760 590
784 4708 842 4759 ct
873 4706 1033 4778 1352.
1062 4705 1297 4778 Missam
1341 4706 1533 4778 dérive
1564 4707 1634 4761 de
1664 4707 1796 4774 that,

171 4775 454 4849 action,_et
477 4774 588 4831 'de'
623 4777 757 4849 mags
787 4774 889 4849 qui
919 4776 1112 4849 ajoute
1144 4780 1178 4831 ὸ.
1207 4776 1439 4832 l’action
1472 4775 1530 4831 la
1561 4794 1800 4849 marque

170 4842 652 4919 de‘méchanceté.
693 4842 984 4919 Wetehter'i
1010 4846 1366 4913 Glossarium,
1399 4864 1528 4919 pag.
1568 4842 1727 4903 1082'.

233 4915 337 4985 (13)
366 4917 952 4990 Cemotnesignifie
982 4929 1205 4990 pas_en
1251 4915 1669 4990 general—tous
1718 4919 1801 4973 les

171 4981 462 5075 bourgeois
492 4988 565 5075 de
587 4981 1323 5075 ‘l’a‘villezmais’senlemeiit
1337 4989 1800 5075 lesprineipaux,

172 5056 379 5131 eamme
405 5061 570 5114 etant
585 5056 757 5114 l’élite
789 5058 1400 5131 des_l_)o_urgeois.C'cst
1419 5056 1803 5131 l‘explieation

171 5128 621 5201 que_donnentia
648 5132 865 5201 ceimot
893 5128 1157 5196 Haltaus,
1195 5130 1458 5185 Glossarii
1509 5128 1637 5201 pag.
1676 5131 1802 5198 497,

168 5198 221 5271 et
244 5196 459 5266 Moritz,
510 5199 874 5271 Abhandlung
916 5215 1038 5255 vom
1087 5201 1364 5271 Ursprung
1414 5196 1540 5256 dce}-
1584 5196 1805 5257 Reicle-

172 5262 355 5342 διξερε,
379 5262 539 5342 part.
573 5286 635 5342 it,
669 5286 797 5342 cap.
829 5262 885 5338 9,
914 5287 1048 5342 pag.
1074 5262 1196 5326 387:

235 5336 340 5412 (lli)
370 5336 546 5412 Selon
593 5336 1055 5412 latransaetion
1105 5344 1310 5412 passée
1359 5359 1430 5396 en
1484 5343 1621 5397 1263
1646 5347 1808 5399 entre

177 5400 413 5481 l’évéque
444 5410 620 5481 Henri
652 5411 723 5466 de
753 5400 1192 5467 Geroldseck‘et
1220 5412 1277 5467 la
1322 5412 1455 5467 ville
1503 5413 1573 5467 de
1617 5414 1807 5469 Stras-

178 5473 366 5554 hourg,
396 5480 545 5555 apud
573 5480 805 5539 Schilter
863 5484 922 5540 in
967 5484 1111 5540 notis
1158 5482 1227 5539 ad
1259 5482 1562 5541 Chrouz’con
1602 5485 1810 5559 Kaznig-

1908 4707 2672 4789 veillleq'particulierement
2699 4724 2802 4789 sur
2830 4707 2915 4762 les
2956 4708 3552 4789 corpsdcnmetiers,

1911 4781 2052 4835 dont
2100 4776 2463 4849 l’inspection
2515 4776 2674 4832 seule
2704 4776 2786 4832 lui
2816 4776 3206 4849 appartehait.
3245 4778 3289 4832 ll
3321 4780 3474 4835 avait
3500 4776 3555 4835 le

1912 4850 2065 4906 droit
2094 4849 2164 4904 dc
2189 4848 2530 4904 commettrc
2559 4865 2630 4903 cn
2665 4866 2769 4904 son
2801 4848 2937 4904 nom
2969 4849 3116 4904 dans
3148 4848 3377 4920 chaque
3407 4854 3553 4905 mai-

1912 4921 2053 4976 trise
2085 4937 2163 4991 un
2197 4922 2403 4991 maitrc
2429 4936 2577 4989 pour
2607 4922 2906 4991 connaitre
2926 4920 3313 4991 uniquement
3341 4922 3445 4977 des
3461 4922 3558 4977 ob-

1904 4993 2023 5063 jets
2055 4990 2275 5063 relatifs
2307 4993 2357 5063 a_
2389 5007 2493 5044 son
2543 4990 2767 5045 méticr.
2800 4991 2911 5063 Les
2956 4990 3195 5063 metiers
3247 4992 3559 5048 formaient

1913 5060 2068 5134 alors
2100 5061 2242 5134 neuf
2267 5060 2477 5134 tribus,
2513 5063 2701 5117 savoir
2732 5060 2904 5134 celles
2936 5062 3039 5134 des
3070 5078 3429 5134 corroyeurs,
3454 5064 3558 5119 des

1916 5131 2337 5203 charpentiers,
2397 5132 2500 5186 des
2562 5132 2899 5199 tonneliers,
2957 5132 3058 5187 des
3115 5131 3397 5201 fruiticrs,
3455 5135 3560 5190 des

1916 5202 2329 5263 fourbisseurs,
2381 5203 2482 5256 des
2530 5202 2850 5271 meuniers,
2898 5203 3001 5258 des
3053 5203 3424 5271 maréchaux,
3456 5205 3560 5261 des

1916 5274 2172 5346 peintrcs
2204 5277 2260 5327 et
2287 5274 2389 5328 des
2413 5271 2664 5346 sellicrs.
2699 5277 2802 5346 Ccs
2848 5273 3040 5346 tribus
3071 5274 3307 5346 etaient,
3342 5291 3415 5329 au
3443 5280 3561 5331 xxv‘

1917 5343 2111 5416 siecle,
2145 5362 2218 5399 au
2269 5344 2511 5398 nombre
2561 5345 2632 5399 de
2680 5343 3036 5416 vingt—huit;
3070 5344 3211 5400 elles
3242 5345 3439 5399 furent
3471 5347 3560 5400 ré-
3649 5380 3655 5391 -

1917 5415 2110 5471 duites
2158 5432 2232 5488 en_
2282 5416 2420 5488 14ζλ2
2467 5431 2541 5488 au
2589 5415 2829 5470 nombre
2861 5416 2929 5470 de
2958 5415 3370 5488 vingt-quatre,
3401 5418 3458 5471 et
3487 5431 3560 5473 en

1923 5489 2062 5545 1482
2090 5490 2124 5544 a
2152 5485 2302 5542 celui
2333 5485 2403 5542 de
2432 5485 2612 5561 vingt.
