3912 6376
203 411 373 533 593⁸

1490 463 1739 528 LEGES
1785 465 2339 530 MUNICIPALES.

3504 473 3625 536 594

195 604 371 662 debet
425 601 700 676 quiedam
761 614 1128 672 componere,
1164 596 1278 652 nisi
1308 613 1410 669 pro
1442 596 1716 664 denariis,
1752 597 1850 669 qui
1879 598 1937 666 Α
2038 601 2669 675 LXXXIV.Quicunque
2703 602 3107 659 molendinum
3143 604 3330 660 facere
3357 604 3625 681 voluerit,

194 695 477 750 dicuntur
505 689 794 764 phundig.

266 781 454 838 LXIX.
489 779 548 836 Si
578 775 716 852 quis
745 778 925 833 etiam
969 791 1166 832 coram
1212 775 1535 830 monetario
1568 775 1852 847 dampna-

192 871 416 928 tionem
446 885 660 924 manus
691 863 1366 938 acceperit,judicabitur
1382 863 1534 919 sicut
1564 881 1743 935 supra
1763 881 1852 920 co-

191 976 318 1017 ram
351 955 671 1015 causidico.

264 1045 427 1102 LXX.
465 1044 525 1100 Si
554 1042 866 1114 episcopus
894 1038 1146 1095 voluerit
1177 1043 1484 1110 argentum
1519 1039 1589 1094 de
1622 1055 1852 1094 camera

190 1152 300 1193 sua
329 1133 595 1199 fundere,
615 1136 672 1187 et
699 1129 836 1185 inde
867 1128 1136 1184 denarios
1167 1128 1412 1199 percuti,
1433 1127 1678 1198 accipiet
1700 1127 1845 1182 illud

191 1222 474 1296 magister
515 1224 770 1285 monete,
806 1223 864 1272 et
905 1215 1123 1272 dividet
1164 1214 1319 1270 inter
1364 1215 1740 1282 monetarios,
1788 1220 1852 1270 ut

191 1312 325 1368 inde
356 1307 633 1366 denarios
663 1307 900 1362 faciant.
933 1305 1002 1360 Et
1032 1305 1080 1360 si
1113 1303 1335 1359 denarii
1383 1309 1524 1358 sunt
1557 1304 1846 1376 phundig,

190 1399 393 1457 reddet
424 1398 497 1454 de
525 1411 725 1452 marca
751 1392 957 1466 viginti
989 1391 1229 1459 solidos,
1265 1391 1462 1447 minus
1493 1392 1725 1448 duobus
1757 1393 1850 1447 de-

192 1486 396 1546 uariis.

261 1574 451 1632 LXXI.
485 1573 545 1630 Si
591 1577 788 1628 autem
830 1571 888 1624 in
935 1585 1284 1641 quocunque
1336 1571 1591 1640 pondere
1650 1568 1848 1624 leviori

190 1662 458 1739 percussi
487 1660 966 1732 fuerint,semper
981 1658 1214 1714 duobus
1236 1658 1492 1714 denariis
1512 1659 1710 1715 minus
1727 1659 1851 1713 red-

189 1755 358 1811 detur
385 1752 463 1807 de
493 1765 715 1806 marca.

257 1839 476 1898 LXXII.
512 1838 593 1895 De
647 1851 881 1892 camera
939 1834 1196 1906 episcoqi
1234 1832 1732 1898 ministrabuntur
1763 1833 1847 1888 eis

187 1931 494 1987 carbones.
529 1927 619 1982 Ad
650 1940 908 1982 marcam
952 1924 1168 1979 dantur
1210 1922 1324 1977 tria
1364 1921 1615 1978 sextaria
1645 1922 1846 1977 carbo-

186 2036 325 2076 num
334 2060 348 2074 .

257 2107 504 2166 LXXIII.
539 2105 784 2172 Quando
815 2119 1023 2159 novam
1056 2106 1352 2157 monetam
1385 2101 1696 2172 episcopus
1719 2117 1844 2171 per-

187 2196 553 2268 cutijubet,a
569 2192 854 2266 principio
872 2190 1130 2263 quinque
1150 2187 1318 2245 solidi
1338 2189 1486 2243 fiunt
1501 2187 1559 2242 in
1579 2205 1644 2243 ea
1663 2189 1848 2244 forma

187 2291 242 2344 et
268 2285 552 2360 pondere,
586 2299 704 2354 quo
735 2284 971 2336 moneta
1000 2296 1247 2335 cursura
1279 2284 1388 2334 est.

256 2371 500 2430 LXXIV.
535 2370 652 2427 Hos
686 2369 940 2425 servabit
987 2368 1395 2440 burcgravius,
1427 2367 1688 2439 quandiu
1722 2385 1844 2422 mo-

186 2468 320 2520 neta
373 2460 482 2517 illa
524 2458 781 2526 durabit,
814 2458 1046 2513 racione
1079 2459 1177 2511 ut:
1213 2456 1273 2512 Si
1306 2455 1452 2510 forte
1483 2459 1716 2510 moneta
1747 2455 1847 2511 illa

188 2550 394 2608 falsata
422 2565 560 2605 esse
603 2550 930 2612 accusetur,
965 2560 1068 2617 per
1123 2542 1254 2600 illos
1309 2534 1579 2614 quinque'
1627 2543 1846 2600 solidos

186 2640 559 2697 examinetur
585 2641 645 2692 et
674 2633 1041 2690 certiﬁcetur.

254 2727 465 2784 LXXV.
505 2723 864 2782 Monetarius
913 2738 1145 2794 quoque
1196 2721 1443 2792 jurabit,
1479 2722 1631 2792 quod
1679 2721 1736 2776 in
1778 2738 1843 2776 eo

189 2817 438 2890 pondere
475 2818 536 2870 et
566 2812 958 2884 forma,quam
993 2810 1077 2865 illi
1110 2811 1368 2884 quinque
1399 2809 1570 2864 solidi
1602 2809 1841 2876 habent,

191 2909 488 2962 monetam
519 2901 599 2958 sit
629 2916 1038 2973 percussurus.

251 2992 490 3050 LXXVI.
527 2989 774 3057 Quando
815 2987 1174 3045 monetarius
1207 2987 1580 3056 ferramenta,
1616 2989 1676 3042 in
1708 2988 1842 3060 qui-

188 3083 292 3138 bus
318 3078 548 3138 denarii
584 3078 933 3146 formantur,
963 3075 1236 3148 episc0po
1266 3075 1606 3148 resignabit,
1645 3077 1846 3132 reddet

191 3171 237 3227 ei
265 3170 379 3226 duo
408 3169 472 3225 in
505 3167 701 3224 forma
728 3181 1107 3221 nummorum
1126 3169 1182 3220 et
1198 3164 1390 3219 duoin
1427 3165 1611 3219 forma
1641 3165 1841 3221 obuio-

191 3277 332 3316 rum.
370 3260 647 3315 Preterea
703 3253 818 3309 alia
859 3253 1060 3308 omnia
1100 3253 1184 3308 ita
1228 3271 1296 3309 ex
1339 3258 1459 3308 toto
1499 3253 1841 3325 resignabit,

192 3345 580 3420 quodjurabit
595 3361 657 3399 se
681 3360 796 3397 non
827 3342 1041 3398 habere
1058 3341 1249 3414 plura,
1267 3357 1372 3396 nec
1404 3342 1552 3397 scire
1583 3341 1839 3413 aliquem
1871 3332 1914 3398 C

191 3435 414 3493 habere.
451 3434 520 3492 In
555 3431 773 3505 quibus
803 3432 986 3486 ferme
1019 3430 1370 3487 delebuntur
1391 3434 1447 3486 et
1478 3431 1838 3502 frangentur,

193 3524 635 3599 fragmentaque
657 3518 982 3575 monetario
1005 3519 1455 3585 reddantur,aut
1474 3518 1597 3592 ipse
1615 3536 1750 3574 cum
1779 3517 1844 3573 li-

104 3648 114 3656 -
193 3612 371 3670 centia
396 3609 665 3686 episcopi
697 3609 923 3680 integra
952 3612 1013 3664 et
1041 3607 1207 3663 illesa
1236 3607 1528 3664 retinebit.

259 3701 524 3758 LXXVII.
541 3697 889 3770 Quicunque
903 3697 1006 3768 jus
1030 3697 1488 3752 monetariorum
1509 3695 1722 3751 habere
1746 3696 1842 3750 de-

195 3789 400 3846 siderat
428 3786 749 3846 dimidiam
772 3801 1030 3841 marcam
1063 3784 1190 3840 auri
1225 3784 1389 3840 dabit
1419 3785 1842 3856 episcopo,mo-

196 3883 315 3935 nete
342 3877 634 3951 magistro
692 3875 953 3948 quinque
1009 3872 1280 3929 denarios
1322 3872 1468 3940 auri,
1504 3873 1845 3929 monetariis

191 3966 384 4040 viginti
417 3965 649 4023 solidos
680 3963 874 4036 gravis
905 3967 1156 4018 monete.

259 4053 549 4112 LXXVIII.
605 4051 848 4119 Quando
905 4051 1214 4124 episcopus
1273 4046 1566 4106 monétam
1620 4055 1847 4106 mutare

197 4142 450 4214 voluerit,
485 4143 846 4200 ferramenta
901 4144 1134 4196 monete
1188 4156 1290 4212 per
1347 4157 1448 4195 sex
1489 4139 1847 4195 ebdomadas

202 4231 370 4288 dabit.

266 4322 495 4378 LXXIX.
530 4320 882 4390 Quicunque
943 4317 1305 4373 monetarius
1364 4320 1525 4372 extra
1555 4315 1848 4372 civitatem

203 4408 464 4466 habitans
492 4411 555 4466 in
581 4408 814 4464 civitate
844 4410 1152 4480 argentum
1172 4405 1399 4472 emerit,
1405 4405 1710 4477 justiciam
1734 4422 1852 4460 mo-

206 4503 323 4555 nete
353 4498 674 4573 persolvat.

268 4588 468 4644 LXXX.
501 4585 851 4658 Quicunque
907 4602 1132 4653 muros,
1179 4584 1267 4639 vel
1321 4583 1540 4640 vallum
1602 4583 1852 4639 civitatis

208 4673 588 4748 dissipaverit,
616 4678 926 4748 componet
982 4673 1374 4746 quadraginta
1431 4671 1648 4728 solidos
1689 4672 1855 4728 burc-
1882 4697 1930 4761 Β

209 4779 407 4836 gravio.

270 4853 498 4911 LXXXI.
519 4852 870 4924 Quicunque
899 4867 1078 4924 super
1107 4854 1352 4908 stratam
1383 4849 1854 4918 ediﬁcaverit,si-

212 4940 410 4998 militer
419 4943 587 5000 dabit
599 4942 672 4998 ad
685 4941 1160 4998 emendationem
1178 4936 1707 5012 burcgravio.Nulli
1726 4955 1857 4994 vero

213 5027 371 5086 debet
397 5031 700 5090 licentiam
729 5031 895 5088 dare.

277 5117 530 5177 LXXXII.
564 5119 748 5176 Nemo
777 5119 1117 5186 ﬁmum,aut
1147 5117 1556 5190 purgationem
1590 5120 1724 5172 ante
1756 5117 1857 5172 do-

218 5219 366 5262 mum
391 5225 562 5265 suam
590 5212 790 5282 ponat,
811 5207 926 5262 nisi
945 5207 1147 5262 statim
1163 5207 1409 5263 educere
1423 5205 1589 5273 velit;
1604 5206 1858 5278 exceptis

217 5289 345 5350 locis
373 5297 444 5354 ad
474 5297 585 5353 hoc
616 5297 876 5364 statutis,
907 5295 1132 5352 scilicet
1152 5296 1323 5368 juxta
1353 5292 1688 5364 macellum,
1721 5295 1860 5351 item

215 5379 365 5448 juxta
393 5387 664 5442 sanctum
696 5383 1086 5457 Stephanum,
1119 5381 1378 5454 itemque
1414 5381 1585 5451 juxta
1617 5385 1859 5453 puteum

223 5461 276 5522 in
291 5469 407 5552 foro
428 5490 738 5546 equorum,
753 5479 811 5530 et
825 5474 981 5546 apud
999 5473 1191 5528 locum
1206 5472 1310 5543 qui
1328 5471 1544 5526 dicitur
1566 5471 1856 5526 Gewirke.

283 5555 562 5616 LXXXIII.
585 5560 820 5617 Vallum
875 5559 1129 5616 civitatis
1187 5559 1360 5614 debet
1393 5557 1452 5613 in
1485 5558 1733 5613 circuitu
1765 5559 1862 5614 ha-

223 5638 342 5700 bere
369 5650 528 5706 extra
558 5667 593 5706 a
621 5666 794 5708 muro
851 5649 1155 5722 sexaginta
1202 5649 1400 5720 pedes,
1437 5648 1597 5704 intus
1621 5647 1862 5720 triginta

225 5731 401 5798 pedes.

1962 689 2258 746 licentiam
2292 709 2323 746 a
2356 692 2698 763 burcgravio
2733 697 2790 748 et
2835 710 3186 748 consensum
3238 694 3624 767 burgensium

1961 783 2164 848 queret
2198 794 2210 832 :
2243 780 2459 850 quibus
2495 779 2726 835 duobus
2758 780 2996 849 habitis,
3031 797 3274 836 aureum
3307 798 3621 841 nummum

1961 865 2304 936 burcgravio
2338 868 2519 922 dabit.

2033 955 2286 1010 LXXXV.
2320 955 2501 1010 Nemo
2559 957 2777 1010 tribuat
2833 957 3171 1012 theloneum
3221 959 3290 1014 de
3319 959 3518 1028 nattis,
3543 961 3618 1018 de

1961 1041 2160 1114 pullis,
2193 1044 2262 1097 de
2294 1044 2620 1111 anseribus,
2643 1045 2712 1100 de
2743 1045 2884 1110 ovis,
2909 1047 2978 1101 de
3010 1047 3216 1118 porris,
3245 1047 3316 1103 de
3346 1047 3614 1105 caulibus

1961 1136 2016 1186 et
2039 1130 2168 1186 aliis
2197 1132 2648 1203 quibuscunque
2681 1133 2958 1201 oleribus,
2993 1135 3062 1190 de
3094 1133 3376 1205 scutellis,
3409 1135 3481 1191 de
3508 1136 3612 1192 be-

1960 1220 2198 1286 chariis,
2232 1220 2344 1275 nisi
2375 1222 2585 1275 vendat
2616 1220 2815 1276 valens
2848 1223 3106 1294 quinque
3137 1221 3376 1279 solidos.

2034 1308 2314 1364 LXXXVI.
2349 1309 2530 1363 Nemo
2563 1326 2768 1380 porcos
2799 1311 2858 1363 in
2892 1309 3120 1366 civitate
3165 1312 3334 1367 debet
3373 1313 3606 1380 habere,

1904 1425 1910 1432 -
1959 1396 2073 1451 nisi
2105 1399 2321 1469 pastori
2358 1413 2456 1453 eos
2483 1398 2828 1453 committat.

2031 1485 2340 1542 LXXXVII.
2364 1485 2556 1542 Curtis
2589 1491 2805 1553 autem,
2832 1487 2932 1541 ubi
2967 1487 3122 1559 porci
3151 1492 3492 1560 pascuntur,
3525 1494 3613 1546 est

1959 1575 2109 1629 inter
2138 1580 2385 1646 portam,
2421 1592 2534 1647 que
2565 1573 2782 1632 dicitur
2809 1575 3203 1632 vellemannes
3231 1576 3526 1650 burgetor,
3558 1584 3615 1636 et

1957 1662 2131 1719 aliam
2165 1669 2393 1736 portam
2428 1665 2774 1736 proximam.

2351 1777 2684 1836 LXXXVIII.
2706 1780 2780 1835 De
2797 1781 2928 1851 jure
2952 1781 3205 1852 episwpi.

2025 1886 2109 1941 Ad
2134 1887 2237 1957 jus
2287 1884 2542 1958 episcopi
2594 1885 2865 1958 pertinet,
2900 1891 2966 1942 ut
2992 1886 3064 1942 de
3093 1885 3203 1942 hac
3244 1887 3476 1946 civitate
3499 1889 3610 1946 ha-

1877 1963 1924 2028 B
1955 1974 2090 2030 beat
2116 1974 2320 2046 viginti
2353 1978 2608 2046 quatuor
2634 1974 2878 2046 legatos,
2913 1979 2970 2030 et
3001 1975 3108 2031 hos
3139 1979 3371 2032 tantum
3403 1979 3476 2034 de
3507 1995 3605 2051 ge-

1957 2081 2092 2119 nere
2113 2065 2792 2128 mercatorum.Quorum
2825 2063 3085 2119 ofﬁcium
3108 2070 3197 2120 est
3213 2065 3367 2121 infra
3389 2065 3607 2138 episco-

1955 2155 2158 2224 patum
2181 2155 2409 2207 tantum
2437 2152 2622 2207 facere
2644 2150 2964 2224 legationes
2987 2152 3242 2226 episcopi
3257 2154 3326 2210 ad
3341 2154 3610 2212 homines

1956 2257 2119 2296 suos.
2142 2241 2249 2307 Qui
2277 2239 2324 2295 si
2347 2241 2672 2312 dampnum
2691 2240 2924 2296 interim
2943 2241 3179 2312 aliquod
3198 2241 3355 2313 passi
3373 2242 3606 2310 fuerint,

1954 2328 2040 2384 vel
2064 2329 2122 2384 in
2148 2346 2420 2401 persona,
2440 2329 2526 2384 vel
2554 2329 2612 2384 in
2635 2329 2809 2384 rebus
2834 2329 2979 2395 suis,
3015 2347 3164 2401 quas
3187 2329 3244 2385 in
3268 2329 3474 2387 itinere
3501 2332 3609 2389 du-

1954 2418 2164 2483 xerint,
2197 2418 2507 2490 episcopus
2538 2419 2710 2473 debet
2741 2418 2825 2473 eis
2858 2419 3182 2474 restituere.

2029 2505 2308 2562 LXXXIX.
2336 2506 2556 2561 Debent
2579 2506 2797 2578 singuli
2819 2506 3066 2578 singulis
3089 2507 3612 2580 annishujusmodi

1953 2593 2242 2665 legatione
2273 2598 2361 2648 ter
2388 2593 2550 2664 fungi
2585 2609 2719 2648 cum
2751 2593 3019 2664 expensis
3078 2593 3355 2666 episcopi.
3391 2593 3515 2651 Hiis
3542 2611 3613 2652 ex

1955 2686 2118 2754 parte
2143 2681 2402 2753 episcopi
2429 2681 2562 2736 talis
2596 2682 2780 2736 honor
2803 2681 3168 2737 exhibendus
3221 2685 3327 2747 est,
3360 2682 3516 2754 quod
3546 2682 3610 2738 in

1953 2771 2077 2826 suis
2109 2769 2786 2841 festivitatibus,quando
2809 2769 3076 2823 homines
3099 2785 3237 2824 suos
3261 2769 3607 2840 invitaverit,

1953 2859 2168 2916 debent
2197 2858 2475 2914 honestas
2507 2874 2701 2913 coram
2733 2857 2859 2928 ipso
2891 2857 3057 2912 sedes
3089 2855 3303 2913 habere
3333 2857 3406 2914 ad
3437 2874 3609 2930 prpu-

1953 2874 2168 2916 deueut
2199 2874 2475 2914 nonestas
2507 2874 2701 2913 coram
2733 2874 2859 2928 ipso
2891 2874 3057 2912 seaes
3091 2874 3303 2913 nabere
3333 2874 3406 2914 an
3437 2874 3508 2930 pr
3547 2874 3607 2914 n-

1952 2949 2139 3014 dium,
2172 2951 2236 3003 ut
2264 2947 2484 3002 eisdem
2545 2945 2887 3002 hominibus
2937 2945 3061 3002 suis
3092 2961 3158 3001 eo
3190 2945 3454 3004 nociores
3481 2874 3607 3004 eiii-

1953 3037 2203 3093 ciantur.

2023 3125 2130 3182 XC.
2156 3125 2299 3180 Cum
2324 3125 2633 3197 episcopus
2657 3125 2955 3180 intraverit
2977 3123 3290 3192 civitatem,
3323 3123 3460 3196 equi
3489 3127 3608 3182 sta-

1953 3215 2195 3270 bulandi
2229 3220 2366 3270 sunt
2398 3214 2456 3268 in
2489 3214 2784 3270 dominico
2816 3213 3067 3281 stabulo,
3097 3212 3253 3285 quod
3299 3213 3506 3286 incipit
3534 3213 3608 3270 ab

1952 3303 2225 3377 hospitali
2251 3309 2307 3358 et
2329 3304 2591 3376 procedit
2623 3303 2682 3359 in
2715 3302 2962 3359 circuitu
2994 3301 3145 3358 muri
3179 3319 3368 3374 usque
3398 3303 3469 3360 ad
3500 3313 3609 3376 po-

1952 3393 2201 3450 merium
2235 3392 2516 3465 episcopi.

2022 3482 2158 3536 XCI.
2185 3481 2243 3537 Si
2267 3481 2463 3552 plures
2486 3481 2758 3535 habuerit
2779 3497 2981 3551 equos,
3011 3484 3318 3534 assument
3337 3495 3437 3535 eos
3466 3495 3607 3538 cau-

1953 3568 2283 3635 sidicus,vel
2299 3569 2532 3638 judices
2555 3567 2733 3633 sui,et
2763 3566 3122 3622 marscalcus
3143 3570 3201 3622 et
3221 3565 3609 3622 stabulabunt

1951 3675 2050 3714 eos
2072 3658 2130 3713 in
2163 3655 2563 3720 domibus,ubi
2587 3655 3028 3728 peregrinorum
3059 3654 3250 3710 solent
3267 3670 3396 3712 esse
3415 3653 3611 3727 hospi—

1953 3747 2061 3803 cia.
2085 3745 2144 3802 Si
2173 3744 2370 3818 plures
2392 3761 2574 3816 equos
2596 3744 2889 3811 habuerit,
2916 3759 3030 3798 non
3054 3747 3231 3815 ponet
3249 3760 3348 3800 eos
3379 3745 3451 3800 de
3471 3744 3610 3815 jure

1953 3836 2012 3891 in
2036 3834 2334 3905 aliquibus
2356 3833 2485 3888 aliis
2509 3833 2781 3888 domibus
2801 3831 3192 3900 civitatis,nisi
3217 3832 3270 3888 id
3287 3848 3391 3906 per
3410 3847 3612 3906 preces

1953 3925 2213 3982 obtinere
2246 3924 2480 3996 poterit.

2025 4013 2187 4068 XCII.
2223 4012 2282 4067 Si
2341 4016 2536 4067 autem
2593 4011 2928 4083 imperator,
2961 4010 3049 4067 vel
3107 4028 3207 4068 rex
3247 4010 3612 4083 intraverint,

1957 4102 2090 4174 equi
2123 4101 2214 4157 sui
2248 4101 2467 4172 ubique
2498 4099 2981 4172 hospitabuntur.

2027 4189 2218 4246 XCIII.
2239 4188 2464 4245 Debent
2488 4189 2663 4244 etiam
2691 4188 2908 4260 singuli
2933 4190 3253 4262 burgenses
3276 4190 3335 4246 in
3367 4189 3616 4264 singulis

1959 4278 2131 4334 annis
2152 4276 2465 4350 quinquies
2487 4277 2715 4348 operari
2740 4294 2984 4332 numero
3007 4277 3234 4334 dierum
3251 4277 3308 4332 in
3321 4277 3615 4334 dominico

1959 4366 2430 4440 opere;cxceptis
2455 4365 2797 4420 monetariis
2819 4365 3221 4436 omnibus,qui
3257 4369 3397 4420 sunt
3425 4367 3498 4420 de
3529 4365 3614 4422 fa-

1960 4455 2121 4511 milia
2141 4454 2465 4524 ecclesie,et
2495 4453 2751 4524 exceptis
2784 4453 3093 4508 duodecim
3125 4451 3280 4508 inter
3304 4451 3610 4524 'pelliﬂces,

1961 4547 2017 4600 et
2047 4543 2301 4614 exceptis
2337 4539 2586 4596 sellariis
2618 4540 2980 4606 omnibus,et
3001 4543 3253 4611 quatuor
3280 4539 3434 4596 inter
3460 4556 3619 4613 cyro-

1961 4630 2272 4696 thecarios,
2308 4634 2366 4686 et
2396 4633 2648 4701 quatuor
2675 4627 2827 4683 inter
2886 4627 3185 4700 paniﬁces,
3219 4631 3278 4684 et
3303 4632 3432 4686 octo
3462 4627 3616 4688 inter

1961 4723 2274 4784 sutores,et
2296 4717 2475 4772 fabris
2505 4715 2802 4783 omnibus,
2822 4719 2880 4770 et
2907 4715 3289 4788 carpentariis
3317 4717 3617 4786 omnibus,

1964 4813 2022 4864 et
2051 4805 2447 4876 carnificibus,
2479 4809 2536 4859 et
2567 4803 2824 4876 cupariis
2852 4803 3211 4860 vinariorum
3240 4822 3537 4864 vasorum.

2404 4920 2587 4977 XCIV.
2622 4921 2692 4977 Cc
2717 4923 2862 4976 curti
2887 4919 3182 4978 dominica.

2038 5029 2122 5084 Ad
2153 5027 2367 5084 curtim
2399 5027 2776 5094 dominicam,
2805 5043 2918 5098 que
2973 5032 3063 5082 est
3111 5027 3264 5084 infra
3303 5029 3621 5095 civitatem,

1969 5117 2134 5174 dabit
2163 5116 2495 5172 causidicus
2527 5115 2805 5172 tredecim
2839 5116 3014 5172 boves
3031 5117 3103 5172 ad
3127 5121 3323 5173 aratra
3341 5115 3622 5192 episcopi,

1971 5223 2119 5280 quos
2140 5211 2336 5261 sumet
2357 5206 2427 5260 de
2450 5222 2587 5260 casu
2617 5205 2922 5260 hominum
2948 5204 3201 5261 Ecclesia
3225 5204 3622 5272 morientium,

1971 5301 2028 5352 et
2034 5296 2374 5366 jumentum
2408 5295 2784 5366 unum,quod
2818 5293 3098 5366 magister
3125 5295 3309 5350 curtis
3341 5292 3626 5366 equitabit

1969 5388 2027 5440 et
2058 5383 2287 5439 semina
2317 5384 2493 5438 ducet
2523 5383 2594 5437 ad
2629 5400 2823 5455 agros.

2040 5471 2196 5526 XCV.
2231 5471 2404 5526 Dabit
2432 5471 2609 5526 etiam
2642 5471 2952 5526 duodecim
2983 5489 3118 5527 sues
3149 5475 3206 5526 et
3235 5471 3385 5527 duos
3413 5483 3625 5536 verres,

1969 5577 2156 5617 unum
2216 5560 2287 5614 ad
2347 5577 2495 5630 opus
2552 5559 2831 5632 episcopi,
2865 5560 3048 5616 alium
3079 5559 3150 5615 ad
3183 5575 3333 5630 opus
3367 5559 3625 5630 burgen—

1971 5663 2218 5792 SHXEVI.
2251 5735 2574 5807 Episcopus
2622 5735 2684 5790 in
2733 5736 2934 5792 eadem
2982 5732 3132 5790 curti
3161 5736 3338 5804 ponet
3366 5728 3614 5788 stadela-
