3912 6364
182 451 283 514 601
1361 455 1465 516 DE
1508 454 1697 515 'VITA
1741 454 1807 515 S.
1849 452 2372 517 FRODOBERTI.

1843 586 1899 654 Α
1928 587 2448 644 Innumerabilium
2482 589 2689 646 retinet
2720 589 2867 647 liber
2900 590 3005 646 iste
3037 590 3327 649 bonorum

182 588 337 646 Stant
365 590 419 644 et
448 584 695 644 millena:
728 604 1043 644 numerosa
1075 588 1313 661 praemia
1342 588 1570 661 palmae,

244 679 370 743 Quae
399 678 519 733 haec
550 677 685 733 aula
716 678 841 734 suis
872 678 1129 733 conferet
1159 676 1438 732 emeritis.

181 765 276 821 Hic
308 766 551 822 redeunt
580 766 734 821 tristi
766 766 1061 822 venientia
1091 766 1318 821 lumina
1349 766 1553 830 fronti;

246 854 695 927 Morborumque
726 870 934 927 greges
963 852 1059 909 hic
1092 854 1346 909 cecidere
1379 870 1603 927 graves.

185 943 431 1000 Claudus
462 942 569 998 init
594 957 867 1015 gressum
899 942 1068 999 nodis
1100 959 1378 1015 compage
1408 942 1647 1007 salutis;

244 1032 456 1103 Hicque
482 1032 645 1099 dedit
677 1031 876 1087 faciles
905 1036 1059 1086 terra
1088 1037 1298 1103 negata
1326 1031 1469 1086 vias.

181 1121 458 1176 Daemonis
488 1124 547 1175 et
576 1120 781 1175 solitas
813 1121 975 1175 furor
1002 1120 1097 1175 hic
1124 1119 1416 1192 collapsus
1450 1120 1507 1174 in
1542 1137 1715 1175 auras

248 1208 467 1265 Desinit
495 1209 555 1264 in
587 1213 845 1264 mentem
878 1209 1145 1264 membra
1175 1208 1363 1265 redire
1394 1224 1587 1264 suam.

182 1300 324 1366 Quos
346 1301 598 1371 augusta
623 1301 900 1370 premunt
922 1302 1256 1370 surgentem
1279 1299 1496 1353 damna
1508 1297 1819 1366 malorum,

246 1386 342 1442 Hic
374 1388 631 1443 reﬂuunt
660 1403 849 1442 causae
885 1386 1141 1457 corporis
1172 1391 1346 1459 atque
1378 1386 1606 1443 animm.

184 1476 238 1531 Si
277 1480 629 1549 quemquam
658 1475 946 1531 scelerum
972 1476 1258 1548 depressit
1277 1476 1449 1548 culpa
1487 1479 1825 1545 nocentum,

246 1564 302 1623 Si
331 1566 474 1640 petit
504 1565 600 1622 hic
631 1564 884 1633 veniam,
917 1564 1053 1621 hinc
1083 1565 1281 1623 retulit
1314 1563 1631 1622 salubrem.

3459 458 3579 525 602

2000 676 2258 744 Przemia,
2292 678 2557 745 virtutes,
2587 678 2851 751 miraque
2881 684 3064 751 gesta,
3099 681 3297 753 dapes.

1928 768 2081 832 Quos
2113 767 2159 821 si
2196 766 2327 838 quis
2360 768 2600 822 recitare
2630 768 2790 837 velit,
2824 769 3062 824 millena
3092 776 3431 843 supersunt,

2001 855 2215 926 Pagina
2247 873 2373 927 quae
2406 856 2587 922 siluit,
2623 874 2727 913 nec
2758 856 2905 912 liber
2936 858 3044 913 iste
3077 858 3251 913 canit.

1928 942 2073 997 Nam
2108 944 2202 1013 pia
2232 945 2383 999 facta
2417 946 2599 1000 sacris
2630 946 2675 1000 si
2710 946 2842 1017 quis
2889 947 3377 1018 comprehendere
3407 947 3576 1005 libris

1882 1028 1887 1037 ’
1998 1030 2205 1096 Vellet,
2240 1033 2625 1090 inexhaustus
2648 1033 2907 1089 vinceret
2938 1035 3081 1090 hora
3108 1036 3252 1094 dies.

1935 1119 2123 1174 Pauca
2150 1120 2323 1175 ﬁdem
2358 1122 2572 1176 faciant
2604 1122 2875 1178 brevibus
2904 1124 3005 1195 qui
3037 1124 3374 1181 incredulus
3424 1126 3579 1196 istis,

2003 1208 2072 1262 Et
2103 1209 2399 1264 dubitator
2428 1211 2556 1277 erit,
2593 1228 2694 1266 nec
2729 1212 2953 1283 potiora
2974 1212 3148 1285 capit.

1932 1295 2063 1352 Jam
2094 1295 2199 1353 tibi
2230 1302 2517 1370 perpetua:
2551 1306 2826 1355 maneant
2857 1300 2915 1354 in
2947 1301 3157 1356 srecula
3183 1301 3406 1358 laudes.

2004 1386 2047 1441 Ο
2082 1387 2451 1454 Frodoberte,
2480 1391 2579 1444 tuo
2611 1393 2668 1444 et
2696 1389 2970 1444 miserere
2997 1391 3179 1462 gregi.

1934 1475 2013 1533 Te
2044 1475 2253 1531 retinet
2285 1494 2529 1549 regnum
2560 1494 2663 1549 per
2692 1477 2907 1549 gaudia
2937 1475 3111 1551 longa
3148 1494 3469 1551 supernum
3495 1496 3508 1546 ;

2005 1566 2267 1623 Tandem
2299 1565 2388 1625 fac
2415 1572 2608 1624 tecum
2641 1584 2746 1625 nos
2779 1568 3027 1624 retinere
3058 1567 3278 1642 polum.

1506 1888 1916 1978 INCIPIT
1970 1890 2270 1976 VITA.

246 2094 257 2101 ε
284 2073 638 2130 Frodobertus
675 2075 1003 2129 Tricassium
1034 2088 1136 2145 quo
1167 2080 1402 2142 tempore
1430 2072 1707 2141 floruerit.

258 2163 306 2215 1.
342 2161 477 2217 Fuit
523 2160 610 2217 vir
656 2163 784 2217 vitae
833 2160 998 2217 valde
1047 2158 1415 2225 venerabilis,
1468 2159 1711 2231 egregia)
1761 2175 1828 2213 ac

178 2249 436 2322 pretiosae
471 2249 767 2305 memoria:
793 2249 1385 2320 Frodobertus,quem
1410 2244 1692 2317 singulari
1718 2247 1830 2301 tlde

173 2337 225 2389 et
268 2336 566 2409 probitate
620 2336 1088 2404 sanctissimum,
1137 2335 1258 2391 cive
1300 2334 1638 2390 felicissimo
1682 2334 1827 2388 divi-

174 2424 328 2481 nitus
352 2424 660 2481 cumulata
694 2425 1101 2481 Trecassensis
1129 2422 1326 2496 oppidi
1376 2422 1549 2477 tellus
1600 2422 1824 2491 effudit,

179 2513 520 2586 parentibus
551 2513 790 2585 quidem
822 2512 1216 2568 mediocribus
1246 2512 1568 2577 ortum,sed
1600 2511 1825 2566 incom-

177 2602 419 2673 parabili
442 2600 665 2658 mentis
687 2601 873 2658 nitore
894 2600 1543 2673 clarissimum.Quippe
1562 2601 1660 2671 qui
1679 2599 1829 2655 inter

173 2687 297 2761 ipsa
330 2691 463 2763 jam
518 2694 731 2746 teneraa
780 2690 966 2746 aetatis
1014 2688 1333 2763 primordia
1375 2707 1477 2745 vas
1525 2689 1827 2745 electionis

176 2778 661 2836 manifestissime
692 2779 1121 2852 designatus,in
1144 2778 1384 2834 infantis
1406 2782 1635 2851 pectore
1658 2778 1825 2850 spiri-

171 2867 383 2923 tualem
417 2884 491 2924 ac
522 2867 1015 2940 perfectissimum
1047 2868 1252 2941 agebat
1291 2867 1502 2933 virum,
1537 2884 1825 2924 annorum

177 2956 556 3030 exiguitatem
592 2956 924 3013 sanctitatis
956 2962 1013 3013 et
1041 2955 1237 3030 gratiae
1261 2957 1393 3013 dote
1415 2973 1822 3030 compensans.

174 3043 526 3119 Diligentius
557 3061 698 3101 sane
729 3045 1010 3118 temporis
1051 3045 1200 3101 serie
1244 3044 1520 3113 revoluta,
1554 3044 1663 3101 sub
1696 3061 1828 3117 rege

173 3146 529 3199 Francorum
556 3142 837 3199 Clodoveo
868 3142 1178 3213 Dagoberti
1227 3142 1369 3207 ﬁlio,
1412 3143 1671 3214 itemque
1699 3142 1826 3197 Clo-

171 3229 356 3287 thario
381 3230 628 3304 juniore
659 3231 924 3302 ejusdem
956 3230 1221 3286 Clodovei
1258 3230 1399 3298 tilio,
1432 3230 1525 3285 hic
1557 3230 1682 3303 ipse
1734 3247 1825 3285 sa-

174 3318 372 3376 cerdos
425 3320 726 3392 pretiosus
758 3321 814 3373 et
845 3318 1027 3373 abbas
1076 3318 1327 3375 eximius
1374 3317 1831 3390 deprehenditur

179 3405 465 3475 ﬂoruisse,
496 3423 635 3464 cum
658 3407 811 3478 apud
844 3407 1143 3478 przefatam
1178 3407 1382 3463 urbem
1414 3407 1820 3463 Trecassinam
1854 3437 1895 3503 Ο

172 3493 585 3569 Ragnegisilus
617 3495 878 3567 pontifex
907 3495 1091 3550 vicem
1124 3494 1507 3568 apostolicam
1530 3495 1823 3550 ministra-
1859 3493 1871 3519 "

170 3587 268 3639 ret.
300 3584 437 3641 Fuit
469 3587 671 3640 autem
697 3582 849 3639 idem
886 3582 1296 3656 Ragnegisilus
1326 3584 1560 3640 natione
1588 3583 1825 3656 Aquita-

168 3673 599 3746 nus,septimus
629 3671 895 3728 decimus
900 3673 1027 3744 jam
1042 3672 1073 3728 d
1085 3673 1207 3727 icta:
1221 3671 1469 3728 civitatis
1482 3672 1822 3744 episcopus;

166 3758 231 3821 de
250 3777 371 3834 quo
402 3761 599 3819 fertur
613 3759 769 3819 inter
786 3765 994 3817 caetera
1014 3761 1171 3832 quod
1193 3759 1496 3817 basilicam
1529 3761 1823 3817 B.Savinae

164 3848 401 3923 virginis
434 3852 501 3907 in
536 3851 719 3907 fundo
750 3850 842 3907 sui
864 3849 1021 3935 juris
1053 3850 1466 3916 construxerit,
1517 3849 1823 3907 ecclesiam

163 3940 252 3994 cui
282 3938 647 4013 prtesidebat
675 3938 963 3995 haeredem
994 3939 1333 4006 instituens,
1359 3939 1419 3994 in
1450 3955 1682 4010 quaque
1714 3938 1824 3994 ho-

165 4028 400 4085 norifice
432 4027 711 4101 sepultus
725 4029 903 4099 jacet.
926 4026 1083 4083 Vixit
1104 4033 1302 4083 autem
1334 4028 1396 4083 Β.
1432 4028 1822 4083 Frodobertus

165 4116 269 4172 sub
308 4117 582 4191 quinque
635 4133 754 4172 suae
804 4116 1057 4172 civitatis
1083 4116 1375 4187 episcopis
1408 4115 1505 4186 (2),
1538 4131 1719 4186 asque
1750 4115 1823 4171 ad

162 4204 489 4274 Abbonem,
544 4203 646 4276 qui
694 4203 1010 4261 vicesimus
1054 4204 1282 4276 primus
1332 4204 1598 4275 ejusdem
1658 4204 1823 4259 urbis

164 4292 425 4363 pontifex
458 4292 760 4350 exstitisse
789 4292 1181 4366 cognoscitur.

351 4381 574 4438 Studiis
603 4380 858 4436 traditur.
886 4381 1080 4453 Implet
1107 4396 1265 4452 opere
1295 4380 1435 4453 quod
1462 4380 1614 4435 dicit.

226 4473 279 4524 2.
297 4469 528 4525 Verum
562 4471 629 4523 ut
659 4469 731 4524 ad
763 4485 961 4525 rerum
995 4469 1261 4525 ordinem
1295 4485 1825 4537 recurramus,con-

164 4556 355 4613 festim
389 4564 459 4614 ut
491 4560 634 4613 aetas
664 4556 1193 4630 pertulit,pr¢edicti
1220 4557 1512 4628 pontificis
1536 4557 1822 4631 Ragnegi-

166 4644 253 4700 sili
282 4645 513 4705 scholis
545 4649 856 4718 parentum
881 4645 1076 4702 studio
1099 4644 1581 4718 mancipatur.lbi
1606 4644 1823 4700 sanctis

164 4735 373 4792 studiis
405 4734 881 4807 enutritus,quid
914 4734 1071 4802 fidei,
1107 4734 1249 4806 quid
1282 4733 1591 4807 probitatis
1614 4735 1736 4805 jam
1762 4734 1821 4789 in

1857 2072 1905 2137 Β
1935 2068 2308 2139 adimpleret;
2344 2065 2486 2120 illud
2506 2082 2701 2121 secum
2717 2066 3218 2138 ctfrcquentiuset
3234 2066 3581 2123 familiarius

1937 2157 2245 2229 replicans,
2282 2172 2397 2209 non
2428 2155 2723 2209 auditores
2752 2158 2982 2210 tantum
3011 2154 3155 2226 legis
3187 2156 3342 2226 apud
3372 2156 3581 2223 Deum,

1937 2245 2038 2299 sed
2093 2245 2336 2299 factores
2386 2244 2581 2315 potius
2623 2243 2938 2313 justificari
2973 2245 3143 2315 (Rom.
3178 2261 3241 2310 ιι,
3274 2244 3381 2312 13).
3431 2245 3582 2299 Tum

1936 2351 2068 2388 vero
2098 2349 2363 2389 cerneres
2396 2349 2529 2387 eum
2571 2332 2831 2404 priorum
2883 2331 2993 2386 sibi
3039 2332 3275 2387 Palmm
3322 2332 3588 2406 exempla

1936 2422 2202 2478 certatim
2222 2420 2555 2477 aemulanda
2578 2420 3232 2493 proponentem,vixque
3255 2421 3587 2478 discernere

1938 2513 2237 2567 sufficeres
2268 2511 2325 2564 in
2360 2528 2475 2582 quo
2505 2510 2789 2564 virtutum
2813 2526 3021 2582 genere
3043 2509 3352 2580 perfectius
3370 2508 3585 2566 emica-

1938 2602 2238 2672 rct.Atque
2270 2605 2336 2654 ut
2367 2616 2427 2655 se
2460 2604 2648 2654 totum
2674 2599 2789 2653 Deo
2821 2594 3225 2653 rationabilem
3264 2597 3583 2667 victimam,

1936 2693 1994 2743 et
2041 2688 2347 2761 spirituale
2399 2690 2681 2743 mactaret
2729 2686 3158 2755 holocaustum,
3192 2687 3262 2741 ad
3298 2703 3472 2743 usum
3522 2703 3585 2742 se

1936 2777 2225 2832 coutinuze
2264 2776 2545 2833 orationis
2577 2774 3218 2848 applicuit,quietisque
3246 2774 3581 2847 impatiens,

1936 2866 2318 2941 apostolicum
2350 2869 2724 2937 prmceptum,
2767 2864 2923 2936 quod
2970 2864 3095 2919 sine
3148 2863 3585 2920 intermissione

1936 2954 2222 3010 orandum
2253 2955 2421 3009 docet
2451 2954 2496 3025 (I
2529 2953 2702 3008 Thess.
2736 2970 2791 3019 v,
2828 2952 2935 3022 t7),
2969 2968 3003 3007 a
3051 2952 3242 3025 seipso
3292 2952 3581 3025 importu-

1934 3044 2072 3100 nius
2103 3043 2391 3116 exigebat.
2424 3042 2642 3114 Jejunii
2675 3058 2808 3098 vero
2840 3042 3269 3097 observantiam
3312 3059 3429 3097 non
3459 3046 3584 3098 tam

1935 3134 2209 3204 frequens
2239 3148 2414 3204 quam
2443 3130 2757 3185 continuus
2776 3130 3308 3198 exercebat,doctus
3329 3130 3587 3188 auctori-

1933 3225 2052 3277 tate
2083 3221 2405 3285 Dominica,
2430 3219 2541 3275 hoc
2572 3218 2791 3291 duplici
2823 3219 3123 3292 pugnandi
3153 3235 3361 3292 genere
3393 3221 3590 3277 nefan-

1937 3310 2250 3365 dissimum
2286 3309 2429 3365 illud
2461 3308 2885 3363 dmmoniorum
2934 3325 3120 3381 genus
3167 3326 3338 3382 posse
3375 3309 3587 3382 depelli

1938 3398 2140 3469 (Matth.
2164 3416 2299 3464 xvn,
2323 3397 2436 3467 20).
2464 3397 2814 3468 Hujusmodi
2846 3402 3207 3452 armaturam
3223 3398 3351 3469 jam
3373 3401 3500 3453 tum
3524 3399 3585 3455 in

1934 3486 2139 3541 divina;
2171 3485 2388 3541 militia:
2421 3484 2639 3540 scholis
2669 3501 2856 3540 novus
2886 3484 3098 3540 Christi
3133 3484 3301 3541 miles
3344 3486 3587 3542 adsum-

1932 3576 2210 3645 pserat,et
2239 3572 2468 3627 cceleste
2498 3587 2684 3642 nuper
2714 3573 3012 3642 professus
3050 3571 3409 3640 tirocinium,
3452 3589 3583 3629 sese

1934 3663 2003 3717 ad
2039 3660 2414 3717 debellandas
2435 3659 2768 3736 spirituales
2785 3659 3074 3732 nequitias
3096 3660 3583 3733 circumspectius

1933 3749 2316 3822 praeparabat.

2310 3842 2622 3894 Damonem
2648 3839 2804 3908 signa
2832 3839 3011 3893 crucis
3038 3839 3210 3910 fugat.

2003 3926 2289 3981 3.Interea
2313 3925 2407 3981 his
2436 3928 2555 3980 tam
2590 3925 2806 3981 sanctis
2834 3930 3073 3999 tamque
3100 3926 3338 3998 optimis
3368 3928 3585 3986 studiis

1934 4032 2050 4070 non
2081 4016 2315 4070 defuere
2334 4013 2511 4070 livida
2530 4014 2716 4069 hostis
2738 4014 2933 4070 callidi
2962 4017 3584 4073 tentamenta.Futura3

1933 4102 2091 4158 enim
2124 4101 2181 4156 in
2205 4118 2271 4157 eo
2293 4102 2627 4158 sanctitatis
2658 4102 3357 4171 excellentiam,humanaa
3379 4104 3587 4162 salutis

1934 4192 2306 4247 adversarius
2328 4191 2456 4261 jam
2477 4191 2538 4245 in
2557 4190 2727 4246 annis
2749 4192 3073 4263 puerilibus
3104 4193 3589 4252 invidebat.Unde

1935 4281 2090 4335 sicut
2106 4280 2232 4351 ipso
2250 4281 2627 4354 postmodum
2651 4280 2937 4337 referente
2957 4287 3320 4354 compertum
3343 4288 3431 4339 est
3450 4301 3585 4341 cum

1934 4385 2038 4441 pro
2069 4369 2349 4424 discendo
2371 4352 2650 4424 Psalterio
2679 4369 2943 4425 scholam
2970 4352 3279 4442 expeteret,
3300 4372 3502 4428 crebro
3522 4389 3589 4429 se

1933 4456 2203 4512 diabolus
2234 4458 2363 4528 ejus
2395 4456 2735 4529 aspectibus
2767 4458 3335 4531 ingerebat,pavidos
3355 4476 3457 4532 per
3477 4474 3588 4516 na-

1935 4549 2130 4600 turam
2161 4545 2390 4600 animos
2418 4544 2641 4617 ingenti
2675 4545 2972 4600 minarum
3002 4550 3060 4601 et
3090 4545 3424 4603 formidinis
3464 4552 3589 4607 arte

1933 4633 2293 4689 concutiens.
2324 4633 2541 4688 Verum
2574 4647 2720 4706 puer
2750 4632 2926 4688 divini
2978 4634 3219 4707 ingenii,
3255 4636 3587 4693 daemonicae

1936 4722 2160 4777 fraudis
2190 4726 2248 4776 et
2277 4722 2543 4776 versutia:
2576 4739 2690 4777 non
2725 4722 3270 4797 ignarus,salutaris
3302 4723 3455 4798 signi
3478 4725 3592 4799 cly-

164 4823 482 4897 semetipso
516 4801 860 4896 praetulerit,
893 4801 1166 4895 explicari
1200 4801 1317 4880 non
1350 4801 1827 4894 potest.Denique
1859 4801 1904 4865 D
1933 4827 2041 4882 P00
2099 4827 2214 4866 ηοη
2274 4810 2474 4866 minus
2529 4810 2779 4867 frontem
2820 4827 2998 4883 quam
3049 4816 3251 4884 Ρθοῒυε
3300 4815 3587 4883 armabat,

164 4926 357 4968 amore
384 4910 650 4968 ccelestis
681 4912 884 4984 patriae
916 4912 1181 4984 impense
1212 4910 1738 4985 ﬂagrans,quiquid
1763 4911 1824 4966 in

165 4998 373 5073 divinis
403 4999 767 5057 lectionibus
788 4999 1089 5057 intellectu
1111 5017 1316 5072 capere
1346 5003 1731 5073 poterat,mox
1751 5000 1823 5056 ad

164 5086 433 5145 effectum
466 5089 660 5145 sancti
701 5088 892 5162 operis
942 5089 1371 5146 instantissime
1417 5089 1819 5145 transferebat.

164 5175 363 5249 Itaque
385 5179 690 5235 indefesso
712 5179 907 5234 studio
930 5179 1255 5250 purissima
1266 5178 1700 5251 Scripturarum
1720 5178 1823 5234 flu-

165 5269 293 5322 enta
323 5268 736 5340 frequentans,
769 5267 1063 5323 interioris
1094 5268 1352 5324 hominis
1391 5268 1618 5335 faciem,
1653 5268 1819 5340 quasi

165 5353 427 5412 adhibito
460 5356 721 5428 quodam
754 5354 1235 5429 splendidissimo
1258 5355 1494 5429 speculo
1519 5373 1824 5429 compone-

1935 4899 2237 4970 Deumque
2265 4899 2376 4953 sibi
2408 4900 2738 4970 adjutorem
2770 4900 3045 4957 invocans
3084 4908 3435 4976 argumenta
3478 4903 3589 4962 ini-

1936 4987 2073 5044 mici
2104 4987 2319 5043 callida
2346 4988 2593 5044 viriliter
2622 4988 2975 5061 proterebat.

2434 5075 2595 5133 Matri
2622 5079 2803 5133 visum
2832 5080 3087 5135 restituit.

2005 5167 2058 5220 4.
2091 5166 2342 5237 Jamque
2374 5169 2609 5238 tempus
2656 5168 2879 5236 aderat,
2926 5172 2991 5223 ut
3040 5168 3281 5228 lucerna
3320 5190 3445 5246 quze
3476 5177 3587 5232 sub

1934 5256 2114 5310 modii
2166 5254 2428 5310 latibulis
2478 5259 2723 5312 eatenus
2769 5257 2959 5313 fuerat
3007 5260 3316 5333 occultata,
3350 5264 3587 5321 siderea:

1932 5344 2220 5399 claritatis
2247 5346 2304 5399 in
2328 5345 2738 5418 populojubar
2759 5346 3386 5424 infunderet.Namque
3407 5357 3472 5408 ut
3491 5371 3588 5410 cu-

167 5439 287 5512 bat;
312 5443 635 5515 scelusque
652 5446 963 5517 reputabat
978 5445 1405 5517 permaximum
1420 5496 1423 5499 η
1436 5448 1485 5500 si
1507 5444 1591 5499 ve]
1614 5461 1821 5518 pamm
1924 5433 2028 5503 jus
2039 5438 2195 5488 esset
2210 5435 2363 5505 apud
2380 5435 2561 5489 Deum
2579 5435 2768 5490 meriti
2785 5434 2955 5509 longe
2970 5436 3203 5510 lateque
3217 5438 3580 5509 claresceret,

166 5533 448 5601 quiddam
498 5533 739 5605 legeret,
775 5535 931 5605 quod
972 5551 1087 5590 non
1135 5551 1166 5590 e
1214 5535 1456 5607 vestigio
1506 5535 1822 5590 efficaciter

230 5655 302 5728 (2)
334 5658 570 5728 Nempe
600 5657 933 5728 Ragncsilo,
960 5657 1819 5727 Leuconio,Bertoaldo,Wam-

166 5725 307 5785 miro
339 5734 397 5786 et
424 5725 674 5791 Abbonc
689 5725 927 5796 Felice,
966 5730 1068 5804 qui
1105 5725 1638 5807 cum’Leudegisilo
1667 5732 1817 5788 anti-

1931 5520 2043 5575 sibi
2065 5521 2338 5594 placitam
2360 5523 2567 5595 puerili
2593 5524 2936 5581 innocentia:
2959 5527 3296 5599 puritatem,
3329 5546 3584 5601 superna

1931 5646 2067 5701 stite
2098 5645 2370 5703 Remensi
2420 5632 2705 5704 nonnulla
2755 5654 3150 5706 commutasse
3174 5651 3388 5722 legitur
3418 5653 3573 5723 apud

1930 5733 2327 5798 Frodoardum
2358 5734 2461 5795 lib.
2493 5752 2557 5803 ιι,
2593 5752 2720 5815 cap.
2752 5753 2828 5792 vx.
