3912 6368
328 390 449 458 603

1441 392 1773 457 ADSONIS
1817 390 2255 453 DERVENSIS
2300 391 2630 455 ABBATIS

3626 391 3743 457 604

327 528 630 603 dispositio
647 524 1990 599 dignataestmiraculodeclarare.Contigitita-
2017 526 2071 592 Α
2102 541 2270 581 suam
2303 529 2366 581 ut
2411 524 2605 581 illatas
2655 524 2901 597 injurias
2959 527 3243 600 patientia
3289 527 3566 596 vinceret,
3599 526 3740 585 illud

325 637 439 691 que
466 620 713 672 matrem
736 615 1196 685 ejus,oculorum
1222 613 1985 687 sutfragiodcstitutam,lu-
2092 613 2433 668 Davidicum
2489 615 2857 686 frequentius
2921 617 3209 689 replicans
3260 635 3274 673 :

325 705 503 759 minis
516 701 891 773 dispendium
908 701 1226 757 incurrisse
1245 721 1258 770 ;
1279 720 1532 774 cumque
1558 702 1791 775 longam
1811 701 1867 755 in
1883 718 1983 756 cae-

321 793 556 849 citatem
580 793 809 845 noctem
834 790 1280 857 trahons,vitam
1306 807 1551 846 mmrore
1586 794 1977 859 consumeret,

319 882 412 937 die
460 880 713 952 quadam
778 878 966 933 filium
1037 879 1188 935 inter
1247 880 1553 952 amplexus
1616 879 1977 948 demulcens,

318 971 584 1025 obsecrat
622 971 687 1023 ut
733 983 910 1022 manu
962 986 1069 1024 sua
1118 970 1310 1025 crucis
1364 969 1599 1043 signum
1636 986 1813 1041 super
1841 985 1978 1024 ocu-

316 1058 404 1114 los
462 1058 589 1129 ejus
657 1056 1023 1128 exprimeret.
1096 1059 1257 1123 Quod
1316 1076 1450 1114 cum
1523 1058 1620 1114 ille
1677 1058 1975 1125 abnueret,

317 1151 503 1203 mater
527 1163 659 1201 vero
703 1145 1103 1218 importunius
1154 1151 1513 1220 perurgeret,
1567 1148 1802 1203 tandem
1862 1164 1980 1202 ma-

312 1240 479 1292 terna
508 1239 812 1306 permotus
871 1235 1178 1302 instantia,
1237 1236 1501 1292 invocato
1553 1237 1820 1303 Domino,
1874 1255 1971 1292 sa-

310 1323 613 1379 lutiferum
646 1320 881 1393 signum
917 1339 1093 1393 super
1141 1321 1341 1378 oculos
1391 1324 1694 1395 genitricis
1735 1341 1975 1396 expres-

311 1411 407 1469 sit.
443 1410 601 1466 Illico
629 1410 971 1464 cedentibus
1007 1410 1263 1466 tenebris
1294 1410 1393 1466 lux
1424 1411 1613 1466 amica
1641 1411 1969 1480 revertitur,

311 1506 369 1557 et
398 1498 623 1572 parvuli
641 1498 847 1553 merito
862 1498 1263 1571 filiimagnum
1293 1502 1463 1555 matri
1491 1501 1843 1555 beneficium
1877 1517 1974 1556 cu-

311 1588 715 1646 mulatur.Hoc
735 1588 1040 1643 confestim
1060 1589 1410 1644 miraculum
1432 1606 1534 1661 per
1550 1594 1760 1645 cuneta
1774 1589 1971 1663 vulga-

309 1676 767 1745 tum,universos
815 1676 1052 1748 quidem
1117 1681 1353 1749 stupore
1401 1678 1967 1750 perculit,quosdam

307 1783 440 1822 vero
467 1766 643 1821 etiam
676 1766 744 1820 ad
780 1770 993 1819 sancta:
1040 1766 1167 1819 vitae
1222 1766 1611 1823 imitationem
1660 1769 1966 1825 ardentius

309 1854 589 1911 incitavit.

565 1944 807 1999 Clericus
840 1945 1145 1999 Lurovium
1174 1951 1289 2000 tum
1318 1947 1522 2003 celebre
1545 1950 1698 2019 petit.

375 2036 429 2088 5.
463 2033 606 2087 Exin
638 2032 1100 2104 prmnominatus
1130 2034 1410 2105 pontifex,
1434 2037 1727 2108 egregiam
1759 2038 1817 2091 in
1837 2039 1968 2095 ado-

304 2123 561 2179 lescente
592 2121 774 2176 animi
801 2120 1117 2193 puritatem
1141 2126 1197 2177 et
1218 2123 1555 2194 prmcelsam
1588 2125 1819 2182 virtutis
1841 2127 1965 2182 effl-

306 2212 530 2267 caciam
562 2208 1237 2281 contemplatus,divinis
1260 2227 1396 2267 eum
1419 2213 1765 2270 ministeriis
1787 2216 1967 2287 impo-

307 2298 419 2355 sito
441 2297 751 2353 clericatus
774 2296 963 2352 ofﬁcio
986 2298 1629 2369 mancipavit.Posthaec
1661 2302 1965 2360 charitatis

306 2386 699 2444 sollicitudine
744 2390 801 2442 et
848 2386 1027 2441 divini
1080 2386 1225 2442 lucri
1276 2388 1470 2443 studio
1520 2391 1836 2460 animatus,
1889 2394 1962 2448 ad

307 2475 629 2532 Luxovium
651 2474 979 2531 ccenobium
1002 2475 1327 2547 spiritualis
1351 2478 1645 2549 profectus
1667 2480 1854 2553 gratia
1875 2481 1964 2537 di-

305 2565 492 2637 rigere
521 2563 799 2632 instituit,
816 2567 882 2619 ut
904 2562 1312 2636 religiosorum
1343 2565 1671 2624 imitatione
1694 2568 1960 2637 allectus,

308 2658 367 2709 et
393 2652 518 2725 ipse
550 2652 609 2707 in
639 2650 957 2707 virtutibus
989 2657 1290 2721 cresceret,
1326 2659 1384 2709 et
1413 2654 1636 2727 regioni
1664 2674 1783 2713 suae
1809 2663 1965 2731 post-

304 2742 548 2798 modum
582 2740 911 2798 sanctitatis
943 2756 1008 2795 ac
1038 2741 1411 2812 perfecfionis
1442 2743 1707 2817 exempla
1743 2746 1962 2803 dulcis-

304 2831 456 2887 sima
477 2829 1077 2902 reportaret.Przeerat
1099 2834 1241 2887 tunc
1262 2831 1314 2887 ei
1337 2833 1599 2889 cmnobio
1624 2835 1961 2893 Walbertus

309 2921 513 2988 abbas,
543 2920 630 2975 vir
660 2924 718 2976 et
748 2918 1029 2993 religione
1059 2920 1310 2994 inclytus
1359 2926 1418 2977 et
1461 2924 1790 2980 sanctitatis
1831 2925 1964 2998 opi-

305 3011 482 3066 nione
512 3009 795 3065 famosus.
846 3011 969 3075 Quo
1013 3026 1148 3065 cum
1197 3028 1266 3066 ex
1323 3016 1610 3083 praecepto
1668 3014 1961 3086 pontificis

305 3097 691 3171 pervenisset,
714 3115 749 3153 a
780 3097 1000 3154 sanctis
1032 3097 1190 3153 illius
1223 3098 1331 3156 loci
1367 3100 1637 3157 Patribus
1667 3105 1835 3175 grata
1872 3119 1964 3158 ex-

302 3185 618 3243 sultatione
649 3185 971 3257 suscipitur
991 3190 1167 3259 atque
1186 3186 1245 3242 in
1272 3190 1743 3262 congregationie
1765 3194 1963 3246 contu-

302 3272 571 3329 bernium
604 3273 1125 3345 deputatur.Cujus
1153 3274 1336 3329 animi
1358 3260 1576 3332 candor
1595 3280 1653 3332 et
1683 3275 1961 3349 praeclara
1987 3260 2032 3330 (ἶ

302 3361 652 3434 simplicitas
664 3361 824 3416 brevi
841 3362 1068 3418 cunctis
1086 3363 1731 3421 innotuit.Mirabantur
1751 3381 1953 3421 omnes

301 3452 361 3506 in
387 3452 604 3523 juvene
636 3450 1358 3522 humilitatemeximiam,
1391 3453 1809 3509 abstinentiam
1859 3454 1953 3509 in-

302 3539 784 3611 comparabilem,
844 3539 1189 3611 patientiam
1245 3540 1625 3614 singularem,
1682 3543 1955 3614 quodque

298 3628 636 3684 ccelestibus
663 3644 895 3701 semper
921 3628 1187 3685 intentus
1218 3631 1527 3687 desideriis
1565 3631 1745 3686 vitam
1777 3647 1954 3703 ange-

298 3717 473 3773 licam
505 3717 658 3772 inter
687 3717 957 3773 homines
998 3720 1347 3790 proferebat.
1398 3720 1534 3775 Erat
1578 3735 1644 3775 eo
1692 3724 1954 3793 tempore

300 3805 789 3878 prmnominatum
821 3807 1180 3863 Luxoviense
1210 3806 1560 3874 cmnobium,
1603 3808 1663 3861 in
1716 3807 1955 3866 Gallicis

298 3894 636 3968 regionibus
666 3911 813 3967 pene
846 3895 1144 3969 singulare
1177 3900 1297 3951 tam
1348 3896 1407 3949 in
1457 3894 1757 3968 religionis
1789 3897 1954 3969 apice

299 4000 478 4055 quam
511 3982 688 4039 etiam
722 3984 780 4039 in
815 3984 1164 4055 perfectione
1194 3982 1489 4039 doctrinae.
1527 3985 1652 4049 Qua
1680 4002 1747 4040 ex
1775 4003 1956 4042 causa

299 4071 560 4144 plurimi,
622 4071 838 4143 quibus
886 4072 944 4127 in
1004 4071 1289 4128 utramvis
1340 4075 1565 4142 partem
1614 4074 1953 4143 proficiendi

298 4161 488 4217 fervor
518 4161 803 4231 inerat,ad
828 4164 1101 4218 eumdem
1128 4162 1323 4217 locum
1347 4163 1707 4219 certantibus
1741 4166 1955 4222 studiis

302 4250 564 4322 undique
597 4252 993 4307 conﬂuebant.

416 4339 753 4411 Simplicitas
781 4342 897 4413 ejus
925 4348 1169 4411 suspecta
1196 4345 1432 4394 wntatur
1460 4356 1493 4393 a
1529 4340 1843 4399 Teudoleno.

366 4427 422 4481 6.
456 4429 578 4493 Quo
610 4444 746 4501 ergo
780 4433 1037 4501 tempore
1064 4428 1125 4482 B.
1163 4426 1553 4483 Frodobertus
1584 4429 1727 4484 inibi
1763 4449 1953 4487 mora-

296 4516 490 4583 batur,
520 4515 608 4569 vir
648 4517 1009 4588 apostolicus
1040 4513 1387 4571 Bertoaldus
1421 4515 1749 4589 Lingonicze
1792 4522 1955 4578 urbis

296 4601 629 4696 episcopus,
663 4606 978 4696 quemdam
1011 4620 1078 4696 es
1108 4602 1369 4696 cmnobio
1391 4604 1457 4696 AS.
1492 4606 1754 4696 ASequani
1779 4610 1950 4665 abba-
1980 4628 2030 4696 D

293 4696 436 4759 tem,
468 4692 868 4749 Teudolenum
901 4692 1157 4758 nomine,
1192 4692 1539 4749 eruditionis
1578 4698 1767 4768 gratia
1813 4697 1952 4755 illuc

295 4779 589 4836 destinare
618 4780 862 4835 curavit.
897 4780 979 4834 Ad
1012 4780 1183 4850 cujus
1214 4778 1599 4837 diversorium
1638 4784 1699 4838 Β.
1738 4786 1949 4841 Frodo-

294 4868 497 4923 bertus
521 4868 883 4939 frequentius
916 4868 1324 4934 accedebat,ut
1352 4870 1568 4926 assolet
1589 4876 1726 4927 tetas
1750 4875 1954 4945 juven-

294 4956 427 5011 cula
455 4971 776 5011 coaevorum
808 4955 921 5010 sibi
954 4955 1384 5013 familiaritates
1419 4960 1723 5016 ardentius
1768 4963 1953 5036 appli-

292 5060 445 5099 care.
475 5043 575 5098 Ille
607 5047 802 5098 autem
834 5048 998 5099 tanta
1045 5042 1104 5098 in
1155 5044 1277 5100 viro
1330 5046 1430 5103 Dei
1480 5049 1665 5104 animi
1698 5052 1953 5121 puritate

293 5134 611 5203 comperta,
644 5129 877 5186 curiosa
908 5131 1138 5188 levitate
1170 5133 1485 5206 impulsus,
1518 5138 1723 5194 sedulo
1764 5140 1955 5213 explo-

293 5236 422 5275 rare
451 5216 625 5288 ccepit
653 5221 850 5275 utrum
883 5238 951 5277 ea
981 5220 1330 5294 simplicitas
1378 5241 1445 5280 ex
1498 5226 1655 5283 fonte
1687 5235 1954 5287 manaret

292 5305 515 5362 intimas
546 5305 842 5376 puritatis,
876 5327 971 5377 an,
1006 5310 1160 5366 sicut
1192 5312 1489 5369 nonnullis
1522 5315 1806 5374 familiare
1837 5326 1947 5388 est,

294 5393 601 5449 subdolam
637 5402 891 5452 mentem
916 5398 1195 5453 simulata
1215 5399 1547 5458 innocentia
1572 5404 1949 5475 palliaret.0b

294 5482 445 5537 hanc
477 5498 597 5536 rem
631 5486 751 5540 tam
783 5487 856 5540 ab
890 5488 1014 5559 ipso
1042 5505 1219 5559 quam
1255 5506 1288 5544 a
1317 5490 1675 5561 quibusdam
1707 5494 1815 5551 loci
1843 5497 1951 5553 fra-

292 5568 483 5625 tribus
512 5568 786 5628 ludibriis
818 5576 1019 5630 crebro
1050 5576 1407 5649 fatigabatur
1438 5579 1671 5651 ineptis,
1704 5600 1837 5639 cum
1869 5588 1951 5641 ta-

294 5674 428 5712 men
460 5656 556 5712 ille
589 5660 731 5716 nulli
766 5665 1206 5731 contradiceret,
1234 5667 1525 5723 neminem
1560 5668 1812 5742 laederet,
1844 5676 1947 5731 scd

294 5762 399 5804 nec
429 5745 604 5806 laesus
634 5750 819 5811 vicem
846 5753 1197 5813 referret.lta
1223 5754 1379 5812 enim
1400 5756 1580 5815 vitam
1614 5759 1947 5822 instituerat

3328 619 3390 675 Ut
3434 619 3743 691 jumentum

2088 702 2265 771 factus
2292 718 2417 757 sum
2454 703 2600 775 apud
2629 712 2678 759 te
2708 706 2874 773 (Psal.
2912 724 3081 774 Lxxu,
3114 705 3226 777 23).
3262 707 3465 778 Itaque
3516 706 3741 778 simpli-

2089 789 2325 845 citatem
2358 791 2678 847 infucatam
2711 794 3020 850 mundana:
3043 810 3275 866 semper
3298 795 3526 850 astutia:
3550 795 3744 866 praefe-

2090 878 2273 947 rebat,
2324 878 2545 952 eligens
2592 880 2864 937 ludibriis
2919 882 3137 939 stultus
3196 883 3347 940 effici
3405 882 3638 951 smculo,
3673 886 3738 939 ut

2089 972 2286 1038 posset
2316 969 2551 1040 sapiens
2582 986 2709 1025 esse
2742 970 2801 1026 in
2833 971 2969 1027 Deo.

2192 1086 2484 1140 Eximium
2511 1087 2778 1158 simplicis
2808 1072 3129 1145 obedientiw
3156 1090 3468 1155 exemplum
3499 1089 3627 1145 edit.

2155 1202 2209 1253 7.
2244 1199 2370 1255 Una
2395 1200 2573 1273 igitur
2601 1202 2825 1257 dierum
2859 1219 2993 1257 cum
3026 1220 3088 1258 se
3140 1205 3210 1259 ad
3264 1204 3485 1276 praefati
3519 1205 3719 1260 Teudo

2084 1286 2197 1343 leni
2230 1289 2551 1361 hospitium
2585 1291 2949 1359 contulisset,
2983 1291 3081 1348 ille
3103 1292 3341 1347 ludibrii
3368 1292 3545 1348 simul
3568 1297 3627 1349 et
3647 1310 3737 1349 ex-

2083 1377 2390 1448 perimenti
2413 1380 2600 1452 gratia
2616 1380 2838 1452 rogavit
2854 1396 3012 1448 eum,
3028 1385 3096 1436 ut
3114 1382 3184 1436 ad
3203 1382 3515 1453 cujusdam
3538 1381 3737 1437 fratris

2079 1464 2139 1519 in
2172 1467 2524 1523 monasterio
2544 1467 2816 1523 cellulam
2840 1486 3108 1542 pergens,
3132 1470 3420 1525 circinum
3441 1471 3514 1525 ad
3538 1485 3600 1525 se
3624 1470 3729 1526 de-

2079 1560 2353 1625 portaret,
2374 1572 2643 1613 asserens
2665 1574 2837 1612 usum
2862 1558 3024 1614 illius
3046 1558 3157 1614 sibi
3179 1574 3308 1614 esse
3328 1558 3731 1616 necessarium

2074 1642 2134 1697 in
2167 1644 2492 1702 scribendo.
2519 1644 2620 1701 Ille
2642 1646 2796 1702 dicto
2818 1646 2991 1702 citius
3023 1663 3295 1720 gressum
3329 1648 3732 1720 rapuit,atque

2075 1733 2146 1788 ad
2181 1733 2553 1806 designatum
2586 1735 2825 1791 fratrem
2858 1737 3061 1807 rapido
3094 1752 3271 1791 cursu
3303 1735 3605 1807 pervenit;
3631 1735 3736 1808 qui

2070 1826 2129 1877 et
2158 1822 2557 1895 simplicitatis
2588 1824 2716 1895 ejus
2747 1824 3039 1892 conscius,
3071 1830 3129 1880 et
3157 1823 3399 1880 ludibrii
3445 1825 3519 1880 ob
3568 1824 3732 1897 quod

1992 1897 2041 1962 Β
2072 1911 2330 1967 directus
2380 1914 2571 1968 fuerat
2601 1929 2717 1968 non
2757 1912 3023 1986 ignarus,
3056 1913 3319 1969 medium
3369 1912 3535 1969 molae
3585 1913 3736 1970 collo

2076 2000 2205 2071 ejus
2237 2001 2536 2073 imposuit,
2571 2005 2752 2073 utque
2783 2000 2841 2056 id
2873 2002 2945 2056 ad
2978 2001 3367 2057 diversorium
3406 2001 3730 2059 Teudoleni

2077 2105 2255 2161 quam
2287 2090 2573 2145 citissime
2605 2090 2781 2145 ferret
2810 2089 3084 2145 obnixius
3116 2090 3619 2162 imperavit.Nihil
3641 2090 3741 2148 ille

2075 2182 2407 2245 cunctatus,
2458 2183 2766 2250 exceptum
2816 2195 2965 2233 onus
3022 2179 3245 2251 ferebat
3304 2180 3735 2253 aequanimiter,

2073 2284 2413 2340 quanquam
2446 2268 2527 2322 ita
2575 2265 2786 2338 lapidis
2838 2268 3094 2339 pondere
3142 2273 3507 2341 gravaretur,
3543 2273 3612 2324 ut
3640 2268 3734 2326 vix

2074 2355 2314 2411 alternis
2347 2355 2621 2427 passibus
2654 2359 3027 2426 promoveret
3072 2356 3392 2413 incessum.
3425 2357 3586 2413 Inter
3612 2357 3736 2414 hinc

2072 2443 2622 2500 reverendissimum
2673 2444 2863 2499 virum
2914 2444 3280 2501 Walbortum
3315 2445 3591 2502 abbatem
3624 2447 3735 2503 ob-

2070 2532 2231 2589 vium
2254 2531 2477 2600 habuit,
2501 2531 2925 2605 cuihocipsum
2939 2534 3286 2590 anonnullis
3300 2534 3586 2592 fratribus
3600 2536 3733 2607 jam

2073 2621 2263 2677 fuerat
2292 2620 2655 2676 nuntiatum.
2689 2624 2941 2678 Cernens
2973 2621 3154 2695 igitur
3173 2623 3523 2680 venerabilis
3543 2624 3734 2682 abbas

2071 2725 2236 2767 ovem
2257 2709 2471 2767 Christi
2493 2710 3038 2767 mansuetissimam
3060 2711 3284 2783 injusto
3306 2713 3463 2769 fasce
3473 2713 3732 2786 gravari,

2070 2798 2250 2856 altius
2281 2798 2589 2871 ingemuit,
2618 2803 2676 2855 et
2706 2799 2884 2872 hujus
2916 2799 3239 2869 afﬂictioni,
3267 2805 3325 2857 et
3342 2801 3577 2859 illorum
3596 2819 3739 2861 con-

2070 2887 2274 2944 dolens
2322 2887 2559 2943 levitati.
2608 2888 2858 2961 Moxque
2898 2889 3303 2947 vehementius
3355 2891 3733 2964 increpatum

2069 2975 2414 3049 impositum
2444 2992 2595 3033 onus
2624 2976 2888 3033 humeris
2908 2978 3158 3051 dejicere
3178 2979 3736 3053 imperat,causam-

2069 3082 2183 3138 que
2206 3063 2491 3138 perquirit
2512 3064 2853 3138 diligentius
2877 3083 2995 3139 qua
3016 3085 3079 3123 se
3100 3072 3402 3140 tantopere
3427 3068 3736 3142 fatigaret.

2067 3156 2141 3210 At
2170 3153 2257 3209 vir
2287 3170 2533 3209 summa:
2565 3154 2933 3224 innocentius,
2959 3156 3253 3215 scribendi
3275 3157 3484 3213 usibus
3517 3157 3738 3214 asserit

2070 3256 2197 3298 esse
2228 3241 2625 3298 necessarium
2676 3260 2851 3316 quem
2901 3245 3121 3301 ferebat
3166 3244 3474 3313 circinum,
3522 3244 3737 3303 dicens

2066 3331 2223 3403 quod
2250 3348 2319 3386 ex
2348 3336 2637 3404 praecepto
2668 3332 2988 3388 Teudoleni
3030 3334 3102 3388 ad
3151 3332 3462 3403 cujusdam
3523 3333 3740 3393 fratris

2063 3418 2335 3476 cellulam
2384 3421 2737 3493 deportaret.
2780 3423 2923 3477 Cum
2973 3421 3129 3477 enim
3178 3424 3332 3476 esset
3378 3420 3732 3481 omnimodo

2062 3508 2305 3566 (astutia;
2337 3526 2563 3582 expers,
2588 3509 2728 3581 quid
2762 3512 2917 3564 esset
2946 3508 3202 3564 circinus
3223 3508 3459 3581 penitus
3486 3509 3727 3591 ignora-

2063 3597 2184 3666 bat,
2218 3597 2327 3653 hoc
2359 3603 2589 3653 tantum
2620 3614 2748 3653 esse
2776 3597 3141 3666 existimans,
3177 3598 3333 3670 quod
3364 3597 3725 3670 impositum

2064 3686 2210 3743 collo
2243 3687 2480 3743 ferebat.
2516 3686 2781 3742 Tandem
2831 3687 3013 3743 abbas
3065 3686 3559 3761 simplicissinum
3612 3689 3728 3745 viri

2063 3776 2329 3832 animum
2362 3775 2758 3848 conspicatus,
2779 3774 3014 3848 pietatis
3035 3775 3253 3832 intuitu
3275 3775 3533 3848 erumpit
3553 3777 3617 3833 in
3640 3776 3727 3834 la-

2063 3882 2314 3938 crymas,
2350 3864 2673 3936 accitisque
2701 3864 2785 3920 eis
2836 3864 2937 3935 qui
2989 3869 3263 3921 sanctum
3313 3865 3505 3921 virum
3555 3868 3728 3922 tanta

2063 3953 2408 4009 crudelitate
2448 3953 2695 4026 fatigare
2744 3958 3265 4026 praesumpserant,
3300 3954 3493 4010 acrius
3547 3953 3725 4011 solito

2064 4041 2350 4114 increpat,
2376 4058 2442 4097 ac
2465 4059 2567 4114 pro
2582 4040 2717 4097 facti
2732 4041 3062 4098 temeritate
3079 4042 3285 4097 debitae
3305 4040 3725 4099 satisfactionis

2064 4130 2492 4203 pcenitudinem
2532 4130 2758 4185 indicit.
2794 4130 3014 4202 Hisque
3063 4132 3148 4186 ita
3192 4130 3498 4203 correptis,
3529 4131 3727 4187 caeteri

2064 4219 2338 4289 deinceps
2368 4218 2565 4274 fratris
2594 4218 2829 4290 injuriis
2857 4223 3283 4290 temperarunt.
3319 4219 3362 4275 Ο
3395 4218 3587 4274 virum
3622 4237 3726 4275 an-

2063 4306 2259 4379 gelicae
2282 4306 2555 4377 puritatis
2578 4305 2945 4379 participem,
2961 4311 3019 4362 et
3036 4307 3353 4364 Salvatoris
3379 4307 3565 4363 nostri
3591 4307 3725 4364 imi-

2066 4396 2285 4451 tatione
2311 4393 2561 4462 felicem,
2594 4395 2693 4466 qui
2726 4394 2879 4450 sicut
2908 4396 3031 4450 ovis
3064 4397 3136 4451 ad
3168 4396 3469 4452 victimam
3501 4396 3720 4453 ductus

2063 4489 2172 4551 est,
2205 4488 2261 4539 et
2292 4500 2426 4539 cum
2460 4482 2613 4538 male
2640 4488 3009 4551 tractaretur,
3029 4502 3144 4539 nos
3169 4485 3397 4556 aperuit
3418 4502 3485 4541 os
3505 4485 3717 4541 suum!

2066 4573 2337 4628 Fidenter
2384 4571 2652 4640 dixerim,
2704 4571 2969 4643 inquam,
3012 4573 3317 4645 praeceptis
3368 4573 3722 4646 evangelicis

2061 4659 2437 4733 singulariter
2463 4677 2696 4732 parens,
2731 4660 3152 4732 percutientem
3186 4678 3247 4717 se
3279 4678 3395 4717 non
3446 4677 3721 4733 repercu-

2062 4753 2228 4816 teret,
2263 4752 2437 4820 atque
2468 4748 2871 4820 mille'passus
2894 4766 2925 4803 a
2948 4749 3210 4821 quolibet
3230 4749 3719 4823 angariatus,duo

2062 4836 2248 4893 millia
2297 4836 2451 4893 ultro
2502 4842 2841 4909 properaret
2872 4838 3081 4907 (Matth.
3112 4856 3168 4907 ν,
3204 4841 3316 4907 Iit).
3350 4838 3541 4911 thue
3593 4855 3721 4895 am-

2049 4926 2218 5000 plius
2248 4926 2516 4995 inferam,
2542 4926 2591 4982 si
2623 4927 2756 4999 quis
2777 4943 2912 4983 eum
2936 4929 3008 4983 ad
3033 4927 3391 5000 supplicium
3415 4928 3720 5000 protrahe-

2063 5019 2169 5083 ret,
2203 5014 2494 5088 pmnalem
2525 5013 2577 5070 ei
2609 5031 2845 5072 crucem
2878 5015 3496 5089 imposuisset,sponte
3526 5016 3721 5073 susci-

2062 5107 2243 5177 peret,
2274 5102 2718 5175 mansuetisque
2767 5104 2958 5160 ferens
3007 5103 3067 5159 in
3098 5104 3384 5174 humeris,
3419 5104 3722 5162 Christum

2062 5191 2379 5249 Dominum
2410 5196 2776 5264 sequeretur.

2068 5311 2252 5384 Trecas
2284 5324 2529 5384 reversus
2558 5308 2625 5384 _a_b
2655 5310 2900 5380 episcOpo
2927 5311 3210 5384 retinetur.
3232 5310 3725 5384 Quadrugcsimale

2142 5382 2424 5453 jejunium
2452 5379 2632 5450 rigide
2662 5379 2937 5449 exercens,
2971 5382 3038 5435 ab
3068 5379 3313 5454 episcopo
3338 5379 3627 5454 probatur.

2130 5500 2183 5551 8.
2215 5496 2397 5552 Annis
2430 5496 2684 5567 posthaec
2715 5496 2986 5569 pluribus
3018 5498 3368 5569 interjectis,
3401 5498 3475 5553 ad
3507 5497 3714 5554 urbem

2060 5585 2432 5642 Trecassium
2446 5602 2548 5656 pro
2562 5585 2819 5658 episcopi
2832 5586 2923 5641 sui
2936 5586 3226 5643 desiderio
3239 5591 3297 5643 et
3318 5589 3629 5660 parentum
3644 5584 3723 5641 vl-

2059 5676 2480 5731 sitationecum
2494 5672 2851 5745 quibusdam
2872 5674 3156 5734 fratribus
3178 5674 3715 5747 remeavit.Aliquot

2058 5782 2199 5824 sane
2232 5764 2438 5822 diebus
2472 5762 2625 5835 apud
2658 5764 2968 5835 praefatum
3008 5781 3127 5824 suae
3176 5764 3339 5824 urbis
3387 5762 3711 5823 antistitem
