3912 6364
189 422 299 489 605

183 647 498 704 tulabat.At
517 647 779 719 pontifex
796 648 1011 704 saniori
1039 665 1183 703 usus
1205 647 1470 714 consilio,
1496 651 1725 702 tantum
1749 665 1816 702 ac

182 736 347 792 talem
376 736 561 791 virum
588 753 623 791 a
648 753 711 791 se
741 736 1035 791 dimittere
1068 753 1182 791 non
1216 736 1329 791 sihi
1364 736 1484 791 fore
1520 736 1814 807 integrum

181 824 774 891 arbitratus,violenta
785 824 941 879 hunc
955 825 1299 879 auctoritate
1324 824 1583 879 retinuit.
1601 825 1815 879 Sancto

179 913 347 986 igitur
374 913 841 986 Quadragesima:
875 918 1137 985 tempore
1169 914 1501 979 accedente,
1539 913 1595 966 in
1629 928 1814 967 secre-

175 1001 311 1057 tiore
339 1018 401 1058 se
431 1001 640 1058 cellula
661 1002 938 1068 condens,
954 1017 1088 1057 cum
1112 1001 1393 1057 orationis
1410 1006 1466 1056 et
1483 1000 1815 1073 vigiliarum

177 1089 466 1157 instantia,
515 1090 818 1147 acerrimis
869 1107 930 1145 se
980 1091 1155 1162 cmpit
1195 1090 1446 1161 jejuniis
1497 1096 1813 1144 coarctare.

176 1182 309 1238 Cum
324 1180 477 1235 enim
490 1196 723 1252 semper
741 1178 1187 1251 incomparabili
1211 1178 1577 1233 abstinentia}
1601 1178 1816 1233 virtute

179 1268 425 1342 polleret,
458 1268 554 1324 his
584 1273 781 1324 tamen
814 1268 1023 1324 diebus
1057 1268 1437 1323 austeriorem
1471 1266 1581 1322 sibi
1622 1268 1817 1321 carnis

178 1357 617 1414 macerationem
652 1355 911 1428 corporis
952 1356 1043 1411 sui
1094 1354 1279 1411 hostis
1327 1354 1637 1419 indixerat,
1673 1355 1815 1409 adeo

178 1450 242 1503 ut
268 1446 458 1518 plures
489 1445 915 1517 continuosque
946 1445 1071 1499 dies
1101 1444 1324 1515 absque
1356 1442 1535 1497 ullius
1565 1442 1675 1497 cibi
1710 1444 1815 1497 ad-

179 1534 444 1591 miniculo
456 1538 917 1590 consummaret.
934 1532 1197 1603 Denique
1210 1548 1501 1587 annorum
1524 1530 1815 1586 curriculo

178 1626 520 1691 recurrente,
534 1623 677 1679 dum
696 1637 757 1676 se
773 1620 1004 1676 duabus
1021 1618 1109 1675 vel
1128 1618 1317 1674 tribus
1340 1616 1815 1689 Quadragesimis

177 1710 506 1784 hujusmodi
535 1708 877 1765 crudelitate
900 1708 1228 1775 conficeret,
1253 1707 1374 1763 hmc
1396 1706 1522 1761 vitae
1547 1705 1703 1760 illius
1726 1705 1813 1760 in-

173 1800 389 1856 stitutio
418 1800 495 1855 ad
530 1797 796 1854 notitiam
826 1796 1085 1852 defertur
1114 1795 1428 1867 pontificis,
1453 1812 1559 1850 nec
1582 1794 1815 1849 defuere

171 1888 449 1955 malevoli,
487 1887 588 1960 qui
619 1886 991 1942 sanctitatem
1024 1886 1153 1956 ejus
1175 1884 1369 1940 invido
1391 1885 1562 1939 dente
1582 1899 1819 1954 carpen-

169 1981 271 2046 tes,
305 1977 569 2033 dicerent
597 1991 756 2044 eum,
789 1978 892 2030 aut
938 1973 1189 2030 latenter
1235 1974 1424 2037 edere,
1458 1976 1559 2027 aut
1605 1988 1819 2042 corpus

170 2083 335 2122 suum
366 2065 569 2121 inedia
595 2062 741 2120 velle
772 2062 1077 2135 perimere.
1110 2062 1377 2118 Proxima
1405 2061 1587 2133 igitur
1616 2059 1818 2115 inimi-

170 2160 332 2211 nente
355 2152 840 2226 Quadragesima,
858 2151 1118 2224 pontifex
1138 2150 1345 2206 talium
1366 2149 1817 2216 curiosus,intra

169 2244 451 2317 porticum
484 2240 740 2298 ecclesiae
771 2239 1039 2301 cellulam
1072 2239 1123 2295 ei
1146 2238 1477 2303 constituit,
1502 2238 1561 2293 in
1593 2254 1709 2309 qua
1732 2254 1819 2292 so-

170 2330 276 2388 litae
297 2330 628 2388 devotionis
649 2329 860 2396 ofﬁcio,
877 2327 1244 2384 abstinentia:
1266 2332 1530 2399 tempora
1550 2342 1819 2381 consum-

172 2425 367 2477 maret.
402 2418 635 2492 Smpius
665 2434 918 2490 namque
948 2416 1155 2472 cellam
1188 2432 1257 2472 ex
1287 2415 1601 2487 improviso
1643 2432 1815 2487 pene-

168 2510 353 2566 trabat
380 2508 719 2583 episcopus,
753 2506 967 2562 certius
1010 2505 1254 2578 cupiens
1301 2504 1548 2577 experiri
1598 2507 1817 2575 quanto

169 2598 402 2655 ferveret
430 2596 634 2654 studio
683 2594 1035 2663 sanctitatis,
1069 2599 1470 2667 quantamque
1518 2593 1577 2647 in
1606 2592 1818 2648 virtute

168 2686 534 2743 abstinentia
566 2700 821 2757 superna
842 2684 1029 2755 pietas
1054 2682 1138 2738 illi
1159 2684 1409 2756 gratiam
1432 2681 1816 2737 ministraret.

174 2775 413 2848 Moxque
463 2773 916 2831 criminatorum
965 2769 1196 2827 fallacia
1244 2770 1455 2843 patuit,
1498 2774 1555 2824 et
1601 2773 1816 2824 sancta;

172 2861 630 2921 conversationis
661 2862 789 2932 ejus
811 2860 1118 2916 sinceritas
1140 2858 1455 2932 episcopali
1478 2856 1817 2913 curiositate

170 2954 405 3025 probata
419 2949 685 3019 refulsit;
711 2950 984 3021 quodque
1007 2952 1179 3004 antea
1199 2946 1561 3004 simulationi
1584 2946 1818 3017 deputa-

170 3040 354 3112 batur,
387 3042 462 3097 ad
496 3038 707 3096 divinas
741 3038 933 3094 laudis
966 3036 1201 3093 transiit
1230 3037 1679 3092 incrementum.

170 3128 286 3187 Dleo
314 3146 472 3187 sacro
497 3128 713 3185 morbos
743 3134 917 3182 curat.
943 3126 1131 3182 Crucis
1160 3127 1316 3197 signo
1344 3128 1499 3196 fugat
1527 3124 1815 3180 dwnwnes.

232 3218 283 3273 9.
317 3219 401 3275 Ex
429 3234 501 3273 eo
533 3220 794 3288 tempore
833 3215 990 3269 fama
1037 3214 1419 3270 beatitudinis
1468 3214 1598 3284 ejus
1648 3212 1818 3284 longe

1389 424 1490 487 DE
1534 423 1720 487 VITA
1767 424 1832 487 S.
1879 424 2376 491 FRODOBERTI

186 560 585 623 commoratus,
616 552 900 614 redeundi
933 557 1087 613 unde
1109 562 1344 614 venerat
1366 557 1663 614 licentiam
1687 574 1813 630 pos-
1842 565 1897 631 Α

3456 422 3577 491 606

2226 561 2480 618 Clodovco
2492 565 2719 635 juvante
2748 564 3049 619 ctenobium
3076 563 3275 619 condit.

2000 650 2086 703 11.
2110 650 2369 721 Denique
2393 652 2663 706 humana:
2686 652 3141 708 conversationis
3163 653 3375 708 ardens
3395 651 3578 706 vitare

1927 737 2193 809 collegia,
2219 739 2469 794 sollicita
2490 756 2689 795 secum
2716 740 3079 812 frequentius
3101 744 3293 796 mente
3312 740 3578 795 volvebat

1928 842 2182 896 quonam
2215 827 2337 881 loco
2370 846 2488 882 sua)
2522 828 2865 899 professioni
2892 846 2957 883 ac
2982 830 3279 901 proposito
3302 832 3577 900 opportu-

1929 931 2069 968 num
2104 914 2500 970 habitaculum
2534 916 2860 972 collocaret.
2884 918 2951 971 Et
2971 933 3309 989 quanquam
3334 914 3574 988 plurimi

1928 1002 2212 1057 nobilium
2246 1004 2521 1075 regionis,
2545 1005 2838 1060 sanctitati
2860 1007 2909 1076 ej
2923 1024 2989 1061 us
3011 1005 3465 1061 familiarissime
3488 1022 3578 1060 co-

1927 1092 2235 1171 haererent,
2268 1094 2530 1165 ineptum
2566 1100 2761 1148 tamen
2795 1095 2959 1149 duxit
2986 1111 3019 1149 a
3044 1110 3338 1166 quoquam
3371 1109 3576 1148 eorum

1929 1184 2151 1251 partem
2184 1182 2306 1252 agri
2340 1181 2428 1235 vel
2462 1182 2661 1252 prredii
2696 1182 3012 1253 postulare,
3048 1200 3158 1237 non
3195 1181 3306 1236 sibi
3357 1180 3572 1247 solum,

1928 1269 2029 1322 sed
2061 1268 2235 1323 etiam
2272 1270 2521 1340 posteris
2554 1270 2887 1337 consulens,
2913 1288 2985 1325 ne
3014 1269 3284 1342 religiosa
3316 1269 3577 1324 fraterni-

1928 1361 2044 1424 tas,
2076 1374 2253 1428 quam
2288 1358 2410 1429 ipse
2442 1360 2500 1413 in
2528 1376 2693 1414 sacro
2718 1358 2923 1413 habitu
2947 1375 3260 1431 aggregare
3280 1358 3575 1429 cupiebat,

1927 1461 1960 1499 a
1979 1444 2235 1516 quolibet
2252 1446 2621 1501 smcularium
2642 1464 2744 1518 pro
2759 1446 2881 1501 loco
2901 1464 3017 1501 sua:
3037 1446 3413 1502 habitationis
3434 1444 3577 1516 quid

1926 1533 2353 1604 inquietudinis
2383 1534 2469 1590 vel
2504 1534 2783 1590 molestim
2814 1538 3131 1606 pateretur.
3167 1533 3448 1599 Quocirca
3485 1532 3578 1587 di-

1924 1620 2057 1675 vino
2086 1622 2383 1693 aspirante
2413 1622 2658 1679 consilio
2689 1624 2912 1695 regiam
2942 1623 3239 1695 profectus
3259 1623 3332 1678 ad
3357 1620 3576 1690 aulam,

1927 1711 2329 1765 munificentia
2353 1710 2619 1767 Clodovei
2643 1710 2891 1766 illustris
2914 1710 3213 1782 quondam
3228 1710 3383 1782 regis
3406 1711 3581 1767 Fran-

1925 1815 2148 1865 corum,
2164 1798 2357 1854 locum
2381 1800 2695 1871 quemdam
2718 1798 3035 1871 palustrem
3060 1798 3117 1852 in
3138 1797 3421 1853 suburbio
3442 1799 3579 1853 Tre-

1928 1888 2169 1942 cassina:
2201 1887 2366 1942 urbis
2393 1887 2668 1955 obtinuit,
2689 1887 2789 1959 qui
2812 1886 3052 1959 antiquo
3074 1886 3190 1941 ritu
3214 1886 3414 1942 Insula
3434 1886 3577 1942 Ger-

1926 1976 2157 2031 manica
2197 1977 2530 2031 vocabatur.
2578 1976 2862 2047 Deinceps
2905 1992 3038 2031 vero
3086 1978 3219 2048 post
3266 1976 3575 2031 decessum

1926 2064 2215 2131 Clodovei,
2250 2064 2439 2119 filium
2470 2065 2599 2134 ejus
2632 2064 2993 2119 Clotbarium
3023 2064 3280 2120 secundo
3310 2079 3465 2119 anno
3485 2078 3578 2118 re-

1926 2153 2025 2225 gni
2057 2154 2185 2223 ejus
2220 2157 2495 2224 expetens
2529 2153 2694 2223 (anno
2736 2154 2887 2223 656),
2920 2157 3215 2209 annuente
3262 2150 3577 2207 venerabili

1928 2240 2215 2297 Balthilde
2233 2241 2435 2313 regina
2451 2242 2717 2312 ejusdem
2740 2240 3019 2296 Clotharii
3041 2244 3430 2312 matre,super
3442 2256 3584 2312 prae-

1929 2330 2045 2385 fato
2074 2329 2199 2385 loco
2240 2329 2613 2402 privilegium
2646 2329 2719 2401 (3)
2752 2330 2921 2401 regia:
2975 2328 3341 2385 auctoritatis
3389 2329 3581 2384 denuo

1928 2418 2144 2473 meruit
2167 2418 2433 2489 adipisci.
2468 2419 2632 2484 Quod
2664 2419 2805 2490 quia
2835 2418 2893 2472 in
2912 2418 3179 2473 Archivis
3209 2416 3456 2473 ccenobii
3484 2433 3583 2472 no-

1928 2506 2034 2561 stri
2067 2507 2140 2577 (4)
2176 2522 2363 2578 usque
2386 2506 2558 2562 hodie
2579 2507 2929 2571 continetur,
2947 2506 3043 2561 hic
3064 2506 3304 2577 quidem
3325 2505 3581 2562 inserere

1929 2595 2296 2666 superﬂuum
2329 2595 2627 2662 duximus,
2662 2596 2942 2667 quoniam
2991 2594 3183 2667 legere
3232 2592 3446 2665 cuique
3474 2610 3578 2650 vo-

1926 2682 2067 2738 lenti
2096 2682 2435 2755 inpromptu
2468 2684 2676 2739 adesse
2707 2684 2980 2739 fatemur.

1996 2770 2086 2826 42.
2118 2772 2257 2826 Erat
2286 2774 2483 2825 autem
2515 2770 2678 2827 locus
2710 2771 2865 2825 idem
2888 2770 3146 2842 partium
3168 2770 3405 2842 quidem
3428 2767 3580 2834 ﬁsci,

1926 2864 2144 2926 tamen,
2169 2863 2236 2914 ut
2264 2859 2488 2913 dictum
2518 2863 2627 2927 est,
2660 2857 2976 2931 paludibus
3007 2859 3258 2915 reﬂuens
3288 2874 3356 2914 ac
3377 2858 3583 2913 crebra

1924 2948 2269 3003 lacunarum
2295 2947 2600 3019 eruptione
2629 2946 2979 3015 scaturiens,
3010 2947 3385 3018 arbustisque
3405 2946 3581 3002 refer-

1925 3039 2023 3093 tus
2073 3036 2457 3104 silvestribus,
2511 3036 2835 3093 bestiarum
2884 3036 3080 3107 potius
3128 3052 3194 3091 ac
3242 3038 3580 3107 serpentum

1928 3142 2105 3198 quam
2137 3125 2445 3181 hominum
2476 3124 2814 3196 frequentiae
2847 3125 3232 3195 competebat.
3261 3123 3363 3178 His
3385 3123 3585 3194 itaque

1928 3231 2132 3286 regum
2157 3212 2607 3269 auctoritatibus
2629 3214 2975 3283 instructus,
2996 3213 3271 3285 quodque
3290 3214 3381 3267 est
3400 3211 3584 3267 maxi-

169 3306 393 3380 lateque
424 3304 756 3379 personuit,
789 3304 932 3359 adeo
963 3306 1029 3358 ut
1047 3320 1117 3359 ex
1147 3302 1563 3359 remotioribus
1586 3319 1819 3374 quoque
1850 3295 1893 3361 C
1931 3320 2096 3358 mum
2155 3319 2408 3374 superno
2468 3302 2683 3358 auxilio
2742 3303 3074 3367 roboratus,
3117 3300 3419 3356 horribilis
3472 3300 3584 3356 loci

168 3394 301 3452 locis
350 3393 790 3451 infirmantium
838 3392 911 3447 ad
963 3408 1098 3447 eum
1149 3396 1389 3447 catervae
1438 3391 1817 3460 confluerent,

169 3484 493 3541 sanctitatis
512 3483 642 3554 ejus
660 3480 868 3536 merito
892 3479 1193 3551 sospitatis
1216 3479 1500 3536 beneficia
1522 3496 1820 3550 reposcen-

166 3576 266 3630 tes.
287 3576 359 3629 At
386 3573 480 3628 vir
513 3572 630 3627 Deo
661 3570 877 3643 dignus
899 3568 959 3624 in
984 3567 1338 3624 humilitatis
1358 3584 1489 3624 arce
1510 3568 1820 3640 persistere

165 3662 417 3735 cupiens,
453 3659 542 3716 nil
572 3660 645 3715 de
678 3675 740 3715 se
770 3673 1144 3730 praesumere,
1181 3657 1263 3712 nil
1294 3672 1555 3729 unquam
1607 3673 1820 3728 passus

163 3754 245 3808 est
271 3751 397 3808 suis
427 3748 663 3805 viribus
692 3747 1017 3819 assignare.
1050 3744 1256 3801 Oleum
1290 3745 1699 3801 tantummodo
1721 3746 1818 3800 be-

163 3841 457 3909 nedicens,
496 3854 677 3909 super
705 3840 953 3909 aegrotos
1003 3833 1221 3890 Christi
1272 3850 1485 3889 nomen
1533 3832 1819 3889 obnoxius

160 3926 485 3996 invocabat,
520 3942 639 3999 quo
670 3924 961 3997 peruncti,
992 3923 1241 3995 receptis
1275 3922 1523 3989 viribus,
1548 3926 1817 3977 votorum

161 4022 455 4090 compotes
487 4017 563 4072 ad
598 4014 832 4086 propria
863 4012 1223 4069 remeabant.
1250 4011 1383 4067 Jam
1412 4028 1546 4066 vero
1577 4011 1636 4065 in
1668 4011 1817 4065 effu-

162 4105 364 4178 gandis
395 4102 772 4161 daemonibus
802 4119 872 4157 ea
890 4100 1126 4156 virtutis
1158 4100 1498 4173 praestantia
1527 4099 1819 4171 praepolle-

161 4194 277 4263 bat,
308 4200 375 4251 ut
406 4194 745 4263 cuicunque
768 4206 1165 4263 energumeno
1188 4189 1247 4243 iu
1273 4189 1459 4244 fronte
1480 4187 1565 4243 vel
1590 4192 1819 4260 pectore

163 4281 393 4355 signum
427 4281 629 4337 crucis
657 4279 1042 4351 imprimeret,
1078 4294 1211 4333 mox
1257 4278 1385 4348 ejus
1435 4274 1819 4347 compellente

159 4369 401 4442 imperio
450 4367 755 4441 malignus
804 4367 1048 4439 spiritus
1098 4367 1391 4437 elfugatus
1440 4364 1646 4420 abiret.
1679 4364 1819 4419 Jure

163 4459 314 4516 enim
344 4464 519 4515 tanta
549 4458 603 4513 ei
634 4461 893 4530 potestas
924 4458 982 4512 in
1007 4454 1348 4528 expulsione
1370 4455 1701 4509 daemonum
1726 4470 1823 4524 ap-

165 4546 501 4618 plaudebat,
537 4550 605 4601 ut
631 4546 717 4602 eis
746 4545 1097 4601 ﬁducialiter
1124 4543 1459 4616 imperaret,
1495 4542 1596 4614 qui
1628 4546 1817 4597 totum

1930 3391 2232 3463 squalores
2266 3391 2522 3462 expetiit,
2557 3392 2810 3462 dataque
2841 3388 3148 3462 principali
3172 3387 3588 3461 opera,virgul-

1928 3480 2004 3534 tis
2036 3480 2241 3546 erutis,
2266 3478 2629 3550 lacubusque
2661 3478 2916 3543 siccatis,
2953 3476 3212 3547 spatium
3237 3475 3583 3531 habitationi

1928 3583 2255 3639 congruum
2289 3566 2655 3639 praeparavit.
2690 3566 2773 3620 Ibi
2805 3563 3017 3620 cellula
3047 3564 3415 3634 oratorioque
3437 3563 3581 3619 Fro—

1928 3655 2209 3710 dobertus
2260 3658 2616 3720 constructo,
2660 3669 2795 3708 cum
2845 3652 3049 3723 paucis
3099 3650 3289 3723 primo
3339 3650 3580 3722 quidem

1927 3743 2207 3799 fratribus
2241 3742 2538 3798 solitarius
2567 3741 2708 3795 vixit
2729 3741 2936 3795 divina)
2968 3737 3448 3810 contemplationi
3482 3739 3580 3796 de-

1928 3832 2108 3899 ditus,
2140 3837 2197 3887 et
2224 3829 2505 3904 angelicis
2537 3847 2768 3901 semper
2797 3828 3127 3884 actionibus
3165 3830 3506 3899 occupatus.

1926 3919 2311 3977 Monasterium
2338 3919 2497 3975 rebus
2526 3927 2578 3974 et
2599 3919 2849 3990 personis
2894 3924 3072 3988 auget.
3105 3916 3234 3972 Inde
3276 3916 3465 3988 plures
3509 3916 3582 3972 ad

2407 4010 2773 4080 episcopatum
2809 4008 3095 4078 assumpti.

2003 4098 2088 4152 13.
2114 4097 2372 4169 Inclytus
2395 4113 2531 4169 ergo
2554 4096 2945 4152 Frodobertus
2958 4095 3085 4166 jam
3109 4099 3249 4149 tunc
3272 4093 3446 4166 coepit
3464 4110 3582 4150 am-

1930 4185 2188 4257 plificare
2206 4186 2315 4240 sibi
2337 4185 2579 4257 suisque
2595 4202 2942 4240 concessum
2960 4181 3343 4239 habitationis
3363 4183 3579 4251 locum,

1928 4273 2265 4345 patrimonii
2297 4273 2387 4328 sui
2422 4290 2786 4345 quaecunque
2812 4273 3053 4327 fuerunt
3084 4271 3301 4343 praedia
3346 4287 3580 4341 posses-

1930 4363 2241 4434 sionesque
2272 4379 2340 4417 ex
2369 4361 2598 4433 integro
2620 4362 2679 4415 in
2702 4377 3016 4415 commune
3038 4358 3181 4414 inibi
3203 4359 3575 4426 contradens,

1928 4456 1986 4507 et
2011 4456 2299 4523 quaestum
2332 4451 2634 4521 copiosum
2663 4463 2983 4514 servorum,
3018 4445 3387 4511 ancillarum,
3412 4461 3577 4517 agro-

1929 4557 2059 4595 rum
2092 4544 2367 4611 prazterea
2405 4541 2463 4592 et
2509 4537 2836 4603 vinearum,
2869 4536 2979 4590 sub
3028 4533 3416 4602 testamentis,
3448 4549 3577 4605 quas

163 4650 224 4692 se
253 4637 592 4693 divinorum
622 4633 980 4690 submiserat
1009 4633 1353 4690 obedientia:
1375 4635 1815 4703 praeceptorum.
1852 4660 1900 4725 Β
1930 4629 2212 4685 hactenus
2252 4628 2560 4693 habentur,
2593 4626 2728 4680 dato
2778 4624 2959 4696 pretio
3008 4620 3434 4677 instantissime
3481 4638 3577 4678 ac-

574 4722 713 4779 Suas
741 4725 966 4778 virtutes
994 4724 1112 4778 suis
1138 4720 1406 4793 propalat.

228 4815 313 4870 10.
346 4817 490 4870 Erat
520 4828 649 4867 mos
678 4812 800 4867 viro
832 4810 1230 4878 sanctissimo,
1264 4813 1329 4865 ut
1359 4808 1649 4881 siquando
1680 4825 1817 4863 cum

158 4899 464 4976 discipulis
498 4900 860 4972 colloquium
886 4898 1172 4955 familiare
1204 4898 1516 4965 inserebat,
1551 4914 1681 4969 quas
1702 4914 1818 4953 ase

158 4987 304 5046 clam
334 4995 511 5064 gesta
540 4990 793 5055 fuerant,
828 4986 1231 5044 aediﬁcationis
1253 4986 1342 5041 vel
1364 4986 1611 5058 exempli
1628 4986 1819 5058 gratia

157 5076 236 5135 eis
261 5081 554 5145 narraret,
589 5078 745 5133 bona
772 5075 996 5133 scilicet
1015 5090 1192 5148 opera
1212 5092 1321 5131 sua
1340 5091 1455 5130 non
1478 5079 1818 5148 arroganter

157 5171 482 5236 ostentans,
519 5167 622 5222 sed
653 5166 946 5238 sapienter
973 5169 1030 5220 et
1059 5164 1361 5220 humiliter
1407 5164 1811 5231 manifestans,

158 5259 218 5311 ut
242 5260 299 5313 et
328 5257 539 5312 divina
566 5255 698 5310 laus
730 5272 833 5327 per
864 5255 1060 5326 ipsum
1092 5252 1210 5308 imo
1241 5253 1300 5307 in
1334 5253 1461 5326 ipso
1508 5256 1811 5319 cresceret,

155 5343 594 5400 etaudientium
607 5344 838 5398 animos
854 5343 927 5397 ad
946 5346 1163 5397 sanctas
1180 5340 1527 5395 imitationis
1548 5339 1811 5395 studium

154 5429 523 5489 informaret.
556 5432 855 5496 Quantum
886 5428 1042 5484 enim
1077 5427 1288 5482 favoris
1307 5428 1396 5483 vel
1411 5427 1707 5498 jactantize
1730 5444 1814 5482 rc-

155 5518 325 5593 fagus
356 5517 562 5587 fuerit,
596 5517 792 5573 cultus
823 5516 952 5572 vita:
984 5514 1256 5571 solitaria:
1298 5514 1628 5570 declaravit.

322 5670 539 5750 gustat
566 5667 624 5721 in
656 5665 1065 5748 Promptuario
1090 5664 1286 5750 Antiq.
1322 5666 1542 5750 Tricas.
1577 5666 1807 5750 ptigit).

221 5735 297 5810 (4)
327 5740 427 5797 Sic
460 5736 640 5795 etiam
674 5735 912 5795 nomine
942 5735 1366 5795 monachorum
1398 5738 1456 5793 S.
1492 5735 1683 5794 Basoli
1725 5736 1808 5794 lo-

1930 4717 2190 4791 quirens.
2223 4716 2333 4772 Sed
2365 4719 2422 4770 et
2451 4731 2586 4770 mox
2615 4718 2885 4786 parentes
2914 4711 3073 4767 illius
3112 4709 3220 4765 viri
3270 4709 3425 4765 beati
3454 4710 3575 4766 lar-

1927 4806 2203 4881 gissimas
2234 4806 2285 4861 ei
2317 4820 2515 4859 rerum
2543 4817 2937 4875 gazarumque
2959 4816 3200 4856 suarum
3222 4799 3580 4856 condonave-

1926 4900 2063 4951 runt
2092 4894 2389 4967 portiones
2418 4890 2829 4947 instrumentis
2861 4906 2929 4946 ex
2960 4890 3085 4961 lege
3124 4889 3233 4945 rite
3280 4888 3571 4961 perfectis.

1926 4985 2206 5041 Processu
2235 4998 2371 5037 vero
2410 4980 2712 5053 temporis,
2747 4978 2911 5035 locus
2961 4978 3117 5033 idem
3168 4976 3575 5050 religiosorum

1925 5072 2254 5145 frequentia
2282 5071 2343 5125 in
2366 5071 2545 5126 robur
2564 5067 2910 5125 incrementi
2938 5066 3251 5135 convaluit,
3268 5066 3580 5122 nobilium-

1923 5179 2037 5234 que
2052 5178 2118 5217 eo
2140 5159 2563 5215 confluentium
2586 5156 2857 5229 largitate
2878 5156 3117 5222 ditatus,
3133 5172 3329 5210 rerum
3352 5171 3419 5210 ac
3441 5171 3575 5226 pos-

1923 5250 2256 5307 sessionum
2290 5248 2572 5302 terminos
2591 5244 2883 5312 dilatavit;
2904 5245 3001 5300 sed
3027 5247 3085 5299 et
3106 5243 3576 5316 congregationis

1922 5336 2256 5393 monasticae
2288 5350 2571 5388 numerus
2608 5332 2667 5387 in
2721 5331 2845 5386 dies
2895 5331 3127 5403 copiose
3176 5347 3575 5402 succrescens,

1922 5425 2114 5481 nobile
2128 5441 2192 5479 ac
2206 5425 2499 5478 famosum
2514 5421 3207 5492 reddiditusquequaque
3220 5419 3569 5474 coenobium.

1920 5514 2035 5570 Nec
2066 5512 2211 5568 illud
2246 5511 2737 5583 praatereundum,
2764 5509 2920 5580 quod
2940 5525 3007 5563 ex
3038 5508 3305 5579 ejusdem
3325 5505 3434 5562 loci
3452 5520 3570 5560 ca:-

1920 5665 2120 5737 quitur
2146 5662 2300 5737 Adso
2326 5660 2675 5737 abbas‘licct
2695 5659 3023 5729 Dervcnsis,
3043 5657 3102 5714 in
3122 5656 3281 5714 Actis
3307 5652 3562 5719 S.Bascli

1919 5733 2192 5810 superius
2224 5733 2296 5791 ad
2328 5749 2464 5789 ann.
2496 5733 2622 5787 620.
