3912 6358
376 415 494 478 607

1486 411 1825 475 ADSONIS
1869 406 2310 473 DERVENSIS
2356 407 2691 472 ABBATIS

3683 405 3793 472 608

377 545 1773 619 nobitisB.Frodobertivitaminstitutionemque
1786 562 2031 618 sequen-
2055 545 2109 612 Α
2142 544 2407 612 circuire,
2442 546 2899 615 sanctorumque
2932 545 3255 617 martyrum
3277 541 3365 599 vel
3398 543 3793 603 confessorum

374 640 535 695 tibus
567 636 949 711 quamplures
982 638 1360 708 postmodum
1395 637 1451 690 in
1486 636 1630 691 urbe
1661 635 2034 690 Trecassium

374 728 644 784 exstitere
663 726 992 799 pontiﬁces,
1012 726 1163 780 inter
1184 742 1330 797 quos
1355 724 1707 779 Aldobertus
1719 724 1805 777 vir
1817 721 2034 777 summi

373 814 596 889 ingenii
625 820 683 870 et
715 815 1019 886 praecipua:
1054 812 1421 881 sanctitatis;
1456 814 1716 883 itemque
1754 810 2030 878 Bobinus,

375 905 611 963 natione
631 904 959 975 Aquitanus
985 904 1059 973 (5)
1085 920 1097 968 ;
1122 918 1371 973 quorum
1398 905 1641 973 uterque
1663 898 1773 971 ipsi
1796 899 1921 955 loco
1943 900 2035 953 in-

374 993 575 1066 gentia
603 992 914 1047 commoda
944 991 1262 1058 contulere,
1298 991 1451 1046 intra
1492 994 1769 1061 extraque
1816 987 2034 1060 quibus

373 1080 652 1154 possibile
684 1080 793 1135 fuit
823 1078 1241 1151 amplificando
1267 1079 1480 1145 modis,
1517 1079 1717 1149 sicque
1749 1078 1808 1131 in
1840 1076 2031 1150 pleni-

371 1171 575 1226 tudine
588 1170 874 1224 bonorum
890 1184 1131 1239 Operum
1150 1168 1303 1223 diem
1327 1167 1602 1222 ultimum
1623 1182 2032 1221 consumman-

369 1262 479 1326 tes,
502 1259 829 1328 intrasepta
849 1256 1103 1312 basilicae
1122 1256 1388 1327 ejusdem
1410 1256 1751 1311 monasterii
1774 1254 2031 1309 nobilem

370 1346 563 1403 sortiti
594 1349 735 1401 sunt
763 1344 1148 1417 sepulturam.
1185 1346 1408 1410 Quibus
1442 1346 1522 1400 ita
1555 1343 1801 1416 digestis
1835 1360 2029 1399 rerum

370 1439 671 1509 gestarum
701 1434 967 1489 ordinem
998 1438 1354 1506 repetamus.

368 1525 433 1580 In
476 1524 822 1580 Parthenone
868 1526 1043 1578 sancti
1100 1524 1355 1591 Quintini
1412 1524 1529 1594 ejus
1578 1524 1787 1578 meritis
1837 1524 2032 1576 vinum

380 1680 385 1685 _
1062 1612 1323 1682 augescit.

440 1702 528 1756 14.
560 1700 831 1757 Florebat
860 1701 921 1755 in
969 1704 1171 1756 sancto
1219 1698 1342 1754 viro
1390 1698 1793 1770 spiritualium
1840 1699 2028 1771 profe-

366 1793 571 1845 ctuum
597 1788 943 1845 indeliciens
968 1788 1158 1861 gratia
1176 1805 1293 1843 non
1317 1787 1601 1860 exemplis
1625 1785 1815 1845 solum
1838 1792 1896 1843 et
1911 1803 2030 1843 mo-

2145 633 2511 699 festivitates,
2547 632 2838 703 siquando
2871 632 3130 688 revoluto
3159 634 3298 689 anni
3344 633 3565 689 circulo
3611 650 3793 690 recun

2145 722 2382 788 rissent,
2414 721 2614 775 debita
2642 737 2779 775 cum
2809 722 3181 777 veneratione
3211 721 3528 793 suscipere.
3563 722 3711 778 Nam
3739 721 3796 778 il-

2143 810 2244 866 lud
2278 810 2390 865 sibi
2421 808 2753 881 specialiter
2781 809 3092 877 indixerat,
3129 814 3195 865 ut
3226 827 3528 867 sacrorum
3570 810 3795 867 dierum

2143 897 2318 953 ferias
2358 898 2634 970 peculiari
2685 899 2902 970 qudam
2954 900 3356 955 observatione
3401 903 3701 968 tractaret,
3733 904 3797 955 ut

2143 992 2380 1059 putares
2411 1003 2545 1042 cum
2578 986 2724 1058 ipsis
2764 989 2893 1058 jam
2943 988 3303 1061 martyribus
3353 988 3660 1057 commori,
3695 1004 3794 1045 nec

2133 1077 2260 1147 jam
2288 1082 2529 1132 terrenm
2563 1076 2736 1132 molis
2767 1076 2975 1133 usibus
3004 1077 3273 1132 detineri.

2140 1167 2206 1221 In
2234 1167 2367 1234 festo
2398 1165 2453 1220 S.
2492 1166 2747 1233 Quintini
2774 1183 2808 1221 a
2838 1166 3082 1222 da'mone
3129 1168 3189 1222 in
3237 1169 3480 1223 oratione
3524 1168 3790 1223 turbatur.

2214 1255 2299 1309 16.
2337 1255 2420 1309 Ita
2453 1255 2750 1325 quondam
2796 1254 3135 1312 adveniente
3184 1255 3670 1328 splendidissima
3700 1272 3795 1312 so-

2141 1341 2440 1398 lemnitate
2472 1344 2533 1398 B.
2568 1342 2834 1409 Quintini
2868 1343 3144 1416 martyris
3176 1344 3792 1416 pretiosi,amonaste-

2142 1430 2210 1486 rii
2243 1430 2430 1503 ipsius
2456 1431 2776 1499 abbatissa,
2793 1431 3015 1487 Rocula
3036 1432 3291 1499 nomine,
3307 1432 3650 1505 ceterisque
3668 1448 3795 1490 san-

2141 1517 2580 1575 ctimonialibus
2610 1518 2911 1592 religionis
2940 1520 3127 1593 gratia
3159 1520 3441 1577 invitatus
3465 1525 3574 1590 est,
3610 1524 3679 1578 ut
3706 1522 3788 1578 of-

2140 1608 2289 1663 ficiis
2310 1608 2517 1663 divinae
2540 1607 2894 1665 celebritatis
2915 1608 3003 1663 vir
3023 1608 3439 1665 sanctissimus
3459 1610 3790 1677 interesset,

2138 1700 2430 1769 tantaeque
2459 1696 2796 1753 festivitatis
2825 1698 3062 1769 gaudia,
3095 1697 3427 1755 sanctitatis
3455 1714 3523 1754 ac
3553 1698 3793 1756 merito~

2139 1802 2273 1841 rum
2305 1785 2655 1842 sublimium
2686 1785 2958 1860 lampade
2988 1786 3331 1843 illustraret.
3364 1787 3514 1844 Nam
3553 1792 3793 1860 excepta

364 1878 552 1946 ribus,
588 1877 691 1934 sed
724 1877 901 1933 etiam
946 1876 1369 1933 miraculorum
1420 1875 1730 1953 splendore
1777 1875 2024 1931 solemni
2056 1910 2105 1976 B
2140 1874 2443 1932 devotione
2473 1891 2612 1949 erga
2638 1878 2873 1931 sanctos
2916 1874 3387 1948 incomparabili,
3419 1876 3598 1933 etiam
3646 1875 3789 1933 illud

366 1965 797 2021 commendata.
834 1964 897 2020 In
930 1981 1046 2035 quo
1078 1968 1299 2035 quanta
1321 1963 2024 2036 fueritlargitas,quanta-

366 2071 483 2125 que
512 2054 821 2108 affluentia
847 2052 1174 2117 charitatis,
1200 2068 1320 2107 una
1340 2051 1584 2122 ipsaque
1605 2052 1857 2124 simplici
1881 2050 2022 2107 rela-

363 2141 523 2196 tione
554 2140 864 2195 constabit.
898 2139 1156 2211 Contigit
1188 2156 1324 2194 eum
1369 2140 1625 2210 quodam
1671 2145 1930 2211 tempore
1959 2139 2020 2196 in

364 2226 696 2302 puellarum
728 2227 1012 2294 cmnobio,
1048 2228 1203 2298 quod
1237 2228 1300 2282 Β.
1334 2226 1598 2292 Quintini
1638 2228 1913 2300 martyris
1944 2229 2020 2300 (ὃ)

366 2314 590 2373 nomini
624 2319 1049 2381 consecratum,
1073 2315 1344 2386 intraque
1364 2315 1569 2370 urbem
1587 2316 1770 2371 situm
1789 2317 2019 2384 cst,duo

362 2404 483 2461 vini
515 2403 753 2461 vaseula
785 2403 1027 2475 triginta
1045 2403 1225 2458 ferme
1249 2403 1579 2459 modiorum
1609 2405 1849 2475 capacia
1868 2421 2021 2460 com-

365 2493 698 2562 mendasse,
713 2492 869 2564 quod
886 2490 1049 2548 locus
1066 2491 1222 2546 idem
1245 2492 1295 2546 ei
1321 2495 1476 2546 esset
1497 2490 2016 2561 familiarissimus,

368 2600 435 2639 ac
458 2580 694 2655 speciali
721 2579 1024 2637 charitatis
1047 2579 1273 2653 glutino
1296 2579 1681 2651 copulatus,ej
1691 2596 1876 2651 usque
1896 2596 2021 2636 eru-

366 2670 576 2727 ditioni
605 2688 671 2726 ac
703 2668 974 2743 regimini
1025 2668 1396 2743 peculiariter
1445 2667 1837 2739 mancipatus.
1871 2669 2018 2725 Nam

366 2776 501 2817 cum
524 2776 627 2833 pro
649 2776 768 2816 sua:
797 2757 1125 2816 sanctitatis
1159 2757 1366 2813 merito
1399 2758 1470 2812 ab
1503 2755 1778 2813 omnibus
1801 2756 2013 2829 princi-

366 2848 486 2923 pali
518 2848 835 2906 reverentia
868 2846 1174 2916 coleretur,
1207 2845 1265 2901 id
1297 2844 1408 2901 sibi
1440 2845 1690 2917 quisque
1711 2860 2015 2901 summum

366 2939 688 3011 deputabat
716 2939 959 3001 bonum,
992 2934 1043 2991 si
1066 2936 1195 3007 ejus
1216 2933 1599 2990 familiaritati
1613 2933 1699 2989 vel
1718 2932 2021 2989 mediocri-

365 3031 455 3083 ter
484 3024 761 3099 conjungi
792 3024 1135 3091 meruisset;
1171 3027 1356 3095 utque
1388 3023 1448 3079 in
1477 3022 1754 3079 omnibus
1782 3026 1840 3077 et
1862 3024 2018 3092 apud

366 3131 572 3171 omnes
601 3131 726 3170 sese
751 3111 1127 3169 aflectuosius
1161 3116 1379 3183 ageret,
1411 3112 1597 3183 deque
1626 3109 1901 3165 omnibus
1923 3111 2017 3166 in-

366 3205 712 3259 cunctanter
732 3203 1127 3274 przesumeret,
1145 3200 1373 3255 cunctis
1396 3197 1799 3272 gratissimum
1820 3202 1877 3254 et
1897 3216 2020 3271 per-

2134 1981 2269 2020 eum
2302 1980 2471 2020 sacra
2500 1964 2627 2020 loca
2660 1965 2829 2020 festis
2859 1964 3066 2020 diebus
3105 1965 3476 2036 frequentare
3523 1965 3788 2039 cogebat,

2132 2054 2287 2124 quod
2320 2052 2405 2108 eis
2437 2052 2740 2125 spirituale
2772 2053 3033 2125 regimen
3065 2053 3403 2109 adhibebat.
3426 2053 3542 2109 Nec
3562 2052 3794 2109 distulit

2132 2142 2275 2213 quin
2303 2141 2543 2209 veniret,
2578 2142 2917 2197 devotarum
2940 2142 3056 2197 Deo
3082 2141 3623 2197 sanctimonialium
3644 2141 3792 2198 desi-

2131 2230 2293 2285 deria
2324 2234 2605 2302 reputans
2637 2246 2754 2284 non
2786 2230 2997 2285 dobere
3028 2229 3576 2303 frustrari.Expleto
3607 2230 3787 2303 igitur

2130 2335 2432 2374 sacrarum
2487 2317 2820 2392 vigiliarum
2875 2317 3067 2374 ofﬁcio
3111 2318 3462 2391 vespertino,
3512 2318 3789 2392 vulgique

2131 2406 2513 2463 multitudine
2546 2408 2617 2463 ad
2653 2411 2790 2461 nota
2828 2406 3147 2462 diversoria
3197 2408 3497 2475 redeunte,
3531 2408 3623 2462 vir
3652 2424 3787 2464 san-

2130 2500 2259 2551 ctus
2292 2496 2351 2551 in
2382 2495 2629 2552 ecclesia
2658 2495 2937 2568 perstitit,
2971 2510 3149 2567 seque
3181 2495 3377 2567 ipsum
3401 2496 3647 2553 secretis
3665 2513 3788 2553 ora-

2127 2584 2391 2640 tionibus
2412 2584 2603 2640 manci
2612 2600 2779 2655 pans,
2796 2582 3135 2656 spirituales
3157 2583 3432 2640 excubias
3454 2585 3783 2640 exercebat.

2127 2676 2202 2729 At
2232 2673 2471 2744 praefata
2500 2673 2820 2743 abbatissa,
2845 2673 2988 2744 quid
3020 2676 3263 2729 sanctus
3293 2673 3381 2728 vir
3409 2677 3641 2744 gereret
3672 2689 3785 2729 non

2129 2761 2445 2818 minimum
2459 2761 2853 2829 curiosa,cum
2867 2761 3222 2833 quibusdam
3238 2760 3786 2817 sanctimonialibus

2128 2851 2188 2905 in
2218 2849 2462 2905 basilica
2492 2866 2553 2904 se
2574 2848 2899 2918 occultans,
2924 2850 3220 2923 egregiam
3252 2850 3533 2906 orationis
3563 2848 3792 2906 instan-

2127 2939 2272 2995 tiam
2302 2936 2894 3009 compunctionisque
2926 2938 3087 2993 illius
3116 2937 3517 3011 largissimam
3550 2938 3789 2995 uberta-

2127 3030 2246 3082 tem
2296 3022 2498 3079 sedulo
2546 3040 2683 3079 cum
2733 3025 3036 3081 sororibus
3066 3026 3413 3082 mirabatur.
3446 3027 3577 3083 Mox
3610 3026 3788 3084 saluti

2127 3114 2418 3179 humana},
2472 3111 2823 3178 contrarius,
2877 3111 3255 3184 feliciumque
3312 3130 3556 3185 operum
3609 3131 3789 3188 quam

2130 3199 2381 3257 maxime
2400 3200 2648 3255 aemulus
2664 3200 2853 3254 adfuit
2874 3199 3171 3268 inimicus,
3194 3201 3294 3273 qui
3318 3204 3790 3261 mundissimum

366 3289 624 3364 Optabile
652 3273 797 3345 erat.
829 3289 1094 3361 Cumque
1121 3287 1241 3343 illic
1273 3304 1426 3360 saepe
1470 3286 1772 3342 charitatis
1802 3287 2014 3355 officio,
2048 3273 2092 3341 C
2130 3288 2231 3345 Dei
2264 3288 2693 3355 holocaustum,
2727 3288 2838 3342 etsi
2868 3304 2983 3343 non
3033 3288 3269 3358 penitus
3317 3288 3522 3345 tollere
3570 3292 3790 3362 potuit,

367 3381 441 3437 ad
474 3379 829 3437 sumendum
873 3376 1150 3451 poculum
1199 3376 1486 3450 plurimos
1536 3381 1889 3445 convecaret,
1925 3378 2018 3434 die

366 3471 624 3543 quadam
656 3466 1091 3541 apothecariam
1123 3465 1293 3522 solito
1324 3465 1532 3522 cellam
1564 3464 1888 3539 ingressus,
1914 3483 2019 3539 pa-

363 3556 604 3615 vimenti
622 3555 829 3613 faciem
847 3553 963 3611 vini
982 3554 1363 3611 exuberantia
1379 3553 1591 3628 reperit
1609 3554 1979 3627 superfusam
2001 3573 2013 3622 ;

360 3648 699 3720 veritusque
730 3661 804 3701 ne
835 3645 981 3701 forte
1017 3644 1240 3701 vasculi
1292 3642 1717 3701 incontinentis
1764 3643 2015 3716 liquoris

362 3734 737 3809 dispendium
769 3734 1150 3806 provenisset,
1183 3730 1445 3800 fratrem,
1480 3733 1580 3805 qui
1629 3750 1829 3789 secum
1872 3734 2019 3789 forte

360 3827 617 3891 venerat,
648 3839 715 3879 os
740 3824 1061 3896 superioris
1109 3827 1341 3879 meatus
1388 3821 1679 3894 inspicere
1721 3822 2013 3894 praecepit.

362 3914 487 3981 Quo
516 3913 669 3969 facto
700 3912 939 3985 (mirum
972 3911 1133 3968 dictu
1165 3912 1319 3984 quod
1369 3914 1479 3977 est)
1511 3911 1713 3965 vinum
1765 3927 2019 3981 superne

363 4002 701 4060 redundans
728 4001 1044 4075 aspicitur;
1069 4001 1330 4072 satisque
1350 4004 1547 4071 aperte
1573 3998 1837 4055 constitit
1859 3999 2016 4070 quod

363 4094 583 4163 quanto
613 4090 925 4147 hauriebat
955 4088 1305 4161 propensius
1335 4087 1613 4154 charitas,
1647 4091 1811 4142 tanto
1854 4087 2015 4142 beni-

363 4196 481 4254 gna
509 4179 800 4236 Creatoris
819 4177 1063 4251 largitas
1084 4178 1301 4232 hausta
1322 4177 1619 4249 profusius
1641 4176 2013 4231 reformabat.

365 4269 506 4341 Ejus
538 4268 818 4324 nimirum
849 4267 958 4323 hoc
987 4268 1203 4322 factum
1233 4264 1492 4320 creditur
1512 4264 1743 4337 pietate,
1761 4264 1859 4337 qui
1882 4281 2018 4320 cum

366 4375 474 4414 nos
506 4356 914 4413 misericordes
946 4372 1073 4410 esse
1095 4355 1303 4426 jubeat
1330 4358 1386 4409 et
1414 4354 1553 4408 dare
1594 4352 2015 4426 indigentibus,

367 4449 433 4503 ut
463 4447 635 4503 nobis
674 4463 907 4519 quoque
963 4444 1220 4518 plurima
1267 4444 1514 4511 dentur;
1547 4442 1607 4497 in
1658 4459 1775 4514 qua
1823 4446 2019 4497 tamen

366 4551 645 4592 mensura
673 4535 1013 4602 tribuimus,
1048 4534 1107 4589 in
1140 4535 1343 4589 eadem
1377 4532 1547 4588 nobis
1590 4531 2019 4587 remetiendum

2126 3393 2347 3433 veneno
2395 3382 2592 3432 tamen
2644 3381 2928 3448 suspecta:
2979 3376 3205 3432 fraudis
3253 3376 3467 3432 fmdare
3515 3381 3786 3437 tentavit.

2128 3468 2275 3525 Nam
2307 3465 2749 3533 candelabrum,
2784 3464 2879 3520 cui
2910 3480 3111 3521 cereus
3144 3465 3457 3537 impositus
3480 3471 3636 3538 erat,
3661 3470 3790 3525 sub-

2126 3556 2321 3623 vertit,
2356 3554 2763 3627 exstinctoque
2794 3553 3038 3610 lumine.
3073 3555 3230 3626 quod
3277 3555 3468 3611 noctis
3517 3558 3576 3611 et
3626 3560 3786 3615 tene-

2128 3648 2369 3702 brarum
2401 3648 2557 3700 esset
2586 3647 2815 3699 amator
2843 3643 3141 3699 evidenter
3160 3643 3434 3699 ostendit.
3458 3643 3563 3699 Vir
3586 3649 3785 3702 tamen

2129 3733 2360 3792 Domini
2395 3734 2452 3788 in
2485 3732 2768 3789 orationis
2794 3732 2992 3788 studio
3025 3732 3313 3803 perstitit;
3338 3749 3445 3789 nec
3466 3734 3787 3790 mundanis

2127 3822 2383 3880 tenebris
2417 3821 2631 3877 fuscari
2663 3822 2874 3893 potuit,
2908 3822 3003 3877 cui
3035 3821 3307 3878 Christus
3337 3826 3543 3878 auctor
3569 3828 3632 3878 et
3661 3824 3786 3879 fons

2128 3912 2372 3969 luminis
2405 3910 2906 3983 praesentissimus
2936 3909 3081 3977 fuit;
3116 3912 3288 3981 cujus
3308 3911 3559 3967 exterior
3580 3911 3785 3968 oculus

2127 4002 2237 4058 etsi
2270 4000 2574 4055 nocturnis
2601 3999 2858 4055 tenebris
2888 3998 3181 4071 caligavit,
3217 4016 3386 4054 mens
3416 4004 3616 4055 tamen
3648 3998 3785 4055 inti-

2129 4105 2601 4161 ma,semperque
2614 4090 2685 4144 ad
2703 4089 3223 4160 contemplandum
3236 4089 3421 4144 Deum
3446 4088 3783 4162 purissima,

2126 4198 2272 4237 vera:
2308 4178 2454 4235 lucis
2488 4177 2758 4250 lampade
2792 4177 3141 4245 coruseavit.

2590 4266 2667 4322 Ab
2699 4282 3061 4337 cnergumeno
3090 4266 3320 4322 ridetur.

2204 4360 2291 4413 17.
2328 4358 2553 4413 Interea
2586 4372 2906 4429 paucorum
2942 4356 3171 4411 dierum
3204 4356 3590 4412 interlabente
3611 4353 3783 4411 curri-

2131 4448 2284 4516 culo,
2317 4447 2390 4502 ad
2422 4446 2728 4501 basilicam
2748 4444 3092 4501 B.Aventini
3125 4444 3497 4513 confessoris,
3513 4444 3644 4515 ejus
3663 4459 3785 4517 gra-

2130 4538 2213 4594 tia
2245 4553 2312 4591 ex
2335 4551 2496 4590 more
2518 4533 2735 4589 Christi
2758 4532 3017 4588 famulus
3039 4532 3645 4604 accedebat.Cumque
3658 4533 3779 4604 jam

367 4622 754 4681 nihilominus
784 4623 1142 4696 repromittit
1164 4621 1369 4694 (Matth.
1392 4637 1492 4710 vn,
1514 4624 1583 4689 2;
1615 4620 1778 4674 Marc.
1805 4636 1880 4687 ιν,
1904 4619 2017 4691 24).
2051 4645 2097 4710 D
2130 4628 2283 4683 fores
2314 4623 2569 4680 ecclesia;
2592 4622 2962 4694 pel-intraret,
2984 4622 3274 4694 contingit
3291 4622 3609 4694 quemdam
3629 4634 3781 4710 933,-.

366 4714 471 4771 Est
481 4714 638 4771 enim
651 4730 862 4770 manus
873 4712 1070 4768 divina
1082 4728 1197 4767 non
1210 4711 1372 4783 larga
1389 4709 1601 4777 solum,
1616 4726 1819 4764 verum
1840 4710 2018 4764 etiam

369 4802 533 4858 dives
559 4807 616 4859 et
646 4802 888 4874 proflua.
926 4801 1042 4856 Nec
1090 4800 1471 4856 metuendum
1504 4816 1576 4854 ne
1604 4800 1749 4854 forte
1780 4798 2017 4871 largita-

368 4892 488 4946 tem
519 4894 800 4962 sequatur
829 4889 1048 4962 inopia,
1080 4888 1382 4961 quoniam,
1415 4891 1481 4943 ut
1528 4887 1610 4942 ait
1655 4887 1968 4959 Apostolus
2002 4904 2016 4942 :

374 4980 480 5048 Qui
523 4981 757 5035 seminat
804 4980 862 5033 in
915 4978 1395 5045 benedictionibus,
1430 4977 1506 5048 (II
1535 4977 1655 5033 Cor.
1700 4994 1775 5044 ιχ,
1805 4978 1863 5045 6)
1893 4982 2018 5042 etc;

373 5070 575 5142 quique
620 5068 974 5123 administrat
1014 5084 1199 5123 semen
1255 5068 1572 5131 scminanti,
1617 5074 1668 5121 et
1706 5083 1901 5137 panem
1952 5065 2022 5120 ad

368 5156 815 5212 manducandum
838 5156 1142 5228 praestabit,
1175 5164 1226 5211 et
1252 5155 1646 5226 multiplicabit
1692 5157 2024 5212 incrementa

373 5248 600 5318 frugum
616 5247 855 5318 justitize
882 5254 1080 5302 nostra:
1107 5244 1269 5316 (Ibid,
1307 5245 1414 5312 10).

504 5352 509 5359 ‘
940 5334 1162 5389 Sanc'os
1189 5335 1279 5404 pie
1305 5333 1452 5386 colit.
1490 5368 1493 5379 .

450 5426 539 5490 15,
577 5421 881 5478 Familiarc
913 5422 1023 5475 fuit
1064 5425 1340 5492 praeterea
1387 5419 1508 5471 viro
1560 5418 1658 5472 Dei
1709 5434 2025 5488 supernam

378 5512 628 5585 patriam
661 5509 1100 5582 infatigabiliter
1129 5507 1348 5565 sitienti
1382 5523 1548 5562 sacra
1591 5506 1718 5561 loca
1765 5506 2026 5564 devotius

451 5638 528 5708 (5)
557 5637 706 5708 Lege
736 5650 993 5708 carmen,
1028 5649 1227 5708 supra.

2134 4728 2457 4789 gumenum
2503 4712 2764 4767 daemone
2813 4711 3142 4783 exagitante
3191 4710 3417 4781 vexari;
3453 4710 3551 4783 qui
3585 4708 3781 4765 rabida

2132 4808 2294 4876 peste
2322 4799 2609 4872 captivus,
2625 4814 2759 4854 eum
2778 4799 3063 4854 miserum
3081 4816 3145 4855 os
3163 4799 3221 4854 in
3242 4796 3500 4855 amentia
3517 4799 3694 4854 verba
3710 4795 3782 4852 la-

2129 4895 2348 4957 xasset,
2381 4890 2539 4945 inter
2563 4892 2770 4944 caatera
2799 4888 3021 4944 famina
3050 4888 3303 4960 pectoris
3333 4886 3776 4956 furiosi,B.Fro-

2131 4978 2359 5037 dobcrti
2393 4977 2608 5049 saapius
2639 4992 2851 5032 nomen
2882 4976 3275 5049 ingeminans,
3301 4979 3505 5031 sancto
3528 4975 3650 5031 viro
3672 4989 3782 5029 ver-

2132 5069 2225 5123 bis
2256 5066 2600 5139 procacibus
2632 5064 2977 5132 insultabat,
3004 5065 3160 5136 quod
3183 5080 3250 5119 eo
3271 5080 3469 5119 sacras
3489 5066 3779 5119 exercente

2130 5155 2381 5229 vigilias,
2403 5153 2680 5210 solatium
2703 5152 2945 5209 luminis
2969 5150 3603 5209 detraxisset.Atmiles
3619 5148 3780 5207 Chri-

2135 5246 2207 5301 sti
2242 5241 2711 5309 strenuissimus,
2737 5241 3037 5297 diabolicze
3068 5242 3293 5297 fraudis
3324 5232 3778 5308 conscius,nulla

2134 5333 2324 5388 hostis
2342 5336 2464 5386 arte
2482 5331 2735 5399 concuti,
2759 5330 2917 5385 nulla
2938 5330 3129 5402 potuit
3148 5330 3441 5385 minarum
3466 5328 3777 5384 intentione

2139 5421 2363 5487 terreri,
2398 5420 2492 5474 cui
2524 5419 2793 5474 Christus
2821 5423 2949 5473 erat
2980 5419 3340 5491 praesidium,
3364 5422 3421 5473 et
3452 5421 3653 5472 contra
3681 5415 3775 5469 ho-

2138 5509 2303 5565 stiles
2333 5507 2641 5565 machinas
2672 5508 3123 5580 inexpugnabile
3156 5501 3774 5571 firmamentum.Quin

453 5702 531 5779 (ὃ)
562 5702 710 5766 Illud
744 5702 1069 5764 Parthenon
1101 5702 1402 5761 redactum
1435 5707 1524 5760 est
1554 5702 1615 5762 in
1645 5702 1973 5777 prioratum
2005 5704 2371 5764 Molismensi
2401 5704 2648 5763 abbatis:
2682 5702 3036 5773 subjectum.
