  <div class='ocr_page' id='page_1' title='image "/cluster/home/n/w/nwhite01/storage/ocr_20150623/136-137/uc1.31175019686917/986.png"; bbox 0 0 3912 6380; ppageno 0'>
   <div class='ocr_carea' id='block_1_1' title="bbox 120 434 226 494">
    <p class='ocr_par' dir='ltr' id='par_1_1' title="bbox 120 434 226 494">
     <span class='ocr_line' id='line_1_1' title="bbox 120 434 226 494; baseline 0 0"><span class='ocrx_word' id='word_1_1' title='bbox 120 434 226 494; x_wconf 84' lang='grc'>609</span> 
     </span>
    </p>
   </div>
   <div class='ocr_carea' id='block_1_2' title="bbox 1287 432 2295 497">
    <p class='ocr_par' dir='ltr' id='par_1_2' title="bbox 1287 432 2295 497">
     <span class='ocr_line' id='line_1_2' title="bbox 1287 432 2295 497; baseline 0.006 -6"><span class='ocrx_word' id='word_1_2' title='bbox 1287 432 1389 492; x_wconf 89' lang='lat' dir='ltr'><strong>DE</strong></span> <span class='ocrx_word' id='word_1_3' title='bbox 1435 432 1618 495; x_wconf 83' lang='lat' dir='ltr'><strong>VITA</strong></span> <span class='ocrx_word' id='word_1_4' title='bbox 1661 434 1724 493; x_wconf 93' lang='lat' dir='ltr'>S.</span> <span class='ocrx_word' id='word_1_5' title='bbox 1773 434 2295 497; x_wconf 79' lang='lat' dir='ltr'>FRODOBERTI.</span> 
     </span>
    </p>
   </div>
   <div class='ocr_carea' id='block_1_3' title="bbox 3378 443 3498 503">
    <p class='ocr_par' dir='ltr' id='par_1_3' title="bbox 3378 443 3498 503">
     <span class='ocr_line' id='line_1_3' title="bbox 3378 443 3498 503; baseline 0.025 -3"><span class='ocrx_word' id='word_1_6' title='bbox 3378 443 3498 503; x_wconf 81' lang='grc'>610</span> 
     </span>
    </p>
   </div>
   <div class='ocr_carea' id='block_1_4' title="bbox 122 562 3501 642">
    <p class='ocr_par' dir='ltr' id='par_1_4' title="bbox 122 562 3501 642">
     <span class='ocr_line' id='line_1_4' title="bbox 122 562 3501 642; baseline 0.002 -19"><span class='ocrx_word' id='word_1_7' title='bbox 122 566 290 639; x_wconf 99' lang='lat' dir='ltr'>potius</span> <span class='ocrx_word' id='word_1_8' title='bbox 314 567 522 636; x_wconf 88' lang='lat' dir='ltr'>quanto</span> <span class='ocrx_word' id='word_1_9' title='bbox 568 562 881 620; x_wconf 89' lang='lat' dir='ltr'>adversum</span> <span class='ocrx_word' id='word_1_10' title='bbox 928 580 989 619; x_wconf 91' lang='lat' dir='ltr'>se</span> <span class='ocrx_word' id='word_1_11' title='bbox 1038 565 1358 621; x_wconf 83' lang='lat' dir='ltr'>certamina</span> <span class='ocrx_word' id='word_1_12' title='bbox 1402 568 1735 623; x_wconf 82' lang='lat' dir='ltr'>daemonum</span> <span class='ocrx_word' id='word_1_13' title='bbox 1766 570 1821 636; x_wconf 77' lang='grc' dir='ltr'><strong>Α</strong></span> <span class='ocrx_word' id='word_1_14' title='bbox 1850 567 2086 625; x_wconf 90' lang='lat' dir='ltr'>lestium</span> <span class='ocrx_word' id='word_1_15' title='bbox 2128 571 2405 626; x_wconf 92' lang='lat' dir='ltr'>victorem</span> <span class='ocrx_word' id='word_1_16' title='bbox 2438 570 2871 642; x_wconf 89' lang='lat' dir='ltr'>quietissimum</span> <span class='ocrx_word' id='word_1_17' title='bbox 2903 570 3197 628; x_wconf 79' lang='lat' dir='ltr'>solidaret.</span> <span class='ocrx_word' id='word_1_18' title='bbox 3229 572 3382 642; x_wconf 85' lang='lat' dir='ltr'>Jam,</span> <span class='ocrx_word' id='word_1_19' title='bbox 3412 576 3501 631; x_wconf 84' lang='lat' dir='ltr'>in-</span> 
     </span>
    </p>
   </div>
   <div class='ocr_carea' id='block_1_5' title="bbox 120 653 1737 726">
    <p class='ocr_par' dir='ltr' id='par_1_5' title="bbox 120 653 1737 726">
     <span class='ocr_line' id='line_1_5' title="bbox 120 653 1737 726; baseline 0 -14"><span class='ocrx_word' id='word_1_20' title='bbox 120 653 314 713; x_wconf 84' lang='lat' dir='ltr'>acriora</span> <span class='ocrx_word' id='word_1_21' title='bbox 340 656 705 725; x_wconf 88' lang='lat' dir='ltr'>cognoverat,</span> <span class='ocrx_word' id='word_1_22' title='bbox 738 655 901 707; x_wconf 87' lang='lat' dir='ltr'>tanto</span> <span class='ocrx_word' id='word_1_23' title='bbox 931 669 994 708; x_wconf 88' lang='lat' dir='ltr'>se</span> <span class='ocrx_word' id='word_1_24' title='bbox 1024 654 1323 709; x_wconf 77' lang='lat' dir='ltr'>robustius</span> <span class='ocrx_word' id='word_1_25' title='bbox 1358 655 1429 710; x_wconf 89' lang='lat' dir='ltr'>ad</span> <span class='ocrx_word' id='word_1_26' title='bbox 1461 655 1737 726; x_wconf 86' lang='lat' dir='ltr'>spiritua-</span> 
     </span>
    </p>
   </div>
   <div class='ocr_carea' id='block_1_6' title="bbox 120 740 1735 816">
    <p class='ocr_par' dir='ltr' id='par_1_6' title="bbox 120 740 1735 816">
     <span class='ocr_line' id='line_1_6' title="bbox 120 740 1735 816; baseline 0 -17"><span class='ocrx_word' id='word_1_27' title='bbox 120 742 218 799; x_wconf 87' lang='lat' dir='ltr'>lem</span> <span class='ocrx_word' id='word_1_28' title='bbox 233 757 472 815; x_wconf 81' lang='lat' dir='ltr'>pugnam</span> <span class='ocrx_word' id='word_1_29' title='bbox 485 744 691 796; x_wconf 85' lang='lat' dir='ltr'>contra</span> <span class='ocrx_word' id='word_1_30' title='bbox 704 740 1027 796; x_wconf 82' lang='lat' dir='ltr'>invisibiles</span> <span class='ocrx_word' id='word_1_31' title='bbox 1040 741 1333 813; x_wconf 77' lang='lat' dir='ltr'>nequitias</span> <span class='ocrx_word' id='word_1_32' title='bbox 1351 744 1735 816; x_wconf 72' lang='lat' dir='ltr'>prteparabat.</span> 
     </span>
    </p>
   </div>
   <div class='ocr_carea' id='block_1_7' title="bbox 569 829 1245 901">
    <p class='ocr_par' dir='ltr' id='par_1_7' title="bbox 569 829 1245 901">
     <span class='ocr_line' id='line_1_7' title="bbox 569 829 1245 901; baseline 0.003 -18"><span class='ocrx_word' id='word_1_33' title='bbox 569 829 854 901; x_wconf 79' lang='lat' dir='ltr'>Angelicas</span> <span class='ocrx_word' id='word_1_34' title='bbox 884 845 1041 885; x_wconf 81' lang='lat' dir='ltr'>voces</span> <span class='ocrx_word' id='word_1_35' title='bbox 1069 830 1245 885; x_wconf 77' lang='lat' dir='ltr'>audit.</span> 
     </span>
    </p>
   </div>
   <div class='ocr_carea' id='block_1_8' title="bbox 180 917 1740 991">
    <p class='ocr_par' dir='ltr' id='par_1_8' title="bbox 180 917 1740 991">
     <span class='ocr_line' id='line_1_8' title="bbox 180 917 1740 991; baseline 0.001 -16"><span class='ocrx_word' id='word_1_36' title='bbox 180 919 257 975; x_wconf 87' lang='grc'>18.</span> <span class='ocrx_word' id='word_1_37' title='bbox 286 918 472 991; x_wconf 66' lang='lat' dir='ltr'>Operae</span> <span class='ocrx_word' id='word_1_38' title='bbox 504 918 760 990; x_wconf 83' lang='lat' dir='ltr'>pretium</span> <span class='ocrx_word' id='word_1_39' title='bbox 791 924 881 974; x_wconf 91' lang='lat' dir='ltr'>est</span> <span class='ocrx_word' id='word_1_40' title='bbox 912 917 1056 974; x_wconf 90' lang='lat' dir='ltr'>illud</span> <span class='ocrx_word' id='word_1_41' title='bbox 1085 935 1318 991; x_wconf 88' lang='lat' dir='ltr'>quoque</span> <span class='ocrx_word' id='word_1_42' title='bbox 1350 919 1614 975; x_wconf 82' lang='lat' dir='ltr'>fidelium</span> <span class='ocrx_word' id='word_1_43' title='bbox 1644 938 1740 976; x_wconf 88' lang='lat' dir='ltr'>au-</span> 
     </span>
    </p>
   </div>
   <div class='ocr_carea' id='block_1_9' title="bbox 119 1007 1737 1081">
    <p class='ocr_par' dir='ltr' id='par_1_9' title="bbox 119 1007 1737 1081">
     <span class='ocr_line' id='line_1_9' title="bbox 119 1007 1737 1081; baseline 0 -16"><span class='ocrx_word' id='word_1_44' title='bbox 119 1007 259 1065; x_wconf 87' lang='lat' dir='ltr'>ribus</span> <span class='ocrx_word' id='word_1_45' title='bbox 286 1008 698 1081; x_wconf 89' lang='lat' dir='ltr'>tradere,quod</span> <span class='ocrx_word' id='word_1_46' title='bbox 743 1008 796 1064; x_wconf 93' lang='lat' dir='ltr'>ei</span> <span class='ocrx_word' id='word_1_47' title='bbox 843 1024 1014 1080; x_wconf 81' lang='lat' dir='ltr'>saepe,</span> <span class='ocrx_word' id='word_1_48' title='bbox 1049 1012 1342 1064; x_wconf 82' lang='lat' dir='ltr'>annuente</span> <span class='ocrx_word' id='word_1_49' title='bbox 1375 1008 1621 1065; x_wconf 90' lang='lat' dir='ltr'>Domino</span> <span class='ocrx_word' id='word_1_50' title='bbox 1649 1027 1737 1065; x_wconf 91' lang='lat' dir='ltr'>se-</span> 
     </span>
    </p>
   </div>
   <div class='ocr_carea' id='block_1_10' title="bbox 119 1096 1737 1169">
    <p class='ocr_par' dir='ltr' id='par_1_10' title="bbox 119 1096 1737 1169">
     <span class='ocr_line' id='line_1_10' title="bbox 119 1096 1737 1169; baseline 0.001 -17"><span class='ocrx_word' id='word_1_51' title='bbox 119 1102 255 1152; x_wconf 88' lang='lat' dir='ltr'>creta</span> <span class='ocrx_word' id='word_1_52' title='bbox 281 1096 523 1153; x_wconf 87' lang='lat' dir='ltr'>ccclestis</span> <span class='ocrx_word' id='word_1_53' title='bbox 543 1096 718 1152; x_wconf 69' lang='lat' dir='ltr'>curia:</span> <span class='ocrx_word' id='word_1_54' title='bbox 738 1098 1173 1169; x_wconf 76' lang='lat' dir='ltr'>pandebantur;</span> <span class='ocrx_word' id='word_1_55' title='bbox 1199 1101 1255 1153; x_wconf 90' lang='lat' dir='ltr'>et</span> <span class='ocrx_word' id='word_1_56' title='bbox 1275 1099 1553 1169; x_wconf 87' lang='lat' dir='ltr'>quoniam</span> <span class='ocrx_word' id='word_1_57' title='bbox 1586 1116 1737 1154; x_wconf 90' lang='lat' dir='ltr'>sem-</span> 
     </span>
    </p>
   </div>
   <div class='ocr_carea' id='block_1_11' title="bbox 119 1185 1737 1258">
    <p class='ocr_par' dir='ltr' id='par_1_11' title="bbox 119 1185 1737 1258">
     <span class='ocr_line' id='line_1_11' title="bbox 119 1185 1737 1258; baseline 0.001 -17"><span class='ocrx_word' id='word_1_58' title='bbox 119 1190 391 1257; x_wconf 87' lang='lat' dir='ltr'>permentc</span> <span class='ocrx_word' id='word_1_59' title='bbox 409 1188 464 1240; x_wconf 89' lang='lat' dir='ltr'>in</span> <span class='ocrx_word' id='word_1_60' title='bbox 489 1185 827 1241; x_wconf 79' lang='lat' dir='ltr'>cmlestibus</span> <span class='ocrx_word' id='word_1_61' title='bbox 843 1186 1453 1253; x_wconf 73' lang='lat' dir='ltr'>habitaliat,haustum</span> <span class='ocrx_word' id='word_1_62' title='bbox 1473 1206 1737 1258; x_wconf 69' lang='lat' dir='ltr'>superna:</span> 
     </span>
    </p>
   </div>
   <div class='ocr_carea' id='block_1_12' title="bbox 110 1274 1737 1348">
    <p class='ocr_par' dir='ltr' id='par_1_12' title="bbox 110 1274 1737 1348">
     <span class='ocr_line' id='line_1_12' title="bbox 110 1274 1737 1348; baseline 0.002 -20"><span class='ocrx_word' id='word_1_63' title='bbox 110 1274 466 1345; x_wconf 87' lang='lat' dir='ltr'>jucunditatis</span> <span class='ocrx_word' id='word_1_64' title='bbox 497 1276 696 1330; x_wconf 91' lang='lat' dir='ltr'>divina</span> <span class='ocrx_word' id='word_1_65' title='bbox 742 1276 793 1329; x_wconf 92' lang='lat' dir='ltr'>ei</span> <span class='ocrx_word' id='word_1_66' title='bbox 836 1276 1020 1347; x_wconf 88' lang='lat' dir='ltr'>pietas</span> <span class='ocrx_word' id='word_1_67' title='bbox 1060 1276 1419 1346; x_wconf 86' lang='lat' dir='ltr'>frequentius</span> <span class='ocrx_word' id='word_1_68' title='bbox 1464 1277 1737 1348; x_wconf 85' lang='lat' dir='ltr'>propina-</span> 
     </span>
    </p>
   </div>
   <div class='ocr_carea' id='block_1_13' title="bbox 116 1362 1737 1436">
    <p class='ocr_par' dir='ltr' id='par_1_13' title="bbox 116 1362 1737 1436">
     <span class='ocr_line' id='line_1_13' title="bbox 116 1362 1737 1436; baseline 0.002 -20"><span class='ocrx_word' id='word_1_69' title='bbox 116 1362 218 1429; x_wconf 86' lang='lat' dir='ltr'>bat,</span> <span class='ocrx_word' id='word_1_70' title='bbox 250 1368 307 1419; x_wconf 92' lang='lat' dir='ltr'>ut</span> <span class='ocrx_word' id='word_1_71' title='bbox 336 1369 494 1418; x_wconf 89' lang='lat' dir='ltr'>tanto</span> <span class='ocrx_word' id='word_1_72' title='bbox 527 1365 601 1419; x_wconf 90' lang='lat' dir='ltr'>ad</span> <span class='ocrx_word' id='word_1_73' title='bbox 648 1364 801 1418; x_wconf 89' lang='lat' dir='ltr'>hanc</span> <span class='ocrx_word' id='word_1_74' title='bbox 850 1364 1152 1418; x_wconf 83' lang='lat' dir='ltr'>ardentius</span> <span class='ocrx_word' id='word_1_75' title='bbox 1201 1369 1475 1432; x_wconf 87' lang='lat' dir='ltr'>curreret,</span> <span class='ocrx_word' id='word_1_76' title='bbox 1521 1370 1737 1436; x_wconf 86' lang='lat' dir='ltr'>quanto</span> 
     </span>
    </p>
   </div>
   <div class='ocr_carea' id='block_1_14' title="bbox 117 1452 1735 1525">
    <p class='ocr_par' dir='ltr' id='par_1_14' title="bbox 117 1452 1735 1525">
     <span class='ocr_line' id='line_1_14' title="bbox 117 1452 1735 1525; baseline 0.002 -20"><span class='ocrx_word' id='word_1_77' title='bbox 117 1453 386 1507; x_wconf 81' lang='lat' dir='ltr'>suavitatis</span> <span class='ocrx_word' id='word_1_78' title='bbox 402 1454 532 1524; x_wconf 86' lang='lat' dir='ltr'>ejus</span> <span class='ocrx_word' id='word_1_79' title='bbox 554 1452 925 1507; x_wconf 83' lang='lat' dir='ltr'>dulcedinem</span> <span class='ocrx_word' id='word_1_80' title='bbox 949 1452 1318 1523; x_wconf 81' lang='lat' dir='ltr'>appetentius</span> <span class='ocrx_word' id='word_1_81' title='bbox 1343 1454 1735 1525; x_wconf 72' lang='lat' dir='ltr'>degustasset.</span> 
     </span>
    </p>
   </div>
   <div class='ocr_carea' id='block_1_15' title="bbox 114 1537 1738 1613">
    <p class='ocr_par' dir='ltr' id='par_1_15' title="bbox 114 1537 1738 1613">
     <span class='ocr_line' id='line_1_15' title="bbox 114 1537 1738 1613; baseline 0.002 -19"><span class='ocrx_word' id='word_1_82' title='bbox 114 1537 206 1594; x_wconf 91' lang='lat' dir='ltr'>Die</span> <span class='ocrx_word' id='word_1_83' title='bbox 223 1540 362 1595; x_wconf 90' lang='lat' dir='ltr'>enim</span> <span class='ocrx_word' id='word_1_84' title='bbox 380 1542 639 1612; x_wconf 88' lang='lat' dir='ltr'>quadam</span> <span class='ocrx_word' id='word_1_85' title='bbox 656 1540 1003 1596; x_wconf 88' lang='lat' dir='ltr'>venerabilis</span> <span class='ocrx_word' id='word_1_86' title='bbox 1020 1541 1456 1597; x_wconf 88' lang='lat' dir='ltr'>&#39;I‘heudecarius</span> <span class='ocrx_word' id='word_1_87' title='bbox 1474 1543 1738 1613; x_wconf 81' lang='lat' dir='ltr'>ejusdem</span> 
     </span>
    </p>
   </div>
   <div class='ocr_carea' id='block_1_16' title="bbox 115 1627 1738 1702">
    <p class='ocr_par' dir='ltr' id='par_1_16' title="bbox 115 1627 1738 1702">
     <span class='ocr_line' id='line_1_16' title="bbox 115 1627 1738 1702; baseline 0.001 -19"><span class='ocrx_word' id='word_1_88' title='bbox 115 1627 275 1685; x_wconf 79' lang='lat' dir='ltr'>abbas</span> <span class='ocrx_word' id='word_1_89' title='bbox 301 1629 586 1699; x_wconf 81' lang='lat' dir='ltr'>suburbii,</span> <span class='ocrx_word' id='word_1_90' title='bbox 608 1628 961 1685; x_wconf 87' lang='lat' dir='ltr'>visitationis</span> <span class='ocrx_word' id='word_1_91' title='bbox 993 1629 1209 1702; x_wconf 89' lang='lat' dir='ltr'>pariter</span> <span class='ocrx_word' id='word_1_92' title='bbox 1238 1634 1295 1684; x_wconf 91' lang='lat' dir='ltr'>et</span> <span class='ocrx_word' id='word_1_93' title='bbox 1333 1629 1738 1685; x_wconf 87' lang='lat' dir='ltr'>instructionis</span> 
     </span>
    </p>
   </div>
   <div class='ocr_carea' id='block_1_17' title="bbox 114 1717 1740 1791">
    <p class='ocr_par' dir='ltr' id='par_1_17' title="bbox 114 1717 1740 1791">
     <span class='ocr_line' id='line_1_17' title="bbox 114 1717 1740 1791; baseline 0.001 -20"><span class='ocrx_word' id='word_1_94' title='bbox 114 1732 217 1772; x_wconf 72' lang='lat' dir='ltr'>suae</span> <span class='ocrx_word' id='word_1_95' title='bbox 239 1717 413 1790; x_wconf 87' lang='lat' dir='ltr'>gratia</span> <span class='ocrx_word' id='word_1_96' title='bbox 432 1718 508 1774; x_wconf 90' lang='lat' dir='ltr'>ad</span> <span class='ocrx_word' id='word_1_97' title='bbox 536 1734 673 1773; x_wconf 90' lang='lat' dir='ltr'>cum</span> <span class='ocrx_word' id='word_1_98' title='bbox 702 1721 1039 1787; x_wconf 90' lang='lat' dir='ltr'>venerat,ut</span> <span class='ocrx_word' id='word_1_99' title='bbox 1070 1735 1198 1773; x_wconf 89' lang='lat' dir='ltr'>mos</span> <span class='ocrx_word' id='word_1_100' title='bbox 1230 1724 1353 1774; x_wconf 87' lang='lat' dir='ltr'>erat</span> <span class='ocrx_word' id='word_1_101' title='bbox 1384 1720 1612 1775; x_wconf 89' lang='lat' dir='ltr'>cunctis</span> <span class='ocrx_word' id='word_1_102' title='bbox 1639 1735 1740 1791; x_wconf 91' lang='lat' dir='ltr'>per</span> 
     </span>
    </p>
   </div>
   <div class='ocr_carea' id='block_1_18' title="bbox 111 1803 1740 1878">
    <p class='ocr_par' dir='ltr' id='par_1_18' title="bbox 111 1803 1740 1878">
     <span class='ocr_line' id='line_1_18' title="bbox 111 1803 1740 1878; baseline 0.002 -20"><span class='ocrx_word' id='word_1_103' title='bbox 111 1803 389 1861; x_wconf 85' lang='lat' dir='ltr'>circuitum</span> <span class='ocrx_word' id='word_1_104' title='bbox 411 1805 704 1878; x_wconf 84' lang='lat' dir='ltr'>religiosis</span> <span class='ocrx_word' id='word_1_105' title='bbox 736 1805 893 1862; x_wconf 83' lang='lat' dir='ltr'>hanc</span> <span class='ocrx_word' id='word_1_106' title='bbox 910 1805 1108 1878; x_wconf 90' lang='lat' dir='ltr'>ipsum</span> <span class='ocrx_word' id='word_1_107' title='bbox 1135 1812 1403 1863; x_wconf 88' lang='lat' dir='ltr'>sanctum</span> <span class='ocrx_word' id='word_1_108' title='bbox 1423 1808 1612 1863; x_wconf 89' lang='lat' dir='ltr'>virum</span> <span class='ocrx_word' id='word_1_109' title='bbox 1636 1807 1740 1862; x_wconf 88' lang='lat' dir='ltr'>fre-</span> 
     </span>
    </p>
   </div>
   <div class='ocr_carea' id='block_1_19' title="bbox 112 1896 1741 1967">
    <p class='ocr_par' dir='ltr' id='par_1_19' title="bbox 112 1896 1741 1967">
     <span class='ocr_line' id='line_1_19' title="bbox 112 1896 1741 1967; baseline 0.002 -20"><span class='ocrx_word' id='word_1_110' title='bbox 112 1897 331 1963; x_wconf 82' lang='lat' dir='ltr'>quenter</span> <span class='ocrx_word' id='word_1_111' title='bbox 355 1900 642 1967; x_wconf 82' lang='lat' dir='ltr'>expetere,</span> <span class='ocrx_word' id='word_1_112' title='bbox 660 1899 953 1967; x_wconf 85' lang='lat' dir='ltr'>quatenus</span> <span class='ocrx_word' id='word_1_113' title='bbox 983 1896 1113 1966; x_wconf 87' lang='lat' dir='ltr'>ejus</span> <span class='ocrx_word' id='word_1_114' title='bbox 1136 1901 1191 1951; x_wconf 90' lang='lat' dir='ltr'>et</span> <span class='ocrx_word' id='word_1_115' title='bbox 1220 1896 1616 1951; x_wconf 85' lang='lat' dir='ltr'>exhortatione</span> <span class='ocrx_word' id='word_1_116' title='bbox 1658 1897 1741 1951; x_wconf 81' lang='lat' dir='ltr'>in-</span> 
     </span>
    </p>
   </div>
   <div class='ocr_carea' id='block_1_20' title="bbox 110 1982 1735 2055">
    <p class='ocr_par' dir='ltr' id='par_1_20' title="bbox 110 1982 1735 2055">
     <span class='ocr_line' id='line_1_20' title="bbox 110 1982 1735 2055; baseline 0.002 -20"><span class='ocrx_word' id='word_1_117' title='bbox 110 1982 322 2051; x_wconf 86' lang='lat' dir='ltr'>strui,et</span> <span class='ocrx_word' id='word_1_118' title='bbox 345 1983 750 2039; x_wconf 89' lang='lat' dir='ltr'>benedictione</span> <span class='ocrx_word' id='word_1_119' title='bbox 780 1988 1020 2055; x_wconf 87' lang='lat' dir='ltr'>possent</span> <span class='ocrx_word' id='word_1_120' title='bbox 1050 1984 1425 2040; x_wconf 85' lang='lat' dir='ltr'>sanctissima</span> <span class='ocrx_word' id='word_1_121' title='bbox 1456 1986 1735 2041; x_wconf 91' lang='lat' dir='ltr'>roborari.</span> 
     </span>
    </p>
   </div>
   <div class='ocr_carea' id='block_1_21' title="bbox 110 2067 1739 2143">
    <p class='ocr_par' dir='ltr' id='par_1_21' title="bbox 110 2067 1739 2143">
     <span class='ocr_line' id='line_1_21' title="bbox 110 2067 1739 2143; baseline 0.004 -20"><span class='ocrx_word' id='word_1_122' title='bbox 110 2067 235 2125; x_wconf 85' lang='lat' dir='ltr'>Cum</span> <span class='ocrx_word' id='word_1_123' title='bbox 262 2070 453 2143; x_wconf 85' lang='lat' dir='ltr'>itaque</span> <span class='ocrx_word' id='word_1_124' title='bbox 486 2071 641 2127; x_wconf 89' lang='lat' dir='ltr'>circa</span> <span class='ocrx_word' id='word_1_125' title='bbox 670 2072 874 2127; x_wconf 89' lang='lat' dir='ltr'>horam</span> <span class='ocrx_word' id='word_1_126' title='bbox 909 2074 1025 2127; x_wconf 84' lang='lat' dir='ltr'>fere</span> <span class='ocrx_word' id='word_1_127' title='bbox 1066 2074 1298 2128; x_wconf 90' lang='lat' dir='ltr'>tertiam</span> <span class='ocrx_word' id='word_1_128' title='bbox 1350 2074 1739 2130; x_wconf 86' lang='lat' dir='ltr'>Frodobertus</span> 
     </span>
    </p>
   </div>
   <div class='ocr_carea' id='block_1_22' title="bbox 109 2155 1741 2232">
    <p class='ocr_par' dir='ltr' id='par_1_22' title="bbox 109 2155 1741 2232">
     <span class='ocr_line' id='line_1_22' title="bbox 109 2155 1741 2232; baseline 0.005 -21"><span class='ocrx_word' id='word_1_129' title='bbox 109 2155 301 2227; x_wconf 89' lang='lat' dir='ltr'>Spiritu</span> <span class='ocrx_word' id='word_1_130' title='bbox 332 2165 534 2216; x_wconf 89' lang='lat' dir='ltr'>sancto</span> <span class='ocrx_word' id='word_1_131' title='bbox 565 2159 794 2232; x_wconf 90' lang='lat' dir='ltr'>plenus,</span> <span class='ocrx_word' id='word_1_132' title='bbox 810 2177 945 2217; x_wconf 89' lang='lat' dir='ltr'>cum</span> <span class='ocrx_word' id='word_1_133' title='bbox 968 2162 1208 2232; x_wconf 57' lang='lat' dir='ltr'>praefato</span> <span class='ocrx_word' id='word_1_134' title='bbox 1231 2161 1351 2217; x_wconf 87' lang='lat' dir='ltr'>viro</span> <span class='ocrx_word' id='word_1_135' title='bbox 1373 2162 1741 2219; x_wconf 87' lang='lat' dir='ltr'>Christianis-</span> 
     </span>
    </p>
   </div>
   <div class='ocr_carea' id='block_1_23' title="bbox 108 2245 1739 2322">
    <p class='ocr_par' dir='ltr' id='par_1_23' title="bbox 108 2245 1739 2322">
     <span class='ocr_line' id='line_1_23' title="bbox 108 2245 1739 2322; baseline 0.004 -24"><span class='ocrx_word' id='word_1_136' title='bbox 108 2245 237 2302; x_wconf 84' lang='lat' dir='ltr'>simo</span> <span class='ocrx_word' id='word_1_137' title='bbox 265 2246 661 2304; x_wconf 89' lang='lat' dir='ltr'>Theudecario</span> <span class='ocrx_word' id='word_1_138' title='bbox 692 2250 921 2316; x_wconf 88' lang='lat' dir='ltr'>abbate,</span> <span class='ocrx_word' id='word_1_139' title='bbox 956 2250 1322 2304; x_wconf 85' lang='lat' dir='ltr'>fructuosum</span> <span class='ocrx_word' id='word_1_140' title='bbox 1347 2267 1409 2305; x_wconf 88' lang='lat' dir='ltr'>ac</span> <span class='ocrx_word' id='word_1_141' title='bbox 1438 2250 1739 2322; x_wconf 89' lang='lat' dir='ltr'>spirituale</span> 
     </span>
    </p>
   </div>
   <div class='ocr_carea' id='block_1_24' title="bbox 107 2332 1737 2410">
    <p class='ocr_par' dir='ltr' id='par_1_24' title="bbox 107 2332 1737 2410">
     <span class='ocr_line' id='line_1_24' title="bbox 107 2332 1737 2410; baseline 0.004 -24"><span class='ocrx_word' id='word_1_142' title='bbox 107 2332 431 2406; x_wconf 87' lang='lat' dir='ltr'>colloquium</span> <span class='ocrx_word' id='word_1_143' title='bbox 466 2342 706 2406; x_wconf 84' lang='lat' dir='ltr'>sereret,</span> <span class='ocrx_word' id='word_1_144' title='bbox 743 2337 963 2393; x_wconf 86' lang='lat' dir='ltr'>audivit</span> <span class='ocrx_word' id='word_1_145' title='bbox 996 2337 1336 2410; x_wconf 84' lang='lat' dir='ltr'>angelorum</span> <span class='ocrx_word' id='word_1_146' title='bbox 1369 2339 1576 2393; x_wconf 89' lang='lat' dir='ltr'>choros</span> <span class='ocrx_word' id='word_1_147' title='bbox 1604 2339 1737 2393; x_wconf 86' lang='lat' dir='ltr'>har-</span> 
     </span>
    </p>
   </div>
   <div class='ocr_carea' id='block_1_25' title="bbox 109 2424 1739 2498">
    <p class='ocr_par' dir='ltr' id='par_1_25' title="bbox 109 2424 1739 2498">
     <span class='ocr_line' id='line_1_25' title="bbox 109 2424 1739 2498; baseline 0.003 -22"><span class='ocrx_word' id='word_1_148' title='bbox 109 2424 313 2480; x_wconf 88' lang='lat' dir='ltr'>monica</span> <span class='ocrx_word' id='word_1_149' title='bbox 353 2426 647 2482; x_wconf 84' lang='lat' dir='ltr'>suavitate</span> <span class='ocrx_word' id='word_1_150' title='bbox 692 2425 1093 2498; x_wconf 84' lang='lat' dir='ltr'>inelfabilique</span> <span class='ocrx_word' id='word_1_151' title='bbox 1142 2432 1429 2483; x_wconf 89' lang='lat' dir='ltr'>concentu</span> <span class='ocrx_word' id='word_1_152' title='bbox 1478 2426 1739 2484; x_wconf 74' lang='lat' dir='ltr'>cmlestes</span> 
     </span>
    </p>
   </div>
   <div class='ocr_carea' id='block_1_26' title="bbox 106 2507 1739 2587">
    <p class='ocr_par' dir='ltr' id='par_1_26' title="bbox 106 2507 1739 2587">
     <span class='ocr_line' id='line_1_26' title="bbox 106 2507 1739 2587; baseline 0.003 -22"><span class='ocrx_word' id='word_1_153' title='bbox 106 2507 328 2583; x_wconf 79' lang='lat' dir='ltr'>hymnos</span> <span class='ocrx_word' id='word_1_154' title='bbox 359 2516 430 2571; x_wconf 90' lang='lat' dir='ltr'>ad</span> <span class='ocrx_word' id='word_1_155' title='bbox 459 2519 681 2570; x_wconf 64' lang='lat' dir='ltr'>sancta:</span> <span class='ocrx_word' id='word_1_156' title='bbox 710 2520 769 2571; x_wconf 91' lang='lat' dir='ltr'>et</span> <span class='ocrx_word' id='word_1_157' title='bbox 798 2514 1114 2570; x_wconf 69' lang='lat' dir='ltr'>individua:</span> <span class='ocrx_word' id='word_1_158' title='bbox 1145 2515 1451 2571; x_wconf 85' lang='lat' dir='ltr'>Trinitatis</span> <span class='ocrx_word' id='word_1_159' title='bbox 1490 2514 1739 2587; x_wconf 86' lang='lat' dir='ltr'>gloriam</span> 
     </span>
    </p>
   </div>
   <div class='ocr_carea' id='block_1_27' title="bbox 106 2601 1739 2675">
    <p class='ocr_par' dir='ltr' id='par_1_27' title="bbox 106 2601 1739 2675">
     <span class='ocr_line' id='line_1_27' title="bbox 106 2601 1739 2675; baseline 0.004 -21"><span class='ocrx_word' id='word_1_160' title='bbox 106 2601 473 2660; x_wconf 85' lang='lat' dir='ltr'>concinentes.</span> <span class='ocrx_word' id='word_1_161' title='bbox 510 2604 699 2675; x_wconf 84' lang='lat' dir='ltr'>Cujus</span> <span class='ocrx_word' id='word_1_162' title='bbox 726 2620 1000 2660; x_wconf 90' lang='lat' dir='ltr'>canerem</span> <span class='ocrx_word' id='word_1_163' title='bbox 1046 2603 1375 2659; x_wconf 88' lang='lat' dir='ltr'>dulcedinis</span> <span class='ocrx_word' id='word_1_164' title='bbox 1426 2608 1739 2675; x_wconf 88' lang='lat' dir='ltr'>postquam</span> 
     </span>
    </p>
   </div>
   <div class='ocr_carea' id='block_1_28' title="bbox 104 2685 1743 2764">
    <p class='ocr_par' dir='ltr' id='par_1_28' title="bbox 104 2685 1743 2764">
     <span class='ocr_line' id='line_1_28' title="bbox 104 2685 1743 2764; baseline 0.004 -23"><span class='ocrx_word' id='word_1_165' title='bbox 104 2685 421 2760; x_wconf 83' lang='lat' dir='ltr'>aliquandiu</span> <span class='ocrx_word' id='word_1_166' title='bbox 439 2692 711 2749; x_wconf 82' lang='lat' dir='ltr'>attonitis</span> <span class='ocrx_word' id='word_1_167' title='bbox 734 2692 975 2748; x_wconf 88' lang='lat' dir='ltr'>auribus</span> <span class='ocrx_word' id='word_1_168' title='bbox 990 2692 1209 2758; x_wconf 87' lang='lat' dir='ltr'>hausit,</span> <span class='ocrx_word' id='word_1_169' title='bbox 1226 2693 1534 2764; x_wconf 63' lang='lat' dir='ltr'>praefatum</span> <span class='ocrx_word' id='word_1_170' title='bbox 1555 2693 1743 2749; x_wconf 86' lang='lat' dir='ltr'>Theu-</span> 
     </span>
    </p>
   </div>
   <div class='ocr_carea' id='block_1_29' title="bbox 104 2774 1738 2848">
    <p class='ocr_par' dir='ltr' id='par_1_29' title="bbox 104 2774 1738 2848">
     <span class='ocr_line' id='line_1_29' title="bbox 104 2774 1738 2848; baseline 0.004 -18"><span class='ocrx_word' id='word_1_171' title='bbox 104 2774 373 2835; x_wconf 84' lang='lat' dir='ltr'>deearium</span> <span class='ocrx_word' id='word_1_172' title='bbox 403 2781 549 2837; x_wconf 89' lang='lat' dir='ltr'>huic</span> <span class='ocrx_word' id='word_1_173' title='bbox 566 2780 851 2838; x_wconf 86' lang='lat' dir='ltr'>miraculo</span> <span class='ocrx_word' id='word_1_174' title='bbox 880 2785 1086 2837; x_wconf 86' lang='lat' dir='ltr'>testem</span> <span class='ocrx_word' id='word_1_175' title='bbox 1111 2781 1400 2837; x_wconf 87' lang='lat' dir='ltr'>adhibuit.</span> <span class='ocrx_word' id='word_1_176' title='bbox 1420 2783 1542 2848; x_wconf 86' lang='lat' dir='ltr'>Quo</span> <span class='ocrx_word' id='word_1_177' title='bbox 1564 2780 1738 2837; x_wconf 89' lang='lat' dir='ltr'>etiam</span> 
     </span>
    </p>
   </div>
   <div class='ocr_carea' id='block_1_30' title="bbox 104 2868 1739 2941">
    <p class='ocr_par' dir='ltr' id='par_1_30' title="bbox 104 2868 1739 2941">
     <span class='ocr_line' id='line_1_30' title="bbox 104 2868 1739 2941; baseline 0.003 -21"><span class='ocrx_word' id='word_1_178' title='bbox 104 2869 452 2933; x_wconf 87' lang='lat' dir='ltr'>postmodum</span> <span class='ocrx_word' id='word_1_179' title='bbox 486 2870 791 2937; x_wconf 83' lang='lat' dir='ltr'>referente,</span> <span class='ocrx_word' id='word_1_180' title='bbox 817 2870 889 2925; x_wconf 88' lang='lat' dir='ltr'>ad</span> <span class='ocrx_word' id='word_1_181' title='bbox 922 2870 1191 2925; x_wconf 88' lang='lat' dir='ltr'>notitiam</span> <span class='ocrx_word' id='word_1_182' title='bbox 1224 2868 1615 2941; x_wconf 89' lang='lat' dir='ltr'>plurimorum</span> <span class='ocrx_word' id='word_1_183' title='bbox 1647 2886 1739 2925; x_wconf 89' lang='lat' dir='ltr'>res</span> 
     </span>
    </p>
   </div>
   <div class='ocr_carea' id='block_1_31' title="bbox 102 2954 1742 3031">
    <p class='ocr_par' dir='ltr' id='par_1_31' title="bbox 102 2954 1742 3031">
     <span class='ocr_line' id='line_1_31' title="bbox 102 2954 1742 3031; baseline 0.004 -25"><span class='ocrx_word' id='word_1_184' title='bbox 102 2954 204 3008; x_wconf 80' lang='lat' dir='ltr'>tam</span> <span class='ocrx_word' id='word_1_185' title='bbox 230 2957 477 3014; x_wconf 82' lang='lat' dir='ltr'>mirifica</span> <span class='ocrx_word' id='word_1_186' title='bbox 509 2958 793 3013; x_wconf 89' lang='lat' dir='ltr'>decurrit.</span> <span class='ocrx_word' id='word_1_187' title='bbox 827 2958 873 3013; x_wconf 92' lang='grc' dir='ltr'>Ο</span> <span class='ocrx_word' id='word_1_188' title='bbox 904 2958 1057 3013; x_wconf 89' lang='lat' dir='ltr'>beati</span> <span class='ocrx_word' id='word_1_189' title='bbox 1086 2957 1191 3012; x_wconf 91' lang='lat' dir='ltr'>viri</span> <span class='ocrx_word' id='word_1_190' title='bbox 1224 2958 1500 3013; x_wconf 91' lang='lat' dir='ltr'>meritum</span> <span class='ocrx_word' id='word_1_191' title='bbox 1546 2958 1742 3031; x_wconf 86' lang='lat' dir='ltr'>singu-</span> 
     </span>
    </p>
   </div>
   <div class='ocr_carea' id='block_1_32' title="bbox 102 3037 1737 3119">
    <p class='ocr_par' dir='ltr' id='par_1_32' title="bbox 102 3037 1737 3119">
     <span class='ocr_line' id='line_1_32' title="bbox 102 3037 1737 3119; baseline 0.003 -23"><span class='ocrx_word' id='word_1_192' title='bbox 102 3037 227 3097; x_wconf 82' lang='lat' dir='ltr'>larel</span> <span class='ocrx_word' id='word_1_193' title='bbox 259 3045 354 3118; x_wconf 89' lang='lat' dir='ltr'>qui</span> <span class='ocrx_word' id='word_1_194' title='bbox 386 3046 666 3119; x_wconf 88' lang='lat' dir='ltr'>quamvis</span> <span class='ocrx_word' id='word_1_195' title='bbox 696 3046 887 3102; x_wconf 89' lang='lat' dir='ltr'>adhuc</span> <span class='ocrx_word' id='word_1_196' title='bbox 918 3046 1125 3102; x_wconf 90' lang='lat' dir='ltr'>mundi</span> <span class='ocrx_word' id='word_1_197' title='bbox 1158 3045 1476 3101; x_wconf 90' lang='lat' dir='ltr'>incolatum</span> <span class='ocrx_word' id='word_1_198' title='bbox 1519 3053 1737 3118; x_wconf 84' lang='lat' dir='ltr'>ageret,</span> 
     </span>
    </p>
   </div>
   <div class='ocr_carea' id='block_1_33' title="bbox 102 3134 1741 3208">
    <p class='ocr_par' dir='ltr' id='par_1_33' title="bbox 102 3134 1741 3208">
     <span class='ocr_line' id='line_1_33' title="bbox 102 3134 1741 3208; baseline 0.002 -21"><span class='ocrx_word' id='word_1_199' title='bbox 102 3144 247 3189; x_wconf 68' lang='lat' dir='ltr'>voces</span> <span class='ocrx_word' id='word_1_200' title='bbox 275 3138 469 3191; x_wconf 87' lang='lat' dir='ltr'>tamen</span> <span class='ocrx_word' id='word_1_201' title='bbox 507 3136 864 3207; x_wconf 85' lang='lat' dir='ltr'>agnoscebat</span> <span class='ocrx_word' id='word_1_202' title='bbox 885 3135 943 3190; x_wconf 89' lang='lat' dir='ltr'>in</span> <span class='ocrx_word' id='word_1_203' title='bbox 976 3135 1135 3189; x_wconf 80' lang='lat' dir='ltr'>cmlis</span> <span class='ocrx_word' id='word_1_204' title='bbox 1167 3134 1741 3208; x_wconf 85' lang='lat' dir='ltr'>angelicas,Redem-</span> 
     </span>
    </p>
   </div>
   <div class='ocr_carea' id='block_1_34' title="bbox 101 3220 1742 3295">
    <p class='ocr_par' dir='ltr' id='par_1_34' title="bbox 101 3220 1742 3295">
     <span class='ocr_line' id='line_1_34' title="bbox 101 3220 1742 3295; baseline 0.004 -21"><span class='ocrx_word' id='word_1_205' title='bbox 101 3220 238 3289; x_wconf 84' lang='lat' dir='ltr'>ptore</span> <span class='ocrx_word' id='word_1_206' title='bbox 266 3228 465 3280; x_wconf 87' lang='lat' dir='ltr'>nostro</span> <span class='ocrx_word' id='word_1_207' title='bbox 498 3224 615 3280; x_wconf 87' lang='lat' dir='ltr'>hoc</span> <span class='ocrx_word' id='word_1_208' title='bbox 645 3223 730 3278; x_wconf 89' lang='lat' dir='ltr'>illi</span> <span class='ocrx_word' id='word_1_209' title='bbox 763 3224 1043 3279; x_wconf 89' lang='lat' dir='ltr'>divinitus</span> <span class='ocrx_word' id='word_1_210' title='bbox 1093 3222 1396 3295; x_wconf 86' lang='lat' dir='ltr'>largiente,</span> <span class='ocrx_word' id='word_1_211' title='bbox 1433 3224 1531 3295; x_wconf 88' lang='lat' dir='ltr'>qui</span> <span class='ocrx_word' id='word_1_212' title='bbox 1572 3225 1742 3280; x_wconf 90' lang='lat' dir='ltr'>disci-</span> 
     </span>
    </p>
   </div>
   <div class='ocr_carea' id='block_1_35' title="bbox 1848 659 3504 732">
    <p class='ocr_par' dir='ltr' id='par_1_35' title="bbox 1848 659 3504 732">
     <span class='ocr_line' id='line_1_35' title="bbox 1848 659 3504 732; baseline 0.004 -19"><span class='ocrx_word' id='word_1_213' title='bbox 1848 675 2049 729; x_wconf 89' lang='lat' dir='ltr'>quam,</span> <span class='ocrx_word' id='word_1_214' title='bbox 2089 664 2323 731; x_wconf 90' lang='lat' dir='ltr'>tempus</span> <span class='ocrx_word' id='word_1_215' title='bbox 2380 659 2600 727; x_wconf 89' lang='lat' dir='ltr'>aderat,</span> <span class='ocrx_word' id='word_1_216' title='bbox 2638 664 2703 714; x_wconf 90' lang='lat' dir='ltr'>ut</span> <span class='ocrx_word' id='word_1_217' title='bbox 2750 677 2853 732; x_wconf 90' lang='lat' dir='ltr'>pro</span> <span class='ocrx_word' id='word_1_218' title='bbox 2912 659 3232 716; x_wconf 88' lang='lat' dir='ltr'>multorum</span> <span class='ocrx_word' id='word_1_219' title='bbox 3292 663 3504 720; x_wconf 83' lang='lat' dir='ltr'>sudore</span> 
     </span>
    </p>
   </div>
   <div class='ocr_carea' id='block_1_36' title="bbox 1849 747 3500 820">
    <p class='ocr_par' dir='ltr' id='par_1_36' title="bbox 1849 747 3500 820">
     <span class='ocr_line' id='line_1_36' title="bbox 1849 747 3500 820; baseline 0.003 -19"><span class='ocrx_word' id='word_1_220' title='bbox 1849 748 2371 819; x_wconf 88' lang='lat' dir='ltr'>certaminum,pro</span> <span class='ocrx_word' id='word_1_221' title='bbox 2392 747 2711 820; x_wconf 87' lang='lat' dir='ltr'>singularis</span> <span class='ocrx_word' id='word_1_222' title='bbox 2734 748 3100 805; x_wconf 64' lang='lat' dir='ltr'>abstinentia:</span> <span class='ocrx_word' id='word_1_223' title='bbox 3118 750 3500 817; x_wconf 88' lang='lat' dir='ltr'>cruciatibus,</span> 
     </span>
    </p>
   </div>
   <div class='ocr_carea' id='block_1_37' title="bbox 1848 836 3500 911">
    <p class='ocr_par' dir='ltr' id='par_1_37' title="bbox 1848 836 3500 911">
     <span class='ocr_line' id='line_1_37' title="bbox 1848 836 3500 911; baseline 0.004 -22"><span class='ocrx_word' id='word_1_224' title='bbox 1848 852 1952 907; x_wconf 91' lang='lat' dir='ltr'>pro</span> <span class='ocrx_word' id='word_1_225' title='bbox 1984 836 2272 892; x_wconf 90' lang='lat' dir='ltr'>universis</span> <span class='ocrx_word' id='word_1_226' title='bbox 2295 837 2547 909; x_wconf 90' lang='lat' dir='ltr'>denique</span> <span class='ocrx_word' id='word_1_227' title='bbox 2576 838 2851 910; x_wconf 85' lang='lat' dir='ltr'>Operibus</span> <span class='ocrx_word' id='word_1_228' title='bbox 2881 838 3361 909; x_wconf 88' lang='lat' dir='ltr'>pietatis,fessum</span> <span class='ocrx_word' id='word_1_229' title='bbox 3371 840 3500 911; x_wconf 90' lang='lat' dir='ltr'>jam</span> 
     </span>
    </p>
   </div>
   <div class='ocr_carea' id='block_1_38' title="bbox 1848 924 3503 1000">
    <p class='ocr_par' dir='ltr' id='par_1_38' title="bbox 1848 924 3503 1000">
     <span class='ocr_line' id='line_1_38' title="bbox 1848 924 3503 1000; baseline 0.002 -21"><span class='ocrx_word' id='word_1_230' title='bbox 1848 940 2089 995; x_wconf 89' lang='lat' dir='ltr'>corpore</span> <span class='ocrx_word' id='word_1_231' title='bbox 2127 924 2468 980; x_wconf 85' lang='lat' dir='ltr'>bellatorem</span> <span class='ocrx_word' id='word_1_232' title='bbox 2501 926 2572 980; x_wconf 92' lang='lat' dir='ltr'>ad</span> <span class='ocrx_word' id='word_1_233' title='bbox 2616 942 2745 981; x_wconf 88' lang='lat' dir='ltr'>sese</span> <span class='ocrx_word' id='word_1_234' title='bbox 2776 925 3073 998; x_wconf 90' lang='lat' dir='ltr'>reciperet,</span> <span class='ocrx_word' id='word_1_235' title='bbox 3093 930 3267 998; x_wconf 89' lang='lat' dir='ltr'>atque</span> <span class='ocrx_word' id='word_1_236' title='bbox 3316 926 3371 982; x_wconf 92' lang='lat' dir='ltr'>in</span> <span class='ocrx_word' id='word_1_237' title='bbox 3406 944 3503 1000; x_wconf 86' lang='lat' dir='ltr'>pa-</span> 
     </span>
    </p>
   </div>
   <div class='ocr_carea' id='block_1_39' title="bbox 1848 1012 3503 1086">
    <p class='ocr_par' dir='ltr' id='par_1_39' title="bbox 1848 1012 3503 1086">
     <span class='ocr_line' id='line_1_39' title="bbox 1848 1012 3503 1086; baseline 0.003 -20"><span class='ocrx_word' id='word_1_238' title='bbox 1848 1013 2029 1067; x_wconf 87' lang='lat' dir='ltr'>ternis</span> <span class='ocrx_word' id='word_1_239' title='bbox 2076 1013 2484 1068; x_wconf 88' lang='lat' dir='ltr'>mansionibus</span> <span class='ocrx_word' id='word_1_240' title='bbox 2534 1012 2884 1069; x_wconf 90' lang='lat' dir='ltr'>collocatum</span> <span class='ocrx_word' id='word_1_241' title='bbox 2928 1013 3126 1086; x_wconf 73' lang='lat' dir='ltr'>gloria:</span> <span class='ocrx_word' id='word_1_242' title='bbox 3157 1018 3215 1070; x_wconf 89' lang='lat' dir='ltr'>et</span> <span class='ocrx_word' id='word_1_243' title='bbox 3262 1014 3503 1071; x_wconf 88' lang='lat' dir='ltr'>honoris</span> 
     </span>
    </p>
   </div>
   <div class='ocr_carea' id='block_1_40' title="bbox 1849 1102 3505 1174">
    <p class='ocr_par' dir='ltr' id='par_1_40' title="bbox 1849 1102 3505 1174">
     <span class='ocr_line' id='line_1_40' title="bbox 1849 1102 3505 1174; baseline 0.002 -20"><span class='ocrx_word' id='word_1_244' title='bbox 1849 1104 2160 1171; x_wconf 88' lang='lat' dir='ltr'>stemmate</span> <span class='ocrx_word' id='word_1_245' title='bbox 2186 1103 2505 1169; x_wconf 76' lang='lat' dir='ltr'>decorarat,</span> <span class='ocrx_word' id='word_1_246' title='bbox 2537 1102 2993 1174; x_wconf 66' lang='lat' dir='ltr'>aeternitatisque</span> <span class='ocrx_word' id='word_1_247' title='bbox 3024 1107 3080 1157; x_wconf 92' lang='lat' dir='ltr'>ct</span> <span class='ocrx_word' id='word_1_248' title='bbox 3102 1102 3505 1159; x_wconf 89' lang='lat' dir='ltr'>immortalita-</span> 
     </span>
    </p>
   </div>
   <div class='ocr_carea' id='block_1_41' title="bbox 1850 1190 3504 1264">
    <p class='ocr_par' dir='ltr' id='par_1_41' title="bbox 1850 1190 3504 1264">
     <span class='ocr_line' id='line_1_41' title="bbox 1850 1190 3504 1264; baseline 0.002 -21"><span class='ocrx_word' id='word_1_249' title='bbox 1850 1190 1927 1244; x_wconf 90' lang='lat' dir='ltr'>tis</span> <span class='ocrx_word' id='word_1_250' title='bbox 1958 1191 2174 1244; x_wconf 88' lang='lat' dir='ltr'>amictu</span> <span class='ocrx_word' id='word_1_251' title='bbox 2199 1191 2418 1246; x_wconf 77' lang='lat' dir='ltr'>circum</span> <span class='ocrx_word' id='word_1_252' title='bbox 2454 1190 2635 1245; x_wconf 87' lang='lat' dir='ltr'>latum</span> <span class='ocrx_word' id='word_1_253' title='bbox 2659 1192 2879 1263; x_wconf 84' lang='lat' dir='ltr'>angelis</span> <span class='ocrx_word' id='word_1_254' title='bbox 2911 1192 3209 1262; x_wconf 82' lang='lat' dir='ltr'>insereret,</span> <span class='ocrx_word' id='word_1_255' title='bbox 3225 1191 3504 1264; x_wconf 88' lang='lat' dir='ltr'>apostolis</span> 
     </span>
    </p>
   </div>
   <div class='ocr_carea' id='block_1_42' title="bbox 1850 1278 3501 1352">
    <p class='ocr_par' dir='ltr' id='par_1_42' title="bbox 1850 1278 3501 1352">
     <span class='ocr_line' id='line_1_42' title="bbox 1850 1278 3501 1352; baseline 0.004 -22"><span class='ocrx_word' id='word_1_256' title='bbox 1850 1278 2115 1333; x_wconf 79' lang='lat' dir='ltr'>sociarat.</span> <span class='ocrx_word' id='word_1_257' title='bbox 2134 1280 2329 1349; x_wconf 78' lang='lat' dir='ltr'>Itaque</span> <span class='ocrx_word' id='word_1_258' title='bbox 2350 1279 2500 1333; x_wconf 87' lang='lat' dir='ltr'>facili</span> <span class='ocrx_word' id='word_1_259' title='bbox 2526 1280 2783 1351; x_wconf 85' lang='lat' dir='ltr'>corporis</span> <span class='ocrx_word' id='word_1_260' title='bbox 2807 1280 3148 1351; x_wconf 63' lang='lat' dir='ltr'>aegritudine</span> <span class='ocrx_word' id='word_1_261' title='bbox 3170 1282 3501 1352; x_wconf 85' lang='lat' dir='ltr'>corripitur,</span> 
     </span>
    </p>
   </div>
   <div class='ocr_carea' id='block_1_43' title="bbox 1850 1367 3504 1436">
    <p class='ocr_par' dir='ltr' id='par_1_43' title="bbox 1850 1367 3504 1436">
     <span class='ocr_line' id='line_1_43' title="bbox 1850 1367 3504 1436; baseline 0.001 -17"><span class='ocrx_word' id='word_1_262' title='bbox 1850 1367 1948 1436; x_wconf 91' lang='lat' dir='ltr'>qui</span> <span class='ocrx_word' id='word_1_263' title='bbox 2001 1372 2196 1422; x_wconf 89' lang='lat' dir='ltr'>tamen</span> <span class='ocrx_word' id='word_1_264' title='bbox 2249 1368 2445 1421; x_wconf 86' lang='lat' dir='ltr'>animo</span> <span class='ocrx_word' id='word_1_265' title='bbox 2498 1367 2864 1421; x_wconf 81' lang='lat' dir='ltr'>iudcficiente</span> <span class='ocrx_word' id='word_1_266' title='bbox 2904 1368 3200 1433; x_wconf 84' lang='lat' dir='ltr'>robustus,</span> <span class='ocrx_word' id='word_1_267' title='bbox 3238 1368 3504 1421; x_wconf 87' lang='lat' dir='ltr'>bravium</span> 
     </span>
    </p>
   </div>
   <div class='ocr_carea' id='block_1_44' title="bbox 1850 1455 3510 1527">
    <p class='ocr_par' dir='ltr' id='par_1_44' title="bbox 1850 1455 3510 1527">
     <span class='ocr_line' id='line_1_44' title="bbox 1850 1455 3510 1527; baseline 0.001 -20"><span class='ocrx_word' id='word_1_268' title='bbox 1850 1459 2074 1509; x_wconf 72' lang='lat' dir='ltr'>mternm</span> <span class='ocrx_word' id='word_1_269' title='bbox 2109 1455 2599 1509; x_wconf 88' lang='lat' dir='ltr'>remunerationis</span> <span class='ocrx_word' id='word_1_270' title='bbox 2632 1455 2903 1527; x_wconf 85' lang='lat' dir='ltr'>prosequi</span> <span class='ocrx_word' id='word_1_271' title='bbox 2928 1455 3245 1509; x_wconf 88' lang='lat' dir='ltr'>nitebatur.</span> <span class='ocrx_word' id='word_1_272' title='bbox 3269 1455 3510 1509; x_wconf 89' lang='lat' dir='ltr'>Jamdu-</span> 
     </span>
    </p>
   </div>
   <div class='ocr_carea' id='block_1_45' title="bbox 1850 1543 3508 1616">
    <p class='ocr_par' dir='ltr' id='par_1_45' title="bbox 1850 1543 3508 1616">
     <span class='ocr_line' id='line_1_45' title="bbox 1850 1543 3508 1616; baseline 0.001 -19"><span class='ocrx_word' id='word_1_273' title='bbox 1850 1543 1990 1597; x_wconf 91' lang='lat' dir='ltr'>dum</span> <span class='ocrx_word' id='word_1_274' title='bbox 2022 1544 2178 1598; x_wconf 90' lang='lat' dir='ltr'>enim</span> <span class='ocrx_word' id='word_1_275' title='bbox 2206 1548 2269 1598; x_wconf 91' lang='lat' dir='ltr'>ut</span> <span class='ocrx_word' id='word_1_276' title='bbox 2291 1544 2521 1599; x_wconf 88' lang='lat' dir='ltr'>Christo</span> <span class='ocrx_word' id='word_1_277' title='bbox 2546 1548 2793 1612; x_wconf 87' lang='lat' dir='ltr'>cocsset,</span> <span class='ocrx_word' id='word_1_278' title='bbox 2812 1561 3100 1616; x_wconf 71' lang='lat' dir='ltr'>corporea:</span> <span class='ocrx_word' id='word_1_279' title='bbox 3140 1543 3311 1598; x_wconf 90' lang='lat' dir='ltr'>molis</span> <span class='ocrx_word' id='word_1_280' title='bbox 3359 1560 3508 1615; x_wconf 74' lang='lat' dir='ltr'>pra:-</span> 
     </span>
    </p>
   </div>
   <div class='ocr_carea' id='block_1_46' title="bbox 1849 1630 3509 1703">
    <p class='ocr_par' dir='ltr' id='par_1_46' title="bbox 1849 1630 3509 1703">
     <span class='ocr_line' id='line_1_46' title="bbox 1849 1630 3509 1703; baseline 0 -16"><span class='ocrx_word' id='word_1_281' title='bbox 1849 1632 2088 1703; x_wconf 91' lang='lat' dir='ltr'>optabat</span> <span class='ocrx_word' id='word_1_282' title='bbox 2110 1648 2338 1687; x_wconf 90' lang='lat' dir='ltr'>carcere</span> <span class='ocrx_word' id='word_1_283' title='bbox 2362 1630 2534 1699; x_wconf 89' lang='lat' dir='ltr'>solvi;</span> <span class='ocrx_word' id='word_1_284' title='bbox 2557 1648 2895 1703; x_wconf 90' lang='lat' dir='ltr'>quanquam</span> <span class='ocrx_word' id='word_1_285' title='bbox 2917 1636 3155 1703; x_wconf 88' lang='lat' dir='ltr'>propter</span> <span class='ocrx_word' id='word_1_286' title='bbox 3173 1631 3509 1687; x_wconf 85' lang='lat' dir='ltr'>instructio-</span> 
     </span>
    </p>
   </div>
   <div class='ocr_carea' id='block_1_47' title="bbox 1850 1719 3504 1792">
    <p class='ocr_par' dir='ltr' id='par_1_47' title="bbox 1850 1719 3504 1792">
     <span class='ocr_line' id='line_1_47' title="bbox 1850 1719 3504 1792; baseline -0.001 -18"><span class='ocrx_word' id='word_1_287' title='bbox 1850 1736 1982 1775; x_wconf 89' lang='lat' dir='ltr'>nem</span> <span class='ocrx_word' id='word_1_288' title='bbox 2014 1719 2298 1788; x_wconf 84' lang='lat' dir='ltr'>fidelium,</span> <span class='ocrx_word' id='word_1_289' title='bbox 2316 1719 2373 1774; x_wconf 91' lang='lat' dir='ltr'>in</span> <span class='ocrx_word' id='word_1_290' title='bbox 2407 1736 2577 1775; x_wconf 89' lang='lat' dir='ltr'>carne</span> <span class='ocrx_word' id='word_1_291' title='bbox 2597 1737 2723 1775; x_wconf 89' lang='lat' dir='ltr'>esse</span> <span class='ocrx_word' id='word_1_292' title='bbox 2746 1720 3113 1776; x_wconf 89' lang='lat' dir='ltr'>necessarius</span> <span class='ocrx_word' id='word_1_293' title='bbox 3135 1720 3504 1792; x_wconf 87' lang='lat' dir='ltr'>probaretur.</span> 
     </span>
    </p>
   </div>
   <div class='ocr_carea' id='block_1_48' title="bbox 1849 1807 3508 1864">
    <p class='ocr_par' dir='ltr' id='par_1_48' title="bbox 1849 1807 3508 1864">
     <span class='ocr_line' id='line_1_48' title="bbox 1849 1807 3508 1864; baseline 0.001 -2"><span class='ocrx_word' id='word_1_294' title='bbox 1849 1807 1952 1863; x_wconf 89' lang='lat' dir='ltr'>Cui</span> <span class='ocrx_word' id='word_1_295' title='bbox 1986 1808 2057 1863; x_wconf 91' lang='lat' dir='ltr'>ad</span> <span class='ocrx_word' id='word_1_296' title='bbox 2090 1825 2335 1863; x_wconf 68' lang='lat' dir='ltr'>summae</span> <span class='ocrx_word' id='word_1_297' title='bbox 2368 1808 2698 1864; x_wconf 87' lang='lat' dir='ltr'>securitatis</span> <span class='ocrx_word' id='word_1_298' title='bbox 2721 1808 2997 1864; x_wconf 88' lang='lat' dir='ltr'>solatium</span> <span class='ocrx_word' id='word_1_299' title='bbox 3029 1807 3138 1864; x_wconf 92' lang='lat' dir='ltr'>hoc</span> <span class='ocrx_word' id='word_1_300' title='bbox 3169 1807 3349 1864; x_wconf 89' lang='lat' dir='ltr'>etiam</span> <span class='ocrx_word' id='word_1_301' title='bbox 3381 1823 3508 1863; x_wconf 90' lang='lat' dir='ltr'>mu-</span> 
     </span>
    </p>
   </div>
   <div class='ocr_carea' id='block_1_49' title="bbox 1850 1896 3504 1969">
    <p class='ocr_par' dir='ltr' id='par_1_49' title="bbox 1850 1896 3504 1969">
     <span class='ocr_line' id='line_1_49' title="bbox 1850 1896 3504 1969; baseline 0 -18"><span class='ocrx_word' id='word_1_302' title='bbox 1850 1898 2005 1952; x_wconf 87' lang='lat' dir='ltr'>neris</span> <span class='ocrx_word' id='word_1_303' title='bbox 2037 1896 2232 1952; x_wconf 73' lang='lat' dir='ltr'>divina</span> <span class='ocrx_word' id='word_1_304' title='bbox 2272 1898 2551 1969; x_wconf 89' lang='lat' dir='ltr'>majestas</span> <span class='ocrx_word' id='word_1_305' title='bbox 2602 1897 2835 1967; x_wconf 86' lang='lat' dir='ltr'>adjecit,</span> <span class='ocrx_word' id='word_1_306' title='bbox 2870 1900 2935 1952; x_wconf 89' lang='lat' dir='ltr'>ut</span> <span class='ocrx_word' id='word_1_307' title='bbox 2981 1897 3169 1952; x_wconf 89' lang='lat' dir='ltr'>eidem</span> <span class='ocrx_word' id='word_1_308' title='bbox 3218 1896 3369 1953; x_wconf 89' lang='lat' dir='ltr'>sacri</span> <span class='ocrx_word' id='word_1_309' title='bbox 3410 1896 3504 1953; x_wconf 89' lang='lat' dir='ltr'>sui</span> 
     </span>
    </p>
   </div>
   <div class='ocr_carea' id='block_1_50' title="bbox 1848 1984 3507 2051">
    <p class='ocr_par' dir='ltr' id='par_1_50' title="bbox 1848 1984 3507 2051">
     <span class='ocr_line' id='line_1_50' title="bbox 1848 1984 3507 2051; baseline 0.001 -11"><span class='ocrx_word' id='word_1_310' title='bbox 1848 1986 2132 2040; x_wconf 90' lang='lat' dir='ltr'>transitus</span> <span class='ocrx_word' id='word_1_311' title='bbox 2154 1986 2311 2040; x_wconf 86' lang='lat' dir='ltr'>diem</span> <span class='ocrx_word' id='word_1_312' title='bbox 2334 2003 2367 2041; x_wconf 93' lang='lat' dir='ltr'>a</span> <span class='ocrx_word' id='word_1_313' title='bbox 2391 1984 2600 2040; x_wconf 72' lang='lat' dir='ltr'>saeculo</span> <span class='ocrx_word' id='word_1_314' title='bbox 2624 1985 2921 2040; x_wconf 88' lang='lat' dir='ltr'>revelaret.</span> <span class='ocrx_word' id='word_1_315' title='bbox 2938 1987 3062 2051; x_wconf 85' lang='lat' dir='ltr'>Qua</span> <span class='ocrx_word' id='word_1_316' title='bbox 3082 1986 3321 2041; x_wconf 88' lang='lat' dir='ltr'>tandem</span> <span class='ocrx_word' id='word_1_317' title='bbox 3354 2001 3507 2041; x_wconf 84' lang='lat' dir='ltr'>reve-</span> 
     </span>
    </p>
   </div>
   <div class='ocr_carea' id='block_1_51' title="bbox 1849 2074 3509 2146">
    <p class='ocr_par' dir='ltr' id='par_1_51' title="bbox 1849 2074 3509 2146">
     <span class='ocr_line' id='line_1_51' title="bbox 1849 2074 3509 2146; baseline 0.001 -18"><span class='ocrx_word' id='word_1_318' title='bbox 1849 2074 2063 2131; x_wconf 90' lang='lat' dir='ltr'>latione</span> <span class='ocrx_word' id='word_1_319' title='bbox 2096 2079 2385 2146; x_wconf 88' lang='lat' dir='ltr'>percepta,</span> <span class='ocrx_word' id='word_1_320' title='bbox 2402 2079 2590 2130; x_wconf 92' lang='lat' dir='ltr'>totum</span> <span class='ocrx_word' id='word_1_321' title='bbox 2622 2092 2683 2130; x_wconf 89' lang='lat' dir='ltr'>se</span> <span class='ocrx_word' id='word_1_322' title='bbox 2716 2091 2849 2129; x_wconf 90' lang='lat' dir='ltr'>mox</span> <span class='ocrx_word' id='word_1_323' title='bbox 2883 2075 2953 2129; x_wconf 89' lang='lat' dir='ltr'>ad</span> <span class='ocrx_word' id='word_1_324' title='bbox 2987 2074 3351 2129; x_wconf 88' lang='lat' dir='ltr'>divinitatem</span> <span class='ocrx_word' id='word_1_325' title='bbox 3375 2091 3509 2130; x_wconf 87' lang='lat' dir='ltr'>con-</span> 
     </span>
    </p>
   </div>
   <div class='ocr_carea' id='block_1_52' title="bbox 1849 2162 3509 2233">
    <p class='ocr_par' dir='ltr' id='par_1_52' title="bbox 1849 2162 3509 2233">
     <span class='ocr_line' id='line_1_52' title="bbox 1849 2162 3509 2233; baseline 0.001 -17"><span class='ocrx_word' id='word_1_326' title='bbox 1849 2162 2122 2230; x_wconf 89' lang='lat' dir='ltr'>tulit,nec</span> <span class='ocrx_word' id='word_1_327' title='bbox 2155 2163 2302 2219; x_wconf 90' lang='lat' dir='ltr'>mori</span> <span class='ocrx_word' id='word_1_328' title='bbox 2326 2167 2612 2231; x_wconf 87' lang='lat' dir='ltr'>metuens,</span> <span class='ocrx_word' id='word_1_329' title='bbox 2639 2180 2742 2219; x_wconf 90' lang='lat' dir='ltr'>nec</span> <span class='ocrx_word' id='word_1_330' title='bbox 2773 2178 3060 2233; x_wconf 70' lang='lat' dir='ltr'>corporea:</span> <span class='ocrx_word' id='word_1_331' title='bbox 3102 2162 3509 2233; x_wconf 89' lang='lat' dir='ltr'>dispositionis</span> 
     </span>
    </p>
   </div>
   <div class='ocr_carea' id='block_1_53' title="bbox 1849 2251 3510 2322">
    <p class='ocr_par' dir='ltr' id='par_1_53' title="bbox 1849 2251 3510 2322">
     <span class='ocr_line' id='line_1_53' title="bbox 1849 2251 3510 2322; baseline 0.001 -18"><span class='ocrx_word' id='word_1_332' title='bbox 1849 2251 2223 2321; x_wconf 83' lang='lat' dir='ltr'>dispendium</span> <span class='ocrx_word' id='word_1_333' title='bbox 2257 2252 2671 2319; x_wconf 84' lang='lat' dir='ltr'>reformidans;</span> <span class='ocrx_word' id='word_1_334' title='bbox 2698 2267 2900 2305; x_wconf 87' lang='lat' dir='ltr'>verum</span> <span class='ocrx_word' id='word_1_335' title='bbox 2926 2251 2983 2304; x_wconf 90' lang='lat' dir='ltr'>in</span> <span class='ocrx_word' id='word_1_336' title='bbox 3018 2267 3219 2305; x_wconf 88' lang='lat' dir='ltr'>secum</span> <span class='ocrx_word' id='word_1_337' title='bbox 3251 2267 3510 2322; x_wconf 57' lang='lat' dir='ltr'>saepenu-</span> 
     </span>
    </p>
   </div>
   <div class='ocr_carea' id='block_1_54' title="bbox 1852 2339 3511 2411">
    <p class='ocr_par' dir='ltr' id='par_1_54' title="bbox 1852 2339 3511 2411">
     <span class='ocr_line' id='line_1_54' title="bbox 1852 2339 3511 2411; baseline 0.002 -19"><span class='ocrx_word' id='word_1_338' title='bbox 1852 2357 2010 2395; x_wconf 90' lang='lat' dir='ltr'>mero</span> <span class='ocrx_word' id='word_1_339' title='bbox 2040 2339 2586 2411; x_wconf 83' lang='lat' dir='ltr'>volvens,quoniam</span> <span class='ocrx_word' id='word_1_340' title='bbox 2606 2340 2655 2395; x_wconf 87' lang='lat' dir='ltr'>si</span> <span class='ocrx_word' id='word_1_341' title='bbox 2681 2344 2909 2395; x_wconf 88' lang='lat' dir='ltr'>terrena</span> <span class='ocrx_word' id='word_1_342' title='bbox 2941 2339 3121 2410; x_wconf 87' lang='lat' dir='ltr'>hujus</span> <span class='ocrx_word' id='word_1_343' title='bbox 3154 2342 3366 2394; x_wconf 72' lang='lat' dir='ltr'>nostra:</span> <span class='ocrx_word' id='word_1_344' title='bbox 3399 2339 3511 2395; x_wconf 84' lang='lat' dir='ltr'>ha-</span> 
     </span>
    </p>
   </div>
   <div class='ocr_carea' id='block_1_55' title="bbox 1849 2426 3503 2496">
    <p class='ocr_par' dir='ltr' id='par_1_55' title="bbox 1849 2426 3503 2496">
     <span class='ocr_line' id='line_1_55' title="bbox 1849 2426 3503 2496; baseline -0.001 -13"><span class='ocrx_word' id='word_1_345' title='bbox 1849 2428 2150 2485; x_wconf 88' lang='lat' dir='ltr'>bitationis</span> <span class='ocrx_word' id='word_1_346' title='bbox 2201 2434 2498 2485; x_wconf 87' lang='lat' dir='ltr'>structura</span> <span class='ocrx_word' id='word_1_347' title='bbox 2554 2427 2913 2496; x_wconf 89' lang='lat' dir='ltr'>dissolvitur,</span> <span class='ocrx_word' id='word_1_348' title='bbox 2948 2427 3134 2483; x_wconf 90' lang='lat' dir='ltr'>multo</span> <span class='ocrx_word' id='word_1_349' title='bbox 3189 2426 3396 2483; x_wconf 90' lang='lat' dir='ltr'>melior</span> <span class='ocrx_word' id='word_1_350' title='bbox 3443 2426 3503 2481; x_wconf 91' lang='lat' dir='ltr'>in</span> 
     </span>
    </p>
   </div>
   <div class='ocr_carea' id='block_1_56' title="bbox 1850 2514 3508 2591">
    <p class='ocr_par' dir='ltr' id='par_1_56' title="bbox 1850 2514 3508 2591">
     <span class='ocr_line' id='line_1_56' title="bbox 1850 2514 3508 2591; baseline -0.001 -19"><span class='ocrx_word' id='word_1_351' title='bbox 1850 2516 2186 2573; x_wconf 80' lang='lat' dir='ltr'>cmlestibus</span> <span class='ocrx_word' id='word_1_352' title='bbox 2208 2523 2588 2591; x_wconf 74' lang='lat' dir='ltr'>prteparatur.</span> <span class='ocrx_word' id='word_1_353' title='bbox 2617 2517 2948 2583; x_wconf 87' lang='lat' dir='ltr'>Quinetiam</span> <span class='ocrx_word' id='word_1_354' title='bbox 2972 2516 3054 2571; x_wconf 89' lang='lat' dir='ltr'>illi</span> <span class='ocrx_word' id='word_1_355' title='bbox 3083 2520 3361 2571; x_wconf 77' lang='lat' dir='ltr'>anteactm</span> <span class='ocrx_word' id='word_1_356' title='bbox 3378 2514 3508 2571; x_wconf 74' lang='lat' dir='ltr'>vita:</span> 
     </span>
    </p>
   </div>
   <div class='ocr_carea' id='block_1_57' title="bbox 1850 2604 3508 2677">
    <p class='ocr_par' dir='ltr' id='par_1_57' title="bbox 1850 2604 3508 2677">
     <span class='ocr_line' id='line_1_57' title="bbox 1850 2604 3508 2677; baseline -0.003 -14"><span class='ocrx_word' id='word_1_357' title='bbox 1850 2606 2209 2663; x_wconf 88' lang='lat' dir='ltr'>conscientia</span> <span class='ocrx_word' id='word_1_358' title='bbox 2221 2607 2458 2663; x_wconf 87' lang='lat' dir='ltr'>terroris</span> <span class='ocrx_word' id='word_1_359' title='bbox 2470 2605 3159 2676; x_wconf 74' lang='lat' dir='ltr'>minimum,ﬂducimque</span> <span class='ocrx_word' id='word_1_360' title='bbox 3179 2604 3508 2677; x_wconf 87' lang='lat' dir='ltr'>plurimum</span> 
     </span>
    </p>
   </div>
   <div class='ocr_carea' id='block_1_58' title="bbox 1849 2691 3506 2767">
    <p class='ocr_par' dir='ltr' id='par_1_58' title="bbox 1849 2691 3506 2767">
     <span class='ocr_line' id='line_1_58' title="bbox 1849 2691 3506 2767; baseline -0.002 -17"><span class='ocrx_word' id='word_1_361' title='bbox 1849 2694 2205 2764; x_wconf 89' lang='lat' dir='ltr'>conferebat,</span> <span class='ocrx_word' id='word_1_362' title='bbox 2246 2696 2401 2767; x_wconf 90' lang='lat' dir='ltr'>quod</span> <span class='ocrx_word' id='word_1_363' title='bbox 2462 2712 2578 2750; x_wconf 90' lang='lat' dir='ltr'>non</span> <span class='ocrx_word' id='word_1_364' title='bbox 2621 2693 2895 2766; x_wconf 86' lang='lat' dir='ltr'>praesenti</span> <span class='ocrx_word' id='word_1_365' title='bbox 2955 2692 3187 2761; x_wconf 78' lang='lat' dir='ltr'>sacculo,</span> <span class='ocrx_word' id='word_1_366' title='bbox 3222 2692 3325 2747; x_wconf 90' lang='lat' dir='ltr'>sed</span> <span class='ocrx_word' id='word_1_367' title='bbox 3389 2691 3506 2747; x_wconf 91' lang='lat' dir='ltr'>Deo</span> 
     </span>
    </p>
   </div>
   <div class='ocr_carea' id='block_1_59' title="bbox 1848 2780 3508 2854">
    <p class='ocr_par' dir='ltr' id='par_1_59' title="bbox 1848 2780 3508 2854">
     <span class='ocr_line' id='line_1_59' title="bbox 1848 2780 3508 2854; baseline -0.003 -16"><span class='ocrx_word' id='word_1_368' title='bbox 1848 2783 2096 2853; x_wconf 84' lang='lat' dir='ltr'>vixerat;</span> <span class='ocrx_word' id='word_1_369' title='bbox 2131 2784 2282 2854; x_wconf 90' lang='lat' dir='ltr'>quod</span> <span class='ocrx_word' id='word_1_370' title='bbox 2304 2801 2421 2838; x_wconf 72' lang='lat' dir='ltr'>sua:</span> <span class='ocrx_word' id='word_1_371' title='bbox 2444 2781 2728 2839; x_wconf 89' lang='lat' dir='ltr'>voluntati</span> <span class='ocrx_word' id='word_1_372' title='bbox 2760 2780 3017 2836; x_wconf 89' lang='lat' dir='ltr'>divinam</span> <span class='ocrx_word' id='word_1_373' title='bbox 3049 2797 3282 2852; x_wconf 89' lang='lat' dir='ltr'>semper</span> <span class='ocrx_word' id='word_1_374' title='bbox 3301 2782 3508 2851; x_wconf 64' lang='lat' dir='ltr'>praetu-</span> 
     </span>
    </p>
   </div>
   <div class='ocr_carea' id='block_1_60' title="bbox 1850 2868 3502 2943">
    <p class='ocr_par' dir='ltr' id='par_1_60' title="bbox 1850 2868 3502 2943">
     <span class='ocr_line' id='line_1_60' title="bbox 1850 2868 3502 2943; baseline -0.002 -18"><span class='ocrx_word' id='word_1_375' title='bbox 1850 2871 2187 2943; x_wconf 89' lang='lat' dir='ltr'>lerat,quod</span> <span class='ocrx_word' id='word_1_376' title='bbox 2219 2871 2476 2943; x_wconf 71' lang='lat' dir='ltr'>prmmiis</span> <span class='ocrx_word' id='word_1_377' title='bbox 2493 2869 3139 2926; x_wconf 76' lang='lat' dir='ltr'>cmlestibusindefesse</span> <span class='ocrx_word' id='word_1_378' title='bbox 3172 2868 3502 2939; x_wconf 87' lang='lat' dir='ltr'>suspirans,</span> 
     </span>
    </p>
   </div>
   <div class='ocr_carea' id='block_1_61' title="bbox 1850 2956 3509 3032">
    <p class='ocr_par' dir='ltr' id='par_1_61' title="bbox 1850 2956 3509 3032">
     <span class='ocr_line' id='line_1_61' title="bbox 1850 2956 3509 3032; baseline -0.002 -18"><span class='ocrx_word' id='word_1_379' title='bbox 1850 2960 2034 3014; x_wconf 87' lang='lat' dir='ltr'>Deum</span> <span class='ocrx_word' id='word_1_380' title='bbox 2053 2960 2161 3014; x_wconf 85' lang='lat' dir='ltr'>sibi</span> <span class='ocrx_word' id='word_1_381' title='bbox 2178 2977 2293 3031; x_wconf 65' lang='lat' dir='ltr'>prie</span> <span class='ocrx_word' id='word_1_382' title='bbox 2313 2959 2500 3016; x_wconf 90' lang='lat' dir='ltr'>oculis</span> <span class='ocrx_word' id='word_1_383' title='bbox 2511 2963 2923 3032; x_wconf 87' lang='lat' dir='ltr'>posueratesse</span> <span class='ocrx_word' id='word_1_384' title='bbox 2945 2956 3509 3031; x_wconf 64' lang='lat' dir='ltr'>prmsentemlgitur</span> 
     </span>
    </p>
   </div>
   <div class='ocr_carea' id='block_1_62' title="bbox 1850 3045 3509 3121">
    <p class='ocr_par' dir='ltr' id='par_1_62' title="bbox 1850 3045 3509 3121">
     <span class='ocr_line' id='line_1_62' title="bbox 1850 3045 3509 3121; baseline -0.001 -18"><span class='ocrx_word' id='word_1_385' title='bbox 1850 3048 2192 3121; x_wconf 60' lang='lat' dir='ltr'>aegritudine</span> <span class='ocrx_word' id='word_1_386' title='bbox 2215 3048 2622 3117; x_wconf 85' lang='lat' dir='ltr'>invalesccnte,</span> <span class='ocrx_word' id='word_1_387' title='bbox 2640 3048 2961 3120; x_wconf 87' lang='lat' dir='ltr'>discipulos</span> <span class='ocrx_word' id='word_1_388' title='bbox 2983 3051 3283 3115; x_wconf 90' lang='lat' dir='ltr'>convocat,</span> <span class='ocrx_word' id='word_1_389' title='bbox 3304 3045 3509 3119; x_wconf 86' lang='lat' dir='ltr'>eisque</span> 
     </span>
    </p>
   </div>
   <div class='ocr_carea' id='block_1_63' title="bbox 1849 3135 3508 3209">
    <p class='ocr_par' dir='ltr' id='par_1_63' title="bbox 1849 3135 3508 3209">
     <span class='ocr_line' id='line_1_63' title="bbox 1849 3135 3508 3209; baseline -0.002 -15"><span class='ocrx_word' id='word_1_390' title='bbox 1849 3154 2030 3209; x_wconf 89' lang='lat' dir='ltr'>quam</span> <span class='ocrx_word' id='word_1_391' title='bbox 2079 3155 2146 3193; x_wconf 86' lang='lat' dir='ltr'>ex</span> <span class='ocrx_word' id='word_1_392' title='bbox 2194 3137 2389 3193; x_wconf 90' lang='lat' dir='ltr'>divina</span> <span class='ocrx_word' id='word_1_393' title='bbox 2436 3137 2782 3193; x_wconf 89' lang='lat' dir='ltr'>revelatione</span> <span class='ocrx_word' id='word_1_394' title='bbox 2822 3139 3175 3208; x_wconf 89' lang='lat' dir='ltr'>perceperat,</span> <span class='ocrx_word' id='word_1_395' title='bbox 3211 3136 3302 3190; x_wconf 91' lang='lat' dir='ltr'>sui</span> <span class='ocrx_word' id='word_1_396' title='bbox 3351 3135 3508 3191; x_wconf 92' lang='lat' dir='ltr'>diem</span> 
     </span>
    </p>
   </div>
   <div class='ocr_carea' id='block_1_64' title="bbox 1849 3224 3508 3298">
    <p class='ocr_par' dir='ltr' id='par_1_64' title="bbox 1849 3224 3508 3298">
     <span class='ocr_line' id='line_1_64' title="bbox 1849 3224 3508 3298; baseline -0.001 -17"><span class='ocrx_word' id='word_1_397' title='bbox 1849 3226 2135 3282; x_wconf 86' lang='lat' dir='ltr'>transitus</span> <span class='ocrx_word' id='word_1_398' title='bbox 2166 3226 2443 3282; x_wconf 90' lang='lat' dir='ltr'>declarat.</span> <span class='ocrx_word' id='word_1_399' title='bbox 2469 3227 2731 3297; x_wconf 90' lang='lat' dir='ltr'>Cumque</span> <span class='ocrx_word' id='word_1_400' title='bbox 2761 3242 2900 3298; x_wconf 89' lang='lat' dir='ltr'>grex</span> <span class='ocrx_word' id='word_1_401' title='bbox 2930 3224 3283 3280; x_wconf 89' lang='lat' dir='ltr'>mitissimus</span> <span class='ocrx_word' id='word_1_402' title='bbox 3331 3225 3400 3280; x_wconf 91' lang='lat' dir='ltr'>de</span> <span class='ocrx_word' id='word_1_403' title='bbox 3422 3224 3508 3280; x_wconf 88' lang='lat' dir='ltr'>vi-</span> 
     </span>
    </p>
   </div>
   <div class='ocr_carea' id='block_1_65' title="bbox 98 3302 3510 3386">
    <p class='ocr_par' dir='ltr' id='par_1_65' title="bbox 98 3302 3510 3386">
     <span class='ocr_line' id='line_1_65' title="bbox 98 3302 3510 3386; baseline 0.001 -23"><span class='ocrx_word' id='word_1_404' title='bbox 98 3306 226 3375; x_wconf 87' lang='lat' dir='ltr'>pulis</span> <span class='ocrx_word' id='word_1_405' title='bbox 253 3312 376 3369; x_wconf 88' lang='lat' dir='ltr'>suis</span> <span class='ocrx_word' id='word_1_406' title='bbox 407 3313 561 3370; x_wconf 86' lang='lat' dir='ltr'>hora</span> <span class='ocrx_word' id='word_1_407' title='bbox 588 3313 757 3371; x_wconf 75' lang='lat' dir='ltr'>tertia</span> <span class='ocrx_word' id='word_1_408' title='bbox 802 3312 1087 3384; x_wconf 87' lang='lat' dir='ltr'>Spiritum</span> <span class='ocrx_word' id='word_1_409' title='bbox 1127 3318 1399 3369; x_wconf 88' lang='lat' dir='ltr'>sanctum</span> <span class='ocrx_word' id='word_1_410' title='bbox 1450 3312 1613 3367; x_wconf 89' lang='lat' dir='ltr'>misit</span> <span class='ocrx_word' id='word_1_411' title='bbox 1662 3313 1732 3369; x_wconf 90' lang='lat' dir='ltr'>de</span> <span class='ocrx_word' id='word_1_412' title='bbox 1762 3302 1805 3369; x_wconf 86' lang='lat' dir='ltr'>C</span> <span class='ocrx_word' id='word_1_413' title='bbox 1844 3313 2222 3386; x_wconf 88' lang='lat' dir='ltr'>gilantissimi</span> <span class='ocrx_word' id='word_1_414' title='bbox 2256 3314 2506 3386; x_wconf 88' lang='lat' dir='ltr'>pastoris</span> <span class='ocrx_word' id='word_1_415' title='bbox 2546 3315 2789 3370; x_wconf 89' lang='lat' dir='ltr'>decessu</span> <span class='ocrx_word' id='word_1_416' title='bbox 2819 3312 2999 3369; x_wconf 89' lang='lat' dir='ltr'>simul</span> <span class='ocrx_word' id='word_1_417' title='bbox 3030 3316 3088 3369; x_wconf 92' lang='lat' dir='ltr'>et</span> <span class='ocrx_word' id='word_1_418' title='bbox 3118 3312 3388 3369; x_wconf 89' lang='lat' dir='ltr'>absentia</span> <span class='ocrx_word' id='word_1_419' title='bbox 3406 3312 3510 3367; x_wconf 86' lang='lat' dir='ltr'>tri-</span> 
     </span>
    </p>
   </div>
   <div class='ocr_carea' id='block_1_66' title="bbox 100 3395 236 3454">
    <p class='ocr_par' dir='ltr' id='par_1_66' title="bbox 100 3395 236 3454">
     <span class='ocr_line' id='line_1_66' title="bbox 100 3395 236 3454; baseline 0.015 -2"><span class='ocrx_word' id='word_1_420' title='bbox 100 3395 236 3454; x_wconf 69' lang='lat' dir='ltr'>male.</span> 
     </span>
    </p>
   </div>
   <div class='ocr_carea' id='block_1_67' title="bbox 513 3492 1293 3547">
    <p class='ocr_par' dir='ltr' id='par_1_67' title="bbox 513 3492 1293 3547">
     <span class='ocr_line' id='line_1_67' title="bbox 513 3492 1293 3547; baseline -0.003 0"><span class='ocrx_word' id='word_1_421' title='bbox 513 3492 802 3547; x_wconf 77' lang='lat' dir='ltr'>Furiosum</span> <span class='ocrx_word' id='word_1_422' title='bbox 830 3498 1008 3547; x_wconf 80' lang='lat' dir='ltr'>mente</span> <span class='ocrx_word' id='word_1_423' title='bbox 1036 3492 1293 3547; x_wconf 79' lang='lat' dir='ltr'>restituit.</span> 
     </span>
    </p>
   </div>
   <div class='ocr_carea' id='block_1_68' title="bbox 153 3574 1738 3653">
    <p class='ocr_par' dir='ltr' id='par_1_68' title="bbox 153 3574 1738 3653">
     <span class='ocr_line' id='line_1_68' title="bbox 153 3574 1738 3653; baseline 0.002 -22"><span class='ocrx_word' id='word_1_424' title='bbox 153 3574 230 3631; x_wconf 84' lang='grc'>19.</span> <span class='ocrx_word' id='word_1_425' title='bbox 258 3580 544 3646; x_wconf 72' lang='grc' dir='ltr'>Ουωὰωῐι</span> <span class='ocrx_word' id='word_1_426' title='bbox 577 3580 844 3651; x_wconf 87' lang='lat' dir='ltr'>ejusdem</span> <span class='ocrx_word' id='word_1_427' title='bbox 887 3579 1142 3653; x_wconf 88' lang='lat' dir='ltr'>regionis</span> <span class='ocrx_word' id='word_1_428' title='bbox 1192 3579 1423 3647; x_wconf 90' lang='lat' dir='ltr'>mulier,</span> <span class='ocrx_word' id='word_1_429' title='bbox 1462 3579 1675 3636; x_wconf 88' lang='lat' dir='ltr'>Bertha</span> <span class='ocrx_word' id='word_1_430' title='bbox 1705 3595 1738 3634; x_wconf 92' lang='lat' dir='ltr'>a</span> 
     </span>
    </p>
   </div>
   <div class='ocr_carea' id='block_1_69' title="bbox 94 3667 1734 3742">
    <p class='ocr_par' dir='ltr' id='par_1_69' title="bbox 94 3667 1734 3742">
     <span class='ocr_line' id='line_1_69' title="bbox 94 3667 1734 3742; baseline 0 -21"><span class='ocrx_word' id='word_1_431' title='bbox 94 3667 408 3730; x_wconf 76' lang='lat' dir='ltr'>parentibus</span> <span class='ocrx_word' id='word_1_432' title='bbox 438 3672 810 3742; x_wconf 87' lang='lat' dir='ltr'>nuncupata,</span> <span class='ocrx_word' id='word_1_433' title='bbox 844 3685 1055 3725; x_wconf 89' lang='lat' dir='ltr'>sensus</span> <span class='ocrx_word' id='word_1_434' title='bbox 1087 3668 1435 3724; x_wconf 87' lang='lat' dir='ltr'>rectitudine</span> <span class='ocrx_word' id='word_1_435' title='bbox 1487 3667 1734 3739; x_wconf 90' lang='lat' dir='ltr'>perdita,</span> 
     </span>
    </p>
   </div>
   <div class='ocr_carea' id='block_1_70' title="bbox 96 3749 1739 3828">
    <p class='ocr_par' dir='ltr' id='par_1_70' title="bbox 96 3749 1739 3828">
     <span class='ocr_line' id='line_1_70' title="bbox 96 3749 1739 3828; baseline 0.001 -19"><span class='ocrx_word' id='word_1_436' title='bbox 96 3749 292 3810; x_wconf 69' lang='lat' dir='ltr'>misera:</span> <span class='ocrx_word' id='word_1_437' title='bbox 319 3757 638 3822; x_wconf 69' lang='lat' dir='ltr'>dementias</span> <span class='ocrx_word' id='word_1_438' title='bbox 670 3755 1081 3813; x_wconf 87' lang='lat' dir='ltr'>alienationem</span> <span class='ocrx_word' id='word_1_439' title='bbox 1114 3756 1602 3828; x_wconf 75' lang='lat' dir='ltr'>incurrerat,qua3</span> <span class='ocrx_word' id='word_1_440' title='bbox 1634 3755 1739 3811; x_wconf 91' lang='lat' dir='ltr'>hu-</span> 
     </span>
    </p>
   </div>
   <div class='ocr_carea' id='block_1_71' title="bbox 94 3842 1738 3916">
    <p class='ocr_par' dir='ltr' id='par_1_71' title="bbox 94 3842 1738 3916">
     <span class='ocr_line' id='line_1_71' title="bbox 94 3842 1738 3916; baseline 0.003 -22"><span class='ocrx_word' id='word_1_441' title='bbox 94 3849 255 3897; x_wconf 71' lang='lat' dir='ltr'>manas</span> <span class='ocrx_word' id='word_1_442' title='bbox 282 3843 748 3902; x_wconf 89' lang='lat' dir='ltr'>cohabitationis</span> <span class='ocrx_word' id='word_1_443' title='bbox 788 3842 1239 3900; x_wconf 88' lang='lat' dir='ltr'>contubernium</span> <span class='ocrx_word' id='word_1_444' title='bbox 1285 3844 1564 3916; x_wconf 88' lang='lat' dir='ltr'>fugitans,</span> <span class='ocrx_word' id='word_1_445' title='bbox 1590 3859 1738 3915; x_wconf 87' lang='lat' dir='ltr'>vaga</span> 
     </span>
    </p>
   </div>
   <div class='ocr_carea' id='block_1_72' title="bbox 92 3930 1733 3999">
    <p class='ocr_par' dir='ltr' id='par_1_72' title="bbox 92 3930 1733 3999">
     <span class='ocr_line' id='line_1_72' title="bbox 92 3930 1733 3999; baseline 0.003 -19"><span class='ocrx_word' id='word_1_446' title='bbox 92 3937 292 3999; x_wconf 77' lang='lat' dir='ltr'>semper</span> <span class='ocrx_word' id='word_1_447' title='bbox 319 3930 629 3989; x_wconf 88' lang='lat' dir='ltr'>instabilis</span> <span class='ocrx_word' id='word_1_448' title='bbox 671 3931 912 3987; x_wconf 89' lang='lat' dir='ltr'>incertis</span> <span class='ocrx_word' id='word_1_449' title='bbox 944 3931 1185 3987; x_wconf 89' lang='lat' dir='ltr'>sedibus</span> <span class='ocrx_word' id='word_1_450' title='bbox 1232 3931 1547 3987; x_wconf 86' lang='lat' dir='ltr'>ferebatur.</span> <span class='ocrx_word' id='word_1_451' title='bbox 1573 3932 1733 3986; x_wconf 89' lang='lat' dir='ltr'>Hanc</span> 
     </span>
    </p>
   </div>
   <div class='ocr_carea' id='block_1_73' title="bbox 90 4019 1735 4093">
    <p class='ocr_par' dir='ltr' id='par_1_73' title="bbox 90 4019 1735 4093">
     <span class='ocr_line' id='line_1_73' title="bbox 90 4019 1735 4093; baseline 0.004 -23"><span class='ocrx_word' id='word_1_452' title='bbox 90 4021 327 4079; x_wconf 79' lang='lat' dir='ltr'>parentes</span> <span class='ocrx_word' id='word_1_453' title='bbox 358 4020 519 4077; x_wconf 82' lang='lat' dir='ltr'>anxii</span> <span class='ocrx_word' id='word_1_454' title='bbox 577 4020 651 4077; x_wconf 89' lang='lat' dir='ltr'>ad</span> <span class='ocrx_word' id='word_1_455' title='bbox 690 4019 841 4076; x_wconf 89' lang='lat' dir='ltr'>beati</span> <span class='ocrx_word' id='word_1_456' title='bbox 891 4019 1001 4075; x_wconf 90' lang='lat' dir='ltr'>viri</span> <span class='ocrx_word' id='word_1_457' title='bbox 1043 4021 1416 4092; x_wconf 64' lang='lat' dir='ltr'>praesentiam</span> <span class='ocrx_word' id='word_1_458' title='bbox 1449 4021 1735 4093; x_wconf 83' lang='lat' dir='ltr'>perduxe-</span> 
     </span>
    </p>
   </div>
   <div class='ocr_carea' id='block_1_74' title="bbox 92 4108 1735 4182">
    <p class='ocr_par' dir='ltr' id='par_1_74' title="bbox 92 4108 1735 4182">
     <span class='ocr_line' id='line_1_74' title="bbox 92 4108 1735 4182; baseline 0.006 -28"><span class='ocrx_word' id='word_1_459' title='bbox 92 4108 219 4158; x_wconf 80' lang='lat' dir='ltr'>runt.</span> <span class='ocrx_word' id='word_1_460' title='bbox 249 4108 320 4164; x_wconf 90' lang='lat' dir='ltr'>At</span> <span class='ocrx_word' id='word_1_461' title='bbox 350 4108 451 4166; x_wconf 88' lang='lat' dir='ltr'>ille</span> <span class='ocrx_word' id='word_1_462' title='bbox 472 4108 807 4169; x_wconf 87' lang='lat' dir='ltr'>visceribus</span> <span class='ocrx_word' id='word_1_463' title='bbox 839 4109 1075 4182; x_wconf 87' lang='lat' dir='ltr'>pietatis</span> <span class='ocrx_word' id='word_1_464' title='bbox 1105 4113 1435 4165; x_wconf 91' lang='lat' dir='ltr'>commotus</span> <span class='ocrx_word' id='word_1_465' title='bbox 1486 4108 1735 4165; x_wconf 90' lang='lat' dir='ltr'>infelicis</span> 
     </span>
    </p>
   </div>
   <div class='ocr_carea' id='block_1_75' title="bbox 91 4195 1735 4269">
    <p class='ocr_par' dir='ltr' id='par_1_75' title="bbox 91 4195 1735 4269">
     <span class='ocr_line' id='line_1_75' title="bbox 91 4195 1735 4269; baseline 0.002 -22"><span class='ocrx_word' id='word_1_466' title='bbox 91 4195 275 4251; x_wconf 76' lang='lat' dir='ltr'>sortem</span> <span class='ocrx_word' id='word_1_467' title='bbox 304 4196 606 4266; x_wconf 88' lang='lat' dir='ltr'>indoluit;</span> <span class='ocrx_word' id='word_1_468' title='bbox 646 4214 823 4269; x_wconf 89' lang='lat' dir='ltr'>seque</span> <span class='ocrx_word' id='word_1_469' title='bbox 845 4213 978 4252; x_wconf 84' lang='lat' dir='ltr'>mox</span> <span class='ocrx_word' id='word_1_470' title='bbox 1008 4197 1068 4251; x_wconf 92' lang='lat' dir='ltr'>in</span> <span class='ocrx_word' id='word_1_471' title='bbox 1101 4196 1424 4254; x_wconf 90' lang='lat' dir='ltr'>orationem</span> <span class='ocrx_word' id='word_1_472' title='bbox 1457 4213 1735 4253; x_wconf 88' lang='lat' dir='ltr'>corruens</span> 
     </span>
    </p>
   </div>
   <div class='ocr_carea' id='block_1_76' title="bbox 92 4273 1733 4357">
    <p class='ocr_par' dir='ltr' id='par_1_76' title="bbox 92 4273 1733 4357">
     <span class='ocr_line' id='line_1_76' title="bbox 92 4273 1733 4357; baseline 0.007 -27"><span class='ocrx_word' id='word_1_473' title='bbox 92 4273 237 4349; x_wconf 84' lang='lat' dir='ltr'>dedit,</span> <span class='ocrx_word' id='word_1_474' title='bbox 280 4286 550 4355; x_wconf 89' lang='lat' dir='ltr'>profusis</span> <span class='ocrx_word' id='word_1_475' title='bbox 592 4284 869 4357; x_wconf 75' lang='lat' dir='ltr'>lacrymis</span> <span class='ocrx_word' id='word_1_476' title='bbox 926 4283 1127 4341; x_wconf 64' lang='lat' dir='ltr'>aliena:</span> <span class='ocrx_word' id='word_1_477' title='bbox 1186 4283 1523 4340; x_wconf 90' lang='lat' dir='ltr'>lucraturus</span> <span class='ocrx_word' id='word_1_478' title='bbox 1576 4300 1733 4341; x_wconf 87' lang='lat' dir='ltr'>com-</span> 
     </span>
    </p>
   </div>
   <div class='ocr_carea' id='block_1_77' title="bbox 90 4369 1737 4444">
    <p class='ocr_par' dir='ltr' id='par_1_77' title="bbox 90 4369 1737 4444">
     <span class='ocr_line' id='line_1_77' title="bbox 90 4369 1737 4444; baseline 0.004 -22"><span class='ocrx_word' id='word_1_479' title='bbox 90 4369 274 4427; x_wconf 77' lang='lat' dir='ltr'>mercis</span> <span class='ocrx_word' id='word_1_480' title='bbox 305 4374 613 4439; x_wconf 87' lang='lat' dir='ltr'>sanitatis.</span> <span class='ocrx_word' id='word_1_481' title='bbox 651 4373 767 4429; x_wconf 91' lang='lat' dir='ltr'>Nec</span> <span class='ocrx_word' id='word_1_482' title='bbox 796 4373 898 4431; x_wconf 91' lang='lat' dir='ltr'>diu</span> <span class='ocrx_word' id='word_1_483' title='bbox 930 4371 1111 4429; x_wconf 88' lang='lat' dir='ltr'>dilata</span> <span class='ocrx_word' id='word_1_484' title='bbox 1140 4376 1279 4428; x_wconf 89' lang='lat' dir='ltr'>sunt</span> <span class='ocrx_word' id='word_1_485' title='bbox 1311 4389 1577 4444; x_wconf 74' lang='lat' dir='ltr'>superna:</span> <span class='ocrx_word' id='word_1_486' title='bbox 1627 4372 1737 4428; x_wconf 87' lang='lat' dir='ltr'>cle-</span> 
     </span>
    </p>
   </div>
   <div class='ocr_carea' id='block_1_78' title="bbox 90 4458 1733 4534">
    <p class='ocr_par' dir='ltr' id='par_1_78' title="bbox 90 4458 1733 4534">
     <span class='ocr_line' id='line_1_78' title="bbox 90 4458 1733 4534; baseline 0.004 -26"><span class='ocrx_word' id='word_1_487' title='bbox 90 4458 293 4517; x_wconf 73' lang='lat' dir='ltr'>mentia:</span> <span class='ocrx_word' id='word_1_488' title='bbox 339 4478 602 4519; x_wconf 89' lang='lat' dir='ltr'>munera</span> <span class='ocrx_word' id='word_1_489' title='bbox 648 4461 920 4534; x_wconf 89' lang='lat' dir='ltr'>copiosa;</span> <span class='ocrx_word' id='word_1_490' title='bbox 955 4477 1209 4532; x_wconf 87' lang='lat' dir='ltr'>namque</span> <span class='ocrx_word' id='word_1_491' title='bbox 1259 4465 1325 4516; x_wconf 89' lang='lat' dir='ltr'>ut</span> <span class='ocrx_word' id='word_1_492' title='bbox 1368 4461 1440 4517; x_wconf 92' lang='lat' dir='ltr'>ab</span> <span class='ocrx_word' id='word_1_493' title='bbox 1473 4462 1733 4518; x_wconf 90' lang='lat' dir='ltr'>oratione</span> 
     </span>
    </p>
   </div>
   <div class='ocr_carea' id='block_1_79' title="bbox 88 4548 1737 4623">
    <p class='ocr_par' dir='ltr' id='par_1_79' title="bbox 88 4548 1737 4623">
     <span class='ocr_line' id='line_1_79' title="bbox 88 4548 1737 4623; baseline 0.005 -27"><span class='ocrx_word' id='word_1_494' title='bbox 88 4553 422 4623; x_wconf 81' lang='lat' dir='ltr'>consurgens</span> <span class='ocrx_word' id='word_1_495' title='bbox 452 4550 702 4606; x_wconf 71' lang='lat' dir='ltr'>viviﬁcse</span> <span class='ocrx_word' id='word_1_496' title='bbox 735 4550 969 4622; x_wconf 89' lang='lat' dir='ltr'>signum</span> <span class='ocrx_word' id='word_1_497' title='bbox 1003 4550 1195 4607; x_wconf 89' lang='lat' dir='ltr'>crucis</span> <span class='ocrx_word' id='word_1_498' title='bbox 1225 4548 1403 4621; x_wconf 88' lang='lat' dir='ltr'>capiti</span> <span class='ocrx_word' id='word_1_499' title='bbox 1452 4550 1581 4620; x_wconf 91' lang='lat' dir='ltr'>ejus</span> <span class='ocrx_word' id='word_1_500' title='bbox 1632 4549 1737 4605; x_wconf 90' lang='lat' dir='ltr'>im-</span> 
     </span>
    </p>
   </div>
   <div class='ocr_carea' id='block_1_80' title="bbox 87 4633 1809 4730">
    <p class='ocr_par' dir='ltr' id='par_1_80' title="bbox 87 4633 1809 4730">
     <span class='ocr_line' id='line_1_80' title="bbox 87 4633 1809 4730; baseline 0.001 -40"><span class='ocrx_word' id='word_1_501' title='bbox 87 4633 274 4730; x_wconf 43' lang='lat' dir='ltr'>posuit,</span> <span class='ocrx_word' id='word_1_502' title='bbox 307 4654 447 4694; x_wconf 84' lang='lat' dir='ltr'>mox</span> <span class='ocrx_word' id='word_1_503' title='bbox 480 4636 810 4695; x_wconf 89' lang='lat' dir='ltr'>miserabili</span> <span class='ocrx_word' id='word_1_504' title='bbox 856 4638 1096 4694; x_wconf 90' lang='lat' dir='ltr'>cedente</span> <span class='ocrx_word' id='word_1_505' title='bbox 1142 4636 1456 4730; x_wconf 73' lang='lat' dir='ltr'>dementia,</span> <span class='ocrx_word' id='word_1_506' title='bbox 1486 4634 1734 4706; x_wconf 91' lang='lat' dir='ltr'>plenitu-</span> <span class='ocrx_word' id='word_1_507' title='bbox 1764 4666 1809 4730; x_wconf 70' lang='grc' dir='ltr'><strong>Β</strong></span> 
     </span>
    </p>
   </div>
   <div class='ocr_carea' id='block_1_81' title="bbox 86 4712 1733 4798">
    <p class='ocr_par' dir='ltr' id='par_1_81' title="bbox 86 4712 1733 4798">
     <span class='ocr_line' id='line_1_81' title="bbox 86 4712 1733 4798; baseline 0.006 -29"><span class='ocrx_word' id='word_1_508' title='bbox 86 4712 255 4781; x_wconf 88' lang='lat' dir='ltr'>dinem</span> <span class='ocrx_word' id='word_1_509' title='bbox 272 4738 489 4787; x_wconf 88' lang='lat' dir='ltr'>sensus</span> <span class='ocrx_word' id='word_1_510' title='bbox 508 4725 819 4798; x_wconf 89' lang='lat' dir='ltr'>sospitatis</span> <span class='ocrx_word' id='word_1_511' title='bbox 842 4725 1174 4798; x_wconf 88' lang='lat' dir='ltr'>integritate</span> <span class='ocrx_word' id='word_1_512' title='bbox 1197 4723 1733 4796; x_wconf 88' lang='lat' dir='ltr'>recepit,longoque</span> 
     </span>
    </p>
   </div>
   <div class='ocr_carea' id='block_1_82' title="bbox 85 4803 1728 4886">
    <p class='ocr_par' dir='ltr' id='par_1_82' title="bbox 85 4803 1728 4886">
     <span class='ocr_line' id='line_1_82' title="bbox 85 4803 1728 4886; baseline 0.001 -20"><span class='ocrx_word' id='word_1_513' title='bbox 85 4803 254 4867; x_wconf 72' lang='lat' dir='ltr'>Vivens</span> <span class='ocrx_word' id='word_1_514' title='bbox 282 4819 494 4885; x_wconf 89' lang='lat' dir='ltr'>postea</span> <span class='ocrx_word' id='word_1_515' title='bbox 528 4819 816 4886; x_wconf 90' lang='lat' dir='ltr'>tempore,</span> <span class='ocrx_word' id='word_1_516' title='bbox 852 4814 925 4869; x_wconf 89' lang='lat' dir='ltr'>ad</span> <span class='ocrx_word' id='word_1_517' title='bbox 955 4812 1283 4869; x_wconf 88' lang='lat' dir='ltr'>sanctitatis</span> <span class='ocrx_word' id='word_1_518' title='bbox 1314 4812 1441 4883; x_wconf 89' lang='lat' dir='ltr'>ejus</span> <span class='ocrx_word' id='word_1_519' title='bbox 1470 4812 1728 4867; x_wconf 88' lang='lat' dir='ltr'>testimo-</span> 
     </span>
    </p>
   </div>
   <div class='ocr_carea' id='block_1_83' title="bbox 86 4889 1727 4974">
    <p class='ocr_par' dir='ltr' id='par_1_83' title="bbox 86 4889 1727 4974">
     <span class='ocr_line' id='line_1_83' title="bbox 86 4889 1727 4974; baseline 0 -20"><span class='ocrx_word' id='word_1_520' title='bbox 86 4889 377 4969; x_wconf 67' lang='lat' dir='ltr'>nidm,sum</span> <span class='ocrx_word' id='word_1_521' title='bbox 411 4920 625 4960; x_wconf 90' lang='lat' dir='ltr'>secum</span> <span class='ocrx_word' id='word_1_522' title='bbox 656 4901 1019 4958; x_wconf 86' lang='lat' dir='ltr'>circumtulit</span> <span class='ocrx_word' id='word_1_523' title='bbox 1049 4900 1265 4974; x_wconf 85' lang='lat' dir='ltr'>gaudia</span> <span class='ocrx_word' id='word_1_524' title='bbox 1285 4900 1607 4972; x_wconf 89' lang='lat' dir='ltr'>sospitatis.</span> <span class='ocrx_word' id='word_1_525' title='bbox 1629 4900 1727 4955; x_wconf 87' lang='lat' dir='ltr'>His</span> 
     </span>
    </p>
   </div>
   <div class='ocr_carea' id='block_1_84' title="bbox 82 4981 1727 5063">
    <p class='ocr_par' dir='ltr' id='par_1_84' title="bbox 82 4981 1727 5063">
     <span class='ocr_line' id='line_1_84' title="bbox 82 4981 1727 5063; baseline 0.002 -24"><span class='ocrx_word' id='word_1_526' title='bbox 82 4982 127 5035; x_wconf 69' lang='lat' dir='ltr'>et</span> <span class='ocrx_word' id='word_1_527' title='bbox 149 4981 487 5058; x_wconf 83' lang='lat' dir='ltr'>bujusmodi</span> <span class='ocrx_word' id='word_1_528' title='bbox 518 4991 843 5046; x_wconf 86' lang='lat' dir='ltr'>virtutibus</span> <span class='ocrx_word' id='word_1_529' title='bbox 896 4989 1305 5063; x_wconf 86' lang='lat' dir='ltr'>gratissimum</span> <span class='ocrx_word' id='word_1_530' title='bbox 1337 4988 1448 5043; x_wconf 90' lang='lat' dir='ltr'>sibi</span> <span class='ocrx_word' id='word_1_531' title='bbox 1480 4988 1727 5043; x_wconf 89' lang='lat' dir='ltr'>militem</span> 
     </span>
    </p>
   </div>
   <div class='ocr_carea' id='block_1_85' title="bbox 84 5064 1725 5151">
    <p class='ocr_par' dir='ltr' id='par_1_85' title="bbox 84 5064 1725 5151">
     <span class='ocr_line' id='line_1_85' title="bbox 84 5064 1725 5151; baseline 0.007 -32"><span class='ocrx_word' id='word_1_532' title='bbox 84 5064 252 5131; x_wconf 87' lang='lat' dir='ltr'>divina</span> <span class='ocrx_word' id='word_1_533' title='bbox 278 5078 632 5137; x_wconf 79' lang='lat' dir='ltr'>excellentia</span> <span class='ocrx_word' id='word_1_534' title='bbox 661 5078 1045 5151; x_wconf 90' lang='lat' dir='ltr'>provehebat;</span> <span class='ocrx_word' id='word_1_535' title='bbox 1080 5094 1375 5149; x_wconf 87' lang='lat' dir='ltr'>quemque</span> <span class='ocrx_word' id='word_1_536' title='bbox 1398 5078 1457 5131; x_wconf 93' lang='lat' dir='ltr'>in</span> <span class='ocrx_word' id='word_1_537' title='bbox 1487 5077 1725 5149; x_wconf 90' lang='lat' dir='ltr'>superni</span> 
     </span>
    </p>
   </div>
   <div class='ocr_carea' id='block_1_86' title="bbox 82 5163 1783 5238">
    <p class='ocr_par' dir='ltr' id='par_1_86' title="bbox 82 5163 1783 5238">
     <span class='ocr_line' id='line_1_86' title="bbox 82 5163 1783 5238; baseline -0.003 -18"><span class='ocrx_word' id='word_1_538' title='bbox 82 5163 219 5232; x_wconf 65' lang='lat' dir='ltr'>1‘eg‘ui</span> <span class='ocrx_word' id='word_1_539' title='bbox 251 5168 415 5238; x_wconf 87' lang='lat' dir='ltr'>apice</span> <span class='ocrx_word' id='word_1_540' title='bbox 432 5167 982 5224; x_wconf 88' lang='lat' dir='ltr'>eminentissimum</span> <span class='ocrx_word' id='word_1_541' title='bbox 1004 5166 1287 5222; x_wconf 89' lang='lat' dir='ltr'>collocare</span> <span class='ocrx_word' id='word_1_542' title='bbox 1310 5165 1727 5232; x_wconf 86' lang='lat' dir='ltr'>decreverat,in</span> <span class='ocrx_word' id='word_1_543' title='bbox 1780 5214 1783 5215; x_wconf 30' lang='grc' dir='ltr'><em>ν</em></span> 
     </span>
    </p>
   </div>
   <div class='ocr_carea' id='block_1_87' title="bbox 84 5240 1729 5329">
    <p class='ocr_par' dir='ltr' id='par_1_87' title="bbox 84 5240 1729 5329">
     <span class='ocr_line' id='line_1_87' title="bbox 84 5240 1729 5329; baseline 0 -22"><span class='ocrx_word' id='word_1_544' title='bbox 84 5240 237 5317; x_wconf 80' lang='lat' dir='ltr'>hujus</span> <span class='ocrx_word' id='word_1_545' title='bbox 267 5270 506 5329; x_wconf 88' lang='lat' dir='ltr'>quoque</span> <span class='ocrx_word' id='word_1_546' title='bbox 540 5254 740 5312; x_wconf 72' lang='lat' dir='ltr'>saeculi</span> <span class='ocrx_word' id='word_1_547' title='bbox 763 5272 1012 5311; x_wconf 89' lang='lat' dir='ltr'>excursu</span> <span class='ocrx_word' id='word_1_548' title='bbox 1034 5254 1327 5326; x_wconf 89' lang='lat' dir='ltr'>insignem</span> <span class='ocrx_word' id='word_1_549' title='bbox 1349 5270 1413 5309; x_wconf 90' lang='lat' dir='ltr'>ac</span> <span class='ocrx_word' id='word_1_550' title='bbox 1441 5253 1729 5309; x_wconf 87' lang='lat' dir='ltr'>celebrem</span> 
     </span>
    </p>
   </div>
   <div class='ocr_carea' id='block_1_88' title="bbox 83 5336 1581 5417">
    <p class='ocr_par' dir='ltr' id='par_1_88' title="bbox 83 5336 1581 5417">
     <span class='ocr_line' id='line_1_88' title="bbox 83 5336 1581 5417; baseline -0.003 -16"><span class='ocrx_word' id='word_1_551' title='bbox 83 5336 294 5401; x_wconf 56' lang='lat' dir='ltr'>madere</span> <span class='ocrx_word' id='word_1_552' title='bbox 324 5361 431 5417; x_wconf 90' lang='lat' dir='ltr'>per</span> <span class='ocrx_word' id='word_1_553' title='bbox 460 5344 799 5416; x_wconf 79' lang='lat' dir='ltr'>frequentia</span> <span class='ocrx_word' id='word_1_554' title='bbox 829 5342 1116 5400; x_wconf 89' lang='lat' dir='ltr'>miracula</span> <span class='ocrx_word' id='word_1_555' title='bbox 1146 5360 1264 5398; x_wconf 91' lang='lat' dir='ltr'>non</span> <span class='ocrx_word' id='word_1_556' title='bbox 1299 5342 1581 5398; x_wconf 87' lang='lat' dir='ltr'>cessabat.</span> 
     </span>
    </p>
   </div>
   <div class='ocr_carea' id='block_1_89' title="bbox 294 5430 1487 5504">
    <p class='ocr_par' dir='ltr' id='par_1_89' title="bbox 294 5430 1487 5504">
     <span class='ocr_line' id='line_1_89' title="bbox 294 5430 1487 5504; baseline -0.003 -16"><span class='ocrx_word' id='word_1_557' title='bbox 294 5432 479 5491; x_wconf 74' lang='lat' dir='ltr'>Morbo</span> <span class='ocrx_word' id='word_1_558' title='bbox 511 5440 795 5504; x_wconf 84' lang='lat' dir='ltr'>correptus</span> <span class='ocrx_word' id='word_1_559' title='bbox 815 5432 959 5488; x_wconf 78' lang='lat' dir='ltr'>diem</span> <span class='ocrx_word' id='word_1_560' title='bbox 988 5433 1181 5487; x_wconf 80' lang='lat' dir='ltr'>mortis</span> <span class='ocrx_word' id='word_1_561' title='bbox 1209 5430 1487 5502; x_wconf 65' lang='lat' dir='ltr'>praedicit.</span> 
     </span>
    </p>
   </div>
   <div class='ocr_carea' id='block_1_90' title="bbox 144 5519 1729 5593">
    <p class='ocr_par' dir='ltr' id='par_1_90' title="bbox 144 5519 1729 5593">
     <span class='ocr_line' id='line_1_90' title="bbox 144 5519 1729 5593; baseline -0.004 -13"><span class='ocrx_word' id='word_1_562' title='bbox 144 5522 228 5587; x_wconf 83' lang='lat'>20.</span> <span class='ocrx_word' id='word_1_563' title='bbox 256 5521 390 5579; x_wconf 73' lang='lat' dir='ltr'>lam</span> <span class='ocrx_word' id='word_1_564' title='bbox 423 5521 596 5585; x_wconf 82' lang='lat' dir='ltr'>enim</span> <span class='ocrx_word' id='word_1_565' title='bbox 626 5525 862 5593; x_wconf 85' lang='lat' dir='ltr'>tempus</span> <span class='ocrx_word' id='word_1_566' title='bbox 893 5536 923 5575; x_wconf 94' lang='lat' dir='ltr'>e</span> <span class='ocrx_word' id='word_1_567' title='bbox 954 5520 1218 5592; x_wconf 85' lang='lat' dir='ltr'>proximo</span> <span class='ocrx_word' id='word_1_568' title='bbox 1269 5519 1580 5587; x_wconf 83' lang='lat' dir='ltr'>ferebatur,</span> <span class='ocrx_word' id='word_1_569' title='bbox 1613 5534 1729 5590; x_wconf 90' lang='lat' dir='ltr'>quo</span> 
     </span>
    </p>
   </div>
   <div class='ocr_carea' id='block_1_91' title="bbox 84 5606 1730 5681">
    <p class='ocr_par' dir='ltr' id='par_1_91' title="bbox 84 5606 1730 5681">
     <span class='ocr_line' id='line_1_91' title="bbox 84 5606 1730 5681; baseline -0.001 -16"><span class='ocrx_word' id='word_1_570' title='bbox 84 5606 338 5668; x_wconf 75' lang='lat' dir='ltr'>athletam</span> <span class='ocrx_word' id='word_1_571' title='bbox 371 5627 563 5667; x_wconf 85' lang='lat' dir='ltr'>suum</span> <span class='ocrx_word' id='word_1_572' title='bbox 590 5606 859 5665; x_wconf 86' lang='lat' dir='ltr'>Christus</span> <span class='ocrx_word' id='word_1_573' title='bbox 890 5625 924 5664; x_wconf 90' lang='lat' dir='ltr'>a</span> <span class='ocrx_word' id='word_1_574' title='bbox 949 5606 1277 5681; x_wconf 86' lang='lat' dir='ltr'>periculoso</span> <span class='ocrx_word' id='word_1_575' title='bbox 1311 5606 1517 5662; x_wconf 89' lang='lat' dir='ltr'>mundi</span> <span class='ocrx_word' id='word_1_576' title='bbox 1550 5606 1730 5678; x_wconf 90' lang='lat' dir='ltr'>hujus</span> 
     </span>
    </p>
   </div>
   <div class='ocr_carea' id='block_1_92' title="bbox 82 5695 1728 5773">
    <p class='ocr_par' dir='ltr' id='par_1_92' title="bbox 82 5695 1728 5773">
     <span class='ocr_line' id='line_1_92' title="bbox 82 5695 1728 5773; baseline 0.001 -20"><span class='ocrx_word' id='word_1_577' title='bbox 82 5709 240 5768; x_wconf 79' lang='lat' dir='ltr'>agone</span> <span class='ocrx_word' id='word_1_578' title='bbox 270 5698 676 5769; x_wconf 87' lang='lat' dir='ltr'>subtraheret,</span> <span class='ocrx_word' id='word_1_579' title='bbox 693 5701 868 5773; x_wconf 88' lang='lat' dir='ltr'>atque</span> <span class='ocrx_word' id='word_1_580' title='bbox 900 5696 961 5753; x_wconf 88' lang='lat' dir='ltr'>in</span> <span class='ocrx_word' id='word_1_581' title='bbox 992 5695 1246 5755; x_wconf 85' lang='lat' dir='ltr'>statione</span> <span class='ocrx_word' id='word_1_582' title='bbox 1278 5698 1603 5754; x_wconf 87' lang='lat' dir='ltr'>castrorum</span> <span class='ocrx_word' id='word_1_583' title='bbox 1623 5710 1728 5755; x_wconf 81' lang='lat' dir='ltr'>coe-</span> 
     </span>
    </p>
   </div>
   <div class='ocr_carea' id='block_1_93' title="bbox 1846 3402 3501 3473">
    <p class='ocr_par' dir='ltr' id='par_1_93' title="bbox 1846 3402 3501 3473">
     <span class='ocr_line' id='line_1_93' title="bbox 1846 3402 3501 3473; baseline -0.002 -15"><span class='ocrx_word' id='word_1_584' title='bbox 1846 3406 2122 3473; x_wconf 87' lang='lat' dir='ltr'>staretur,</span> <span class='ocrx_word' id='word_1_585' title='bbox 2174 3402 2351 3460; x_wconf 90' lang='lat' dir='ltr'>altius</span> <span class='ocrx_word' id='word_1_586' title='bbox 2399 3402 2819 3458; x_wconf 82' lang='lat' dir='ltr'>exhortationis</span> <span class='ocrx_word' id='word_1_587' title='bbox 2867 3418 3137 3458; x_wconf 91' lang='lat' dir='ltr'>sermone</span> <span class='ocrx_word' id='word_1_588' title='bbox 3194 3404 3501 3473; x_wconf 89' lang='lat' dir='ltr'>concepto,</span> 
     </span>
    </p>
   </div>
   <div class='ocr_carea' id='block_1_94' title="bbox 1846 3487 3509 3564">
    <p class='ocr_par' dir='ltr' id='par_1_94' title="bbox 1846 3487 3509 3564">
     <span class='ocr_line' id='line_1_94' title="bbox 1846 3487 3509 3564; baseline -0.001 -18"><span class='ocrx_word' id='word_1_589' title='bbox 1846 3508 2052 3547; x_wconf 91' lang='lat' dir='ltr'>omnes</span> <span class='ocrx_word' id='word_1_590' title='bbox 2075 3491 2392 3564; x_wconf 89' lang='lat' dir='ltr'>compescit</span> <span class='ocrx_word' id='word_1_591' title='bbox 2421 3508 2455 3546; x_wconf 89' lang='lat' dir='ltr'>a</span> <span class='ocrx_word' id='word_1_592' title='bbox 2485 3491 2740 3558; x_wconf 87' lang='lat' dir='ltr'>ﬂetibus,</span> <span class='ocrx_word' id='word_1_593' title='bbox 2756 3490 3293 3563; x_wconf 87' lang='lat' dir='ltr'>congratulandum</span> <span class='ocrx_word' id='word_1_594' title='bbox 3312 3487 3509 3560; x_wconf 88' lang='lat' dir='ltr'>potius</span> 
     </span>
    </p>
   </div>
   <div class='ocr_carea' id='block_1_95' title="bbox 1846 3577 3506 3653">
    <p class='ocr_par' dir='ltr' id='par_1_95' title="bbox 1846 3577 3506 3653">
     <span class='ocr_line' id='line_1_95' title="bbox 1846 3577 3506 3653; baseline -0.003 -16"><span class='ocrx_word' id='word_1_595' title='bbox 1846 3581 1957 3637; x_wconf 92' lang='lat' dir='ltr'>sibi</span> <span class='ocrx_word' id='word_1_596' title='bbox 1993 3597 2170 3653; x_wconf 89' lang='lat' dir='ltr'>quam</span> <span class='ocrx_word' id='word_1_597' title='bbox 2202 3580 2519 3636; x_wconf 90' lang='lat' dir='ltr'>dolendum</span> <span class='ocrx_word' id='word_1_598' title='bbox 2553 3579 2876 3647; x_wconf 82' lang='lat' dir='ltr'>affirmans,</span> <span class='ocrx_word' id='word_1_599' title='bbox 2903 3578 3056 3650; x_wconf 90' lang='lat' dir='ltr'>quod</span> <span class='ocrx_word' id='word_1_600' title='bbox 3082 3577 3180 3649; x_wconf 90' lang='lat' dir='ltr'>qui</span> <span class='ocrx_word' id='word_1_601' title='bbox 3216 3577 3506 3632; x_wconf 88' lang='lat' dir='ltr'>hactenus</span> 
     </span>
    </p>
   </div>
   <div class='ocr_carea' id='block_1_96' title="bbox 1846 3664 3505 3739">
    <p class='ocr_par' dir='ltr' id='par_1_96' title="bbox 1846 3664 3505 3739">
     <span class='ocr_line' id='line_1_96' title="bbox 1846 3664 3505 3739; baseline -0.005 -12"><span class='ocrx_word' id='word_1_602' title='bbox 1846 3670 2008 3728; x_wconf 87' lang='lat' dir='ltr'>exsul</span> <span class='ocrx_word' id='word_1_603' title='bbox 2064 3669 2303 3736; x_wconf 88' lang='lat' dir='ltr'>vixerat,</span> <span class='ocrx_word' id='word_1_604' title='bbox 2334 3683 2489 3724; x_wconf 91' lang='lat' dir='ltr'>nunc</span> <span class='ocrx_word' id='word_1_605' title='bbox 2537 3667 2741 3739; x_wconf 63' lang='lat' dir='ltr'>patrias</span> <span class='ocrx_word' id='word_1_606' title='bbox 2792 3665 3054 3722; x_wconf 89' lang='lat' dir='ltr'>redditus</span> <span class='ocrx_word' id='word_1_607' title='bbox 3101 3665 3173 3720; x_wconf 92' lang='lat' dir='ltr'>ad</span> <span class='ocrx_word' id='word_1_608' title='bbox 3208 3664 3299 3720; x_wconf 90' lang='lat' dir='ltr'>sui</span> <span class='ocrx_word' id='word_1_609' title='bbox 3329 3664 3505 3736; x_wconf 86' lang='lat' dir='ltr'>Regis</span> 
     </span>
    </p>
   </div>
   <div class='ocr_carea' id='block_1_97' title="bbox 1845 3754 3508 3824">
    <p class='ocr_par' dir='ltr' id='par_1_97' title="bbox 1845 3754 3508 3824">
     <span class='ocr_line' id='line_1_97' title="bbox 1845 3754 3508 3824; baseline -0.007 -6"><span class='ocrx_word' id='word_1_610' title='bbox 1845 3758 2174 3817; x_wconf 89' lang='lat' dir='ltr'>convivium</span> <span class='ocrx_word' id='word_1_611' title='bbox 2202 3761 2529 3813; x_wconf 87' lang='lat' dir='ltr'>vocaretur.</span> <span class='ocrx_word' id='word_1_612' title='bbox 2565 3754 2714 3811; x_wconf 93' lang='lat' dir='ltr'>Illud</span> <span class='ocrx_word' id='word_1_613' title='bbox 2753 3754 2842 3809; x_wconf 91' lang='lat' dir='ltr'>vel</span> <span class='ocrx_word' id='word_1_614' title='bbox 2892 3754 3145 3809; x_wconf 85' lang='lat' dir='ltr'>maxime</span> <span class='ocrx_word' id='word_1_615' title='bbox 3196 3768 3345 3824; x_wconf 63' lang='lat' dir='ltr'>saepe</span> <span class='ocrx_word' id='word_1_616' title='bbox 3375 3768 3508 3809; x_wconf 87' lang='lat' dir='ltr'>con-</span> 
     </span>
    </p>
   </div>
   <div class='ocr_carea' id='block_1_98' title="bbox 1844 3840 3505 3914">
    <p class='ocr_par' dir='ltr' id='par_1_98' title="bbox 1844 3840 3505 3914">
     <span class='ocr_line' id='line_1_98' title="bbox 1844 3840 3505 3914; baseline -0.006 -11"><span class='ocrx_word' id='word_1_617' title='bbox 1844 3851 2089 3914; x_wconf 89' lang='lat' dir='ltr'>testans,</span> <span class='ocrx_word' id='word_1_618' title='bbox 2114 3851 2180 3903; x_wconf 91' lang='lat' dir='ltr'>ut</span> <span class='ocrx_word' id='word_1_619' title='bbox 2210 3861 2477 3901; x_wconf 89' lang='lat' dir='ltr'>normam</span> <span class='ocrx_word' id='word_1_620' title='bbox 2508 3848 2727 3899; x_wconf 68' lang='lat' dir='ltr'>sancta:</span> <span class='ocrx_word' id='word_1_621' title='bbox 2748 3840 3354 3913; x_wconf 87' lang='lat' dir='ltr'>institutionis,quam</span> <span class='ocrx_word' id='word_1_622' title='bbox 3377 3840 3505 3913; x_wconf 90' lang='lat' dir='ltr'>ipso</span> 
     </span>
    </p>
   </div>
   <div class='ocr_carea' id='block_1_99' title="bbox 1845 3932 3503 4003">
    <p class='ocr_par' dir='ltr' id='par_1_99' title="bbox 1845 3932 3503 4003">
     <span class='ocr_line' id='line_1_99' title="bbox 1845 3932 3503 4003; baseline -0.006 -10"><span class='ocrx_word' id='word_1_623' title='bbox 1845 3940 1902 3993; x_wconf 89' lang='lat' dir='ltr'>et</span> <span class='ocrx_word' id='word_1_624' title='bbox 1948 3937 2189 3991; x_wconf 90' lang='lat' dir='ltr'>docente</span> <span class='ocrx_word' id='word_1_625' title='bbox 2232 3934 2579 4002; x_wconf 89' lang='lat' dir='ltr'>didicerant,</span> <span class='ocrx_word' id='word_1_626' title='bbox 2625 3936 2681 3988; x_wconf 90' lang='lat' dir='ltr'>et</span> <span class='ocrx_word' id='word_1_627' title='bbox 2728 3934 3001 4003; x_wconf 88' lang='lat' dir='ltr'>operante</span> <span class='ocrx_word' id='word_1_628' title='bbox 3062 3932 3503 4001; x_wconf 86' lang='lat' dir='ltr'>conspexerant,</span> 
     </span>
    </p>
   </div>
   <div class='ocr_carea' id='block_1_100' title="bbox 1844 4018 3504 4093">
    <p class='ocr_par' dir='ltr' id='par_1_100' title="bbox 1844 4018 3504 4093">
     <span class='ocr_line' id='line_1_100' title="bbox 1844 4018 3504 4093; baseline -0.006 -13"><span class='ocrx_word' id='word_1_629' title='bbox 1844 4023 2165 4080; x_wconf 90' lang='lat' dir='ltr'>inviolabili</span> <span class='ocrx_word' id='word_1_630' title='bbox 2196 4028 2395 4080; x_wconf 90' lang='lat' dir='ltr'>tenore</span> <span class='ocrx_word' id='word_1_631' title='bbox 2423 4037 2610 4093; x_wconf 88' lang='lat' dir='ltr'>usque</span> <span class='ocrx_word' id='word_1_632' title='bbox 2642 4020 2713 4076; x_wconf 90' lang='lat' dir='ltr'>ad</span> <span class='ocrx_word' id='word_1_633' title='bbox 2743 4020 2870 4075; x_wconf 65' lang='lat' dir='ltr'>vitai</span> <span class='ocrx_word' id='word_1_634' title='bbox 2904 4018 3227 4075; x_wconf 89' lang='lat' dir='ltr'>termiunm</span> <span class='ocrx_word' id='word_1_635' title='bbox 3272 4033 3504 4073; x_wconf 90' lang='lat' dir='ltr'>conser-</span> 
     </span>
    </p>
   </div>
   <div class='ocr_carea' id='block_1_101' title="bbox 1842 4116 2065 4169">
    <p class='ocr_par' dir='ltr' id='par_1_101' title="bbox 1842 4116 2065 4169">
     <span class='ocr_line' id='line_1_101' title="bbox 1842 4116 2065 4169; baseline -0.009 0"><span class='ocrx_word' id='word_1_636' title='bbox 1842 4116 2065 4169; x_wconf 89' lang='lat' dir='ltr'>varent.</span> 
     </span>
    </p>
   </div>
   <div class='ocr_carea' id='block_1_102' title="bbox 1842 4194 3503 4280">
    <p class='ocr_par' dir='ltr' id='par_1_102' title="bbox 1842 4194 3503 4280">
     <span class='ocr_line' id='line_1_102' title="bbox 1842 4194 3503 4280; baseline -0.007 -22"><span class='ocrx_word' id='word_1_637' title='bbox 1842 4204 2139 4280; x_wconf 45' lang='lat' dir='ltr'>Ecclesium</span> <span class='ocrx_word' id='word_1_638' title='bbox 2167 4218 2364 4259; x_wconf 78' lang='lat' dir='ltr'>novam</span> <span class='ocrx_word' id='word_1_639' title='bbox 2389 4199 2477 4256; x_wconf 84' lang='lat' dir='ltr'>die</span> <span class='ocrx_word' id='word_1_640' title='bbox 2506 4199 2936 4280; x_wconf 7' lang='lat' dir='ltr'>nataligDm&#39;nipi</span> <span class='ocrx_word' id='word_1_641' title='bbox 2959 4196 3200 4280; x_wconf 72' lang='lat' dir='ltr'>postulat</span> <span class='ocrx_word' id='word_1_642' title='bbox 3226 4194 3503 4280; x_wconf 68' lang='lat' dir='ltr'>dedicari.</span> 
     </span>
    </p>
   </div>
   <div class='ocr_carea' id='block_1_103' title="bbox 2004 4269 3342 4347">
    <p class='ocr_par' dir='ltr' id='par_1_103' title="bbox 2004 4269 3342 4347">
     <span class='ocr_line' id='line_1_103' title="bbox 2004 4269 3342 4347; baseline -0.007 -18"><span class='ocrx_word' id='word_1_643' title='bbox 2004 4275 2262 4347; x_wconf 78' lang='lat' dir='ltr'>Episcopo</span> <span class='ocrx_word' id='word_1_644' title='bbox 2292 4279 2592 4340; x_wconf 71' lang='lat' dir='ltr'>recusante,</span> <span class='ocrx_word' id='word_1_645' title='bbox 2626 4272 2757 4326; x_wconf 61' lang='lat' dir='ltr'>vita?</span> <span class='ocrx_word' id='word_1_646' title='bbox 2788 4269 3039 4324; x_wconf 80' lang='lat' dir='ltr'>inducias</span> <span class='ocrx_word' id='word_1_647' title='bbox 3070 4270 3342 4338; x_wconf 79' lang='lat' dir='ltr'>impetrat.</span> 
     </span>
    </p>
   </div>
   <div class='ocr_carea' id='block_1_104' title="bbox 1913 4353 3503 4418">
    <p class='ocr_par' dir='ltr' id='par_1_104' title="bbox 1913 4353 3503 4418">
     <span class='ocr_line' id='line_1_104' title="bbox 1913 4353 3503 4418; baseline -0.006 -3"><span class='ocrx_word' id='word_1_648' title='bbox 1913 4362 2004 4416; x_wconf 89' lang='grc'>21.</span> <span class='ocrx_word' id='word_1_649' title='bbox 2043 4364 2266 4418; x_wconf 82' lang='lat' dir='ltr'>Interea</span> <span class='ocrx_word' id='word_1_650' title='bbox 2294 4360 2420 4416; x_wconf 91' lang='lat' dir='ltr'>dics</span> <span class='ocrx_word' id='word_1_651' title='bbox 2443 4358 2759 4415; x_wconf 78' lang='lat' dir='ltr'>Dominicm</span> <span class='ocrx_word' id='word_1_652' title='bbox 2795 4354 3119 4412; x_wconf 87' lang='lat' dir='ltr'>nativitatis</span> <span class='ocrx_word' id='word_1_653' title='bbox 3145 4353 3288 4409; x_wconf 82' lang='lat' dir='ltr'>cmlo</span> <span class='ocrx_word' id='word_1_654' title='bbox 3321 4358 3503 4407; x_wconf 82' lang='lat' dir='ltr'>terra-</span> 
     </span>
    </p>
   </div>
   <div class='ocr_carea' id='block_1_105' title="bbox 1843 4440 3499 4521">
    <p class='ocr_par' dir='ltr' id='par_1_105' title="bbox 1843 4440 3499 4521">
     <span class='ocr_line' id='line_1_105' title="bbox 1843 4440 3499 4521; baseline -0.007 -16"><span class='ocrx_word' id='word_1_655' title='bbox 1843 4465 1956 4521; x_wconf 89' lang='lat' dir='ltr'>que</span> <span class='ocrx_word' id='word_1_656' title='bbox 1989 4449 2425 4515; x_wconf 83' lang='lat' dir='ltr'>festivissimus,</span> <span class='ocrx_word' id='word_1_657' title='bbox 2460 4464 2525 4503; x_wconf 88' lang='lat' dir='ltr'>ac</span> <span class='ocrx_word' id='word_1_658' title='bbox 2556 4450 2677 4502; x_wconf 91' lang='lat' dir='ltr'>toto</span> <span class='ocrx_word' id='word_1_659' title='bbox 2713 4446 2849 4500; x_wconf 91' lang='lat' dir='ltr'>orbe</span> <span class='ocrx_word' id='word_1_660' title='bbox 2878 4442 3160 4499; x_wconf 90' lang='lat' dir='ltr'>colendus</span> <span class='ocrx_word' id='word_1_661' title='bbox 3207 4440 3499 4505; x_wconf 87' lang='lat' dir='ltr'>illuxerat.</span> 
     </span>
    </p>
   </div>
   <div class='ocr_carea' id='block_1_106' title="bbox 1840 4527 3502 4609">
    <p class='ocr_par' dir='ltr' id='par_1_106' title="bbox 1840 4527 3502 4609">
     <span class='ocr_line' id='line_1_106' title="bbox 1840 4527 3502 4609; baseline -0.007 -14"><span class='ocrx_word' id='word_1_662' title='bbox 1840 4538 2054 4596; x_wconf 88' lang='lat' dir='ltr'>Accitis</span> <span class='ocrx_word' id='word_1_663' title='bbox 2084 4538 2280 4609; x_wconf 89' lang='lat' dir='ltr'>itaque</span> <span class='ocrx_word' id='word_1_664' title='bbox 2311 4536 2542 4591; x_wconf 91' lang='lat' dir='ltr'>duobus</span> <span class='ocrx_word' id='word_1_665' title='bbox 2575 4531 2923 4588; x_wconf 88' lang='lat' dir='ltr'>nominatim</span> <span class='ocrx_word' id='word_1_666' title='bbox 2965 4527 3293 4600; x_wconf 89' lang='lat' dir='ltr'>discipulis,</span> <span class='ocrx_word' id='word_1_667' title='bbox 3313 4528 3502 4583; x_wconf 88' lang='lat' dir='ltr'>Leone</span> 
     </span>
    </p>
   </div>
   <div class='ocr_carea' id='block_1_107' title="bbox 1845 4615 3500 4693">
    <p class='ocr_par' dir='ltr' id='par_1_107' title="bbox 1845 4615 3500 4693">
     <span class='ocr_line' id='line_1_107' title="bbox 1845 4615 3500 4693; baseline -0.01 -6"><span class='ocrx_word' id='word_1_668' title='bbox 1845 4627 2065 4687; x_wconf 84' lang='lat' dir='ltr'>scilicet</span> <span class='ocrx_word' id='word_1_669' title='bbox 2093 4625 2213 4683; x_wconf 83' lang='lat' dir='ltr'>viro</span> <span class='ocrx_word' id='word_1_670' title='bbox 2236 4623 2630 4690; x_wconf 89' lang='lat' dir='ltr'>sanctissimo,</span> <span class='ocrx_word' id='word_1_671' title='bbox 2649 4620 2749 4693; x_wconf 91' lang='lat' dir='ltr'>qui</span> <span class='ocrx_word' id='word_1_672' title='bbox 2770 4624 2895 4675; x_wconf 91' lang='lat' dir='ltr'>tum</span> <span class='ocrx_word' id='word_1_673' title='bbox 2918 4619 2976 4672; x_wconf 92' lang='lat' dir='ltr'>in</span> <span class='ocrx_word' id='word_1_674' title='bbox 2994 4618 3196 4673; x_wconf 91' lang='lat' dir='ltr'>eodem</span> <span class='ocrx_word' id='word_1_675' title='bbox 3215 4615 3500 4672; x_wconf 89' lang='lat' dir='ltr'>suburbio</span> 
     </span>
    </p>
   </div>
   <div class='ocr_carea' id='block_1_108' title="bbox 1844 4704 3502 4779">
    <p class='ocr_par' dir='ltr' id='par_1_108' title="bbox 1844 4704 3502 4779">
     <span class='ocr_line' id='line_1_108' title="bbox 1844 4704 3502 4779; baseline -0.009 -4"><span class='ocrx_word' id='word_1_676' title='bbox 1844 4719 2025 4775; x_wconf 89' lang='lat' dir='ltr'>abbas</span> <span class='ocrx_word' id='word_1_677' title='bbox 2057 4714 2409 4770; x_wconf 88' lang='lat' dir='ltr'>mitissimus</span> <span class='ocrx_word' id='word_1_678' title='bbox 2458 4711 2763 4777; x_wconf 87' lang='lat' dir='ltr'>existebat,</span> <span class='ocrx_word' id='word_1_679' title='bbox 2795 4707 3051 4779; x_wconf 89' lang='lat' dir='ltr'>itemque</span> <span class='ocrx_word' id='word_1_680' title='bbox 3104 4704 3375 4778; x_wconf 89' lang='lat' dir='ltr'>Lupullo,</span> <span class='ocrx_word' id='word_1_681' title='bbox 3400 4704 3502 4777; x_wconf 91' lang='lat' dir='ltr'>qui</span> 
     </span>
    </p>
   </div>
   <div class='ocr_carea' id='block_1_109' title="bbox 1836 4794 3502 4872">
    <p class='ocr_par' dir='ltr' id='par_1_109' title="bbox 1836 4794 3502 4872">
     <span class='ocr_line' id='line_1_109' title="bbox 1836 4794 3502 4872; baseline -0.008 -10"><span class='ocrx_word' id='word_1_682' title='bbox 1836 4807 1965 4862; x_wconf 62' lang='lat' dir='ltr'>vitae</span> <span class='ocrx_word' id='word_1_683' title='bbox 1987 4810 2044 4862; x_wconf 89' lang='lat' dir='ltr'>et</span> <span class='ocrx_word' id='word_1_684' title='bbox 2059 4801 2518 4860; x_wconf 87' lang='lat' dir='ltr'>conversationis</span> <span class='ocrx_word' id='word_1_685' title='bbox 2538 4801 2668 4872; x_wconf 88' lang='lat' dir='ltr'>ejus</span> <span class='ocrx_word' id='word_1_686' title='bbox 2700 4797 3050 4869; x_wconf 88' lang='lat' dir='ltr'>insignia,ut</span> <span class='ocrx_word' id='word_1_687' title='bbox 3074 4795 3262 4867; x_wconf 82' lang='lat' dir='ltr'>ipsius</span> <span class='ocrx_word' id='word_1_688' title='bbox 3285 4794 3502 4865; x_wconf 88' lang='lat' dir='ltr'>scripto</span> 
     </span>
    </p>
   </div>
   <div class='ocr_carea' id='block_1_110' title="bbox 1839 4882 3498 4960">
    <p class='ocr_par' dir='ltr' id='par_1_110' title="bbox 1839 4882 3498 4960">
     <span class='ocr_line' id='line_1_110' title="bbox 1839 4882 3498 4960; baseline -0.007 -10"><span class='ocrx_word' id='word_1_689' title='bbox 1839 4894 2199 4951; x_wconf 90' lang='lat' dir='ltr'>declaratum</span> <span class='ocrx_word' id='word_1_690' title='bbox 2232 4894 2338 4957; x_wconf 87' lang='lat' dir='ltr'>est,</span> <span class='ocrx_word' id='word_1_691' title='bbox 2373 4889 2508 4944; x_wconf 89' lang='lat' dir='ltr'>licet</span> <span class='ocrx_word' id='word_1_692' title='bbox 2516 4890 2683 4960; x_wconf 88' lang='lat' dir='ltr'>justo</span> <span class='ocrx_word' id='word_1_693' title='bbox 2714 4885 2949 4942; x_wconf 87' lang='lat' dir='ltr'>brevius</span> <span class='ocrx_word' id='word_1_694' title='bbox 2983 4884 3194 4942; x_wconf 89' lang='lat' dir='ltr'>litteris</span> <span class='ocrx_word' id='word_1_695' title='bbox 3218 4882 3498 4956; x_wconf 84' lang='lat' dir='ltr'>alligavit,</span> 
     </span>
    </p>
   </div>
   <div class='ocr_carea' id='block_1_111' title="bbox 1838 4972 3499 5043">
    <p class='ocr_par' dir='ltr' id='par_1_111' title="bbox 1838 4972 3499 5043">
     <span class='ocr_line' id='line_1_111' title="bbox 1838 4972 3499 5043; baseline -0.007 -5"><span class='ocrx_word' id='word_1_696' title='bbox 1838 4985 1910 5038; x_wconf 91' lang='lat' dir='ltr'>ad</span> <span class='ocrx_word' id='word_1_697' title='bbox 1941 4982 2244 5037; x_wconf 85' lang='lat' dir='ltr'>Abbomen</span> <span class='ocrx_word' id='word_1_698' title='bbox 2274 4978 2463 5034; x_wconf 87' lang='lat' dir='ltr'>virum</span> <span class='ocrx_word' id='word_1_699' title='bbox 2496 4975 3035 5032; x_wconf 88' lang='lat' dir='ltr'>reverentissimum</span> <span class='ocrx_word' id='word_1_700' title='bbox 3058 4972 3325 5043; x_wconf 85' lang='lat' dir='ltr'>ejusdem</span> <span class='ocrx_word' id='word_1_701' title='bbox 3356 4976 3499 5027; x_wconf 92' lang='lat' dir='ltr'>tunc</span> 
     </span>
    </p>
   </div>
   <div class='ocr_carea' id='block_1_112' title="bbox 1839 5061 3505 5129">
    <p class='ocr_par' dir='ltr' id='par_1_112' title="bbox 1839 5061 3505 5129">
     <span class='ocr_line' id='line_1_112' title="bbox 1839 5061 3505 5129; baseline -0.008 -2"><span class='ocrx_word' id='word_1_702' title='bbox 1839 5071 2000 5128; x_wconf 88' lang='lat' dir='ltr'>urbis</span> <span class='ocrx_word' id='word_1_703' title='bbox 2032 5070 2354 5126; x_wconf 89' lang='lat' dir='ltr'>antistitem</span> <span class='ocrx_word' id='word_1_704' title='bbox 2387 5082 2621 5123; x_wconf 89' lang='lat' dir='ltr'>summa</span> <span class='ocrx_word' id='word_1_705' title='bbox 2650 5081 2749 5119; x_wconf 91' lang='lat' dir='ltr'>eos</span> <span class='ocrx_word' id='word_1_706' title='bbox 2803 5062 3098 5119; x_wconf 88' lang='lat' dir='ltr'>celeritate</span> <span class='ocrx_word' id='word_1_707' title='bbox 3130 5062 3368 5129; x_wconf 87' lang='lat' dir='ltr'>dirextt,</span> <span class='ocrx_word' id='word_1_708' title='bbox 3402 5061 3505 5115; x_wconf 89' lang='lat' dir='ltr'>oh-</span> 
     </span>
    </p>
   </div>
   <div class='ocr_carea' id='block_1_113' title="bbox 1838 5149 3498 5231">
    <p class='ocr_par' dir='ltr' id='par_1_113' title="bbox 1838 5149 3498 5231">
     <span class='ocr_line' id='line_1_113' title="bbox 1838 5149 3498 5231; baseline -0.007 -16"><span class='ocrx_word' id='word_1_709' title='bbox 1838 5160 2032 5216; x_wconf 86' lang='lat' dir='ltr'>nixius</span> <span class='ocrx_word' id='word_1_710' title='bbox 2063 5158 2424 5231; x_wconf 88' lang='lat' dir='ltr'>supplicans,</span> <span class='ocrx_word' id='word_1_711' title='bbox 2458 5159 2525 5209; x_wconf 90' lang='lat' dir='ltr'>ut</span> <span class='ocrx_word' id='word_1_712' title='bbox 2553 5151 2874 5209; x_wconf 89' lang='lat' dir='ltr'>oratorium</span> <span class='ocrx_word' id='word_1_713' title='bbox 2928 5151 3084 5223; x_wconf 92' lang='lat' dir='ltr'>quod</span> <span class='ocrx_word' id='word_1_714' title='bbox 3134 5150 3259 5222; x_wconf 91' lang='lat' dir='ltr'>ipse</span> <span class='ocrx_word' id='word_1_715' title='bbox 3288 5149 3498 5204; x_wconf 91' lang='lat' dir='ltr'>honori</span> 
     </span>
    </p>
   </div>
   <div class='ocr_carea' id='block_1_114' title="bbox 1840 5237 3500 5322">
    <p class='ocr_par' dir='ltr' id='par_1_114' title="bbox 1840 5237 3500 5322">
     <span class='ocr_line' id='line_1_114' title="bbox 1840 5237 3500 5322; baseline -0.007 -18"><span class='ocrx_word' id='word_1_716' title='bbox 1840 5248 2239 5322; x_wconf 81' lang='lat' dir='ltr'>apostolorum</span> <span class='ocrx_word' id='word_1_717' title='bbox 2275 5242 2630 5317; x_wconf 88' lang='lat' dir='ltr'>principisin</span> <span class='ocrx_word' id='word_1_718' title='bbox 2664 5240 2936 5312; x_wconf 89' lang='lat' dir='ltr'>superius</span> <span class='ocrx_word' id='word_1_719' title='bbox 2959 5238 3253 5311; x_wconf 89' lang='lat' dir='ltr'>descripta</span> <span class='ocrx_word' id='word_1_720' title='bbox 3283 5237 3500 5309; x_wconf 89' lang='lat' dir='ltr'>palude</span> 
     </span>
    </p>
   </div>
   <div class='ocr_carea' id='block_1_115' title="bbox 1839 5326 3495 5403">
    <p class='ocr_par' dir='ltr' id='par_1_115' title="bbox 1839 5326 3495 5403">
     <span class='ocr_line' id='line_1_115' title="bbox 1839 5326 3495 5403; baseline -0.009 -8"><span class='ocrx_word' id='word_1_721' title='bbox 1839 5340 2263 5403; x_wconf 85' lang='lat' dir='ltr'>construxerat,</span> <span class='ocrx_word' id='word_1_722' title='bbox 2288 5334 2381 5389; x_wconf 88' lang='lat' dir='ltr'>die</span> <span class='ocrx_word' id='word_1_723' title='bbox 2413 5336 2577 5388; x_wconf 91' lang='lat' dir='ltr'>ortus</span> <span class='ocrx_word' id='word_1_724' title='bbox 2618 5329 2906 5386; x_wconf 89' lang='lat' dir='ltr'>Dominici</span> <span class='ocrx_word' id='word_1_725' title='bbox 2941 5330 3327 5383; x_wconf 88' lang='lat' dir='ltr'>consecraret.</span> <span class='ocrx_word' id='word_1_726' title='bbox 3362 5326 3495 5381; x_wconf 92' lang='lat' dir='ltr'>Cre-</span> 
     </span>
    </p>
   </div>
   <div class='ocr_carea' id='block_1_116' title="bbox 1838 5417 3496 5497">
    <p class='ocr_par' dir='ltr' id='par_1_116' title="bbox 1838 5417 3496 5497">
     <span class='ocr_line' id='line_1_116' title="bbox 1838 5417 3496 5497; baseline -0.008 -14"><span class='ocrx_word' id='word_1_727' title='bbox 1838 5431 1999 5483; x_wconf 86' lang='lat' dir='ltr'>verat</span> <span class='ocrx_word' id='word_1_728' title='bbox 2021 5425 2310 5497; x_wconf 90' lang='lat' dir='ltr'>siqnidem</span> <span class='ocrx_word' id='word_1_729' title='bbox 2332 5420 2654 5494; x_wconf 88' lang='lat' dir='ltr'>opitulante</span> <span class='ocrx_word' id='word_1_730' title='bbox 2676 5419 2791 5475; x_wconf 92' lang='lat' dir='ltr'>Deo</span> <span class='ocrx_word' id='word_1_731' title='bbox 2814 5417 3239 5473; x_wconf 87' lang='lat' dir='ltr'>monachorum</span> <span class='ocrx_word' id='word_1_732' title='bbox 3255 5429 3496 5485; x_wconf 87' lang='lat' dir='ltr'>congre-</span> 
     </span>
    </p>
   </div>
   <div class='ocr_carea' id='block_1_117' title="bbox 1839 5504 3496 5589">
    <p class='ocr_par' dir='ltr' id='par_1_117' title="bbox 1839 5504 3496 5589">
     <span class='ocr_line' id='line_1_117' title="bbox 1839 5504 3496 5589; baseline -0.009 -17"><span class='ocrx_word' id='word_1_733' title='bbox 1839 5516 2089 5589; x_wconf 88' lang='lat' dir='ltr'>gatio,et</span> <span class='ocrx_word' id='word_1_734' title='bbox 2118 5514 2400 5584; x_wconf 88' lang='lat' dir='ltr'>majorem</span> <span class='ocrx_word' id='word_1_735' title='bbox 2432 5526 2611 5582; x_wconf 90' lang='lat' dir='ltr'>quam</span> <span class='ocrx_word' id='word_1_736' title='bbox 2643 5509 2834 5581; x_wconf 90' lang='lat' dir='ltr'>prima</span> <span class='ocrx_word' id='word_1_737' title='bbox 2859 5507 3050 5563; x_wconf 86' lang='lat' dir='ltr'>fuerat</span> <span class='ocrx_word' id='word_1_738' title='bbox 3078 5504 3322 5561; x_wconf 89' lang='lat' dir='ltr'>alteram</span> <span class='ocrx_word' id='word_1_739' title='bbox 3358 5518 3496 5557; x_wconf 80' lang='lat' dir='ltr'>con-</span> 
     </span>
    </p>
   </div>
   <div class='ocr_carea' id='block_1_118' title="bbox 1839 5591 3494 5670">
    <p class='ocr_par' dir='ltr' id='par_1_118' title="bbox 1839 5591 3494 5670">
     <span class='ocr_line' id='line_1_118' title="bbox 1839 5591 3494 5670; baseline -0.011 -9"><span class='ocrx_word' id='word_1_740' title='bbox 1839 5605 2053 5661; x_wconf 86' lang='lat' dir='ltr'>struxit</span> <span class='ocrx_word' id='word_1_741' title='bbox 2081 5601 2407 5658; x_wconf 87' lang='lat' dir='ltr'>ecclesiam.</span> <span class='ocrx_word' id='word_1_742' title='bbox 2443 5601 2567 5665; x_wconf 88' lang='lat' dir='ltr'>Qua</span> <span class='ocrx_word' id='word_1_743' title='bbox 2597 5596 2855 5670; x_wconf 87' lang='lat' dir='ltr'>pontifex</span> <span class='ocrx_word' id='word_1_744' title='bbox 2898 5591 3321 5668; x_wconf 88' lang='lat' dir='ltr'>supplicatione</span> <span class='ocrx_word' id='word_1_745' title='bbox 3363 5605 3494 5661; x_wconf 86' lang='lat' dir='ltr'>per-</span> 
     </span>
    </p>
   </div>
   <div class='ocr_carea' id='block_1_119' title="bbox 1839 5676 3490 5768">
    <p class='ocr_par' dir='ltr' id='par_1_119' title="bbox 1839 5676 3490 5768">
     <span class='ocr_line' id='line_1_119' title="bbox 1839 5676 3490 5768; baseline -0.01 -17"><span class='ocrx_word' id='word_1_746' title='bbox 1839 5696 2024 5766; x_wconf 85' lang='lat' dir='ltr'>cepta,</span> <span class='ocrx_word' id='word_1_747' title='bbox 2059 5697 2238 5768; x_wconf 86' lang='lat' dir='ltr'>atque</span> <span class='ocrx_word' id='word_1_748' title='bbox 2259 5687 2414 5764; x_wconf 89' lang='lat' dir='ltr'>apud</span> <span class='ocrx_word' id='word_1_749' title='bbox 2437 5702 2499 5744; x_wconf 87' lang='lat' dir='ltr'>se</span> <span class='ocrx_word' id='word_1_750' title='bbox 2521 5684 2945 5746; x_wconf 83' lang='lat' dir='ltr'>rationabiliter</span> <span class='ocrx_word' id='word_1_751' title='bbox 2958 5695 3209 5757; x_wconf 79' lang='lat' dir='ltr'>expenso</span> <span class='ocrx_word' id='word_1_752' title='bbox 3232 5676 3490 5751; x_wconf 79' lang='lat' dir='ltr'>negotio,</span> 
     </span>
    </p>
   </div>
  </div>
