3912 6362
343 386 457 448 611

1454 385 1785 450 ADSONIS
1830 380 2265 450 DERVENSIS
2309 383 2644 447 ABBATIS

3639 383 3753 442 612

343 519 615 593 prudenti
665 518 1062 574 moderatione
1100 520 1395 575 excusavit
1443 520 1685 588 factum,
1726 536 1994 575 asserens
2022 520 2077 586 Α
2107 518 2264 574 Illico
2297 518 2562 574 omnium
2589 522 2822 589 pectora
2844 534 3025 573 novus
3046 516 3289 590 quidam
3310 520 3368 572 et
3390 531 3537 589 pene
3557 513 3733 570 intole

344 608 491 665 illud
523 608 617 664 die
646 624 762 680 qua
809 608 1119 680 petebatur
1164 609 1407 664 minime
1457 626 1628 681 posse
1670 607 1990 680 compleri;

342 698 502 772 quod
552 713 688 753 eum
743 713 879 752 cum
931 695 1088 753 clero
1137 714 1244 754 suo
1292 697 1623 754 festivitatis
1652 696 1994 753 officiositas

341 785 704 844 cumulatius
733 790 1063 857 occuparet,
1095 790 1153 841 et
1196 788 1557 842 consuetudo
1600 784 1995 841 ecclesiastica

340 892 408 932 co
440 874 533 931 die
562 874 620 929 id
652 873 776 929 fleri
804 874 965 930 nullo
987 876 1160 930 modo
1193 875 1567 931 consentiret.
1587 873 1869 945 Discipuli
1890 874 1996 929 fes-

342 963 631 1019 tinantius
649 968 975 1019 remeantes
997 967 1198 1018 sancto
1222 963 1374 1019 Patri
1397 980 1678 1035 responsa
1698 961 1994 1035 pontificis

340 1050 699 1117 detulerunt;
719 1050 873 1121 quod
903 1049 999 1105 ille
1020 1054 1382 1121 pertractans
1404 1049 1741 1122 diligentius
1758 1047 1996 1104 etratio-

341 1139 534 1195 nabile
563 1156 691 1194 esse
722 1139 1109 1211 perpendens,
1133 1139 1370 1194 elevatis
1403 1139 1679 1193 manibus
1699 1138 1755 1191 in
1779 1136 1991 1191 coelum

338 1231 395 1281 et
419 1226 690 1298 lacrymis
721 1244 822 1279 ora
852 1227 1159 1295 perfusus:
1188 1226 1407 1292 Pareat,
1446 1225 1656 1296 inquit,
1688 1224 1830 1279 mihi
1881 1224 1991 1277 Do-

339 1314 539 1370 minus
566 1331 783 1385 vosque
816 1313 917 1368 filii
950 1312 1268 1385 indulgete,
1303 1314 1457 1383 quod
1504 1312 1701 1367 minus
1748 1312 1995 1366 circum-

338 1408 535 1474 specte
569 1402 867 1474 negotium
892 1403 1178 1473 cogitans,
1204 1402 1625 1456 fraternitatem
1657 1406 1909 1456 vestram
1932 1400 1990 1454 in

334 1492 529 1548 eundo
573 1496 631 1547 et
676 1492 970 1547 redeundo
1021 1508 1187 1546 casso
1234 1491 1432 1547 labore
1471 1489 1875 1562 compulerim.
1911 1490 1991 1544 Ne

335 1584 533 1636 tamen
565 1584 770 1636 sancta
820 1596 987 1635 mens
1038 1578 1162 1634 suis
1213 1594 1635 1651 usquequaque
1686 1576 1992 1633 desideriis

333 1667 941 1737 frustraretur,divina
962 1672 1052 1722 est
1075 1667 1289 1739 pietate
1314 1667 1672 1722 consultum.
1689 1666 1991 1738 Siquidem

333 1756 692 1813 sacriobitus
711 1756 989 1812 dilatione
1010 1755 1369 1828 percepta,in
1386 1758 1653 1811 octavum
1674 1754 1991 1811 Dominicaa

333 1844 655 1902 nativitatis
676 1844 830 1901 diem
862 1843 1121 1917 spatium
1159 1843 1291 1899 vita:
1321 1844 1615 1915 produxit,
1632 1843 1713 1900 ita
1744 1843 1991 1900 Domino

330 1938 464 1990 vota
493 1933 623 2005 ejus
653 1932 1029 1990 sanctissima
1059 1937 1467 2005 prosequente,
1504 1937 1568 1989 ut
1599 1950 1717 1988 una
1755 1934 1987 1989 eadem-

332 2038 447 2093 que
476 2021 570 2078 die
599 2039 702 2094 per
728 2039 942 2078 manus
964 2022 1093 2092 jam
1121 2020 1260 2075 dicti
1292 2021 1610 2092 pontificis,
1644 2026 1700 2077 et
1748 2022 1990 2078 basilica

330 2111 852 2178 consecrationem,
886 2115 943 2166 et
972 2108 1141 2181 gleba
1172 2109 1320 2165 sacri
1352 2111 1479 2181 ejus
1536 2110 1793 2182 corporis
1838 2111 1986 2165 acci-

334 2202 498 2270 peret
527 2197 914 2270 sepulturam.

334 2289 520 2344 Lector
559 2303 756 2359 coram,
788 2302 849 2359 eo
900 2287 1259 2357 Evangelium
1313 2288 1512 2359 legens,
1564 2290 1754 2359 capitis
1806 2287 1990 2345 dolore

744 2358 1027 2414 liberatur.
1059 2360 1289 2413 Sanctus
1316 2361 1569 2414 moritur.

402 2450 493 2502 22.
524 2446 725 2519 Itaque
756 2463 891 2503 cum
912 2447 1085 2519 juxta
1134 2463 1357 2502 morem
1404 2446 1746 2503 Christianae
1795 2448 1988 2502 obser-

328 2536 536 2592 vantia:
571 2534 847 2592 Kalendis
868 2535 1166 2593 Januariis
1188 2535 1504 2591 Dominicm
1522 2535 1989 2592 circumcisionis

327 2624 636 2682 celebritas
668 2624 1018 2692 immineret,
1037 2624 1108 2680 ad
1140 2624 1369 2680 felicem
1400 2624 1715 2681 transitum
1743 2630 1987 2698 urgente

327 2713 673 2786 (egritudine
694 2717 898 2769 sancta
917 2713 1116 2769 anima
1135 2712 1442 2769 citabatnr.
1461 2714 1574 2769 Nec
1613 2714 1696 2769 sic
1727 2718 1922 2770 tamen
1953 2732 1988 2770 a

327 2800 549 2859 sanctis
562 2802 803 2859 monitis
822 2802 1036 2875 lingua:
1060 2802 1319 2858 officium
1350 2802 1990 2875 continebat,assisten-

327 2896 417 2947 tes
454 2890 565 2947 sibi
606 2890 930 2964 discipulos
962 2891 1292 2946 indefessus
1324 2891 1659 2958 exhortans,
1695 2896 1987 2963 quatenus

328 2978 483 3036 inter
510 2997 572 3035 se
604 2979 915 3035 insolubile
946 2978 1251 3035 charitatis
1271 2979 1574 3034 vinculum
1600 2979 1982 3047 custodirent,

327 3072 500 3139 atque
529 3067 587 3121 in
620 3066 971 3121 exhibitione
1001 3066 1276 3122 salutaris
1294 3066 1634 3122 obedientize
1668 3066 1984 3137 persisten-

325 3160 434 3222 tes,
466 3155 737 3209 timorem
771 3154 871 3208 Dei
904 3170 1136 3225 semper
1164 3152 1275 3208 sibi
1327 3160 1459 3207 ante
1507 3153 1707 3208 oculos
1754 3170 1984 3209 revoca-

330 3246 479 3299 rent.
512 3242 760 3313 Jamque
809 3241 929 3296 sole
980 3241 1051 3296 ad
1103 3240 1331 3295 telluris
1381 3239 1587 3295 infima
1637 3240 1987 3314 declinante,
2017 3248 2060 3314 ί]

333 3332 642 3403 praefatum
674 3329 1006 3402 Lupellum,
1027 3328 1127 3401 qui
1149 3329 1201 3384 ei
1226 3328 1579 3384 familiarius
1600 3329 1844 3402 obsequi
1863 3348 1995 3388 con-

332 3419 616 3488 sueverai,
649 3418 941 3475 maturius
975 3417 1248 3490 prtecepit
1281 3418 1624 3473 evocari.Eo
1656 3435 1852 3474 coram
1884 3421 1992 3476 ad-

335 3510 530 3578 ducto,
554 3512 619 3564 ut
648 3524 882 3564 sacrum
913 3506 1296 3580 Evangelium
1328 3511 1463 3562 ante
1494 3524 1557 3562 sc
1579 3506 1796 3580 legeret
1815 3508 1995 3583 impe-

337 3598 503 3656 ravit.
534 3597 636 3655 llle
668 3603 863 3653 autem
895 3596 1093 3653 dolore
1123 3595 1331 3669 capitis
1360 3596 1554 3653 acrius
1586 3598 1989 3669 torquebatur.

336 3688 623 3760 Cumque,
656 3691 713 3743 et
744 3686 870 3758 ipse
907 3686 1287 3758 postmodum
1321 3684 1539 3755 retulit,
1572 3686 1643 3742 ad
1666 3688 1992 3759 parendum

338 3776 563 3834 sanctis
593 3774 857 3848 imperiis
878 3774 1153 3847 quamvis
1180 3791 1329 3847 aegre
1358 3774 1623 3830 animum
1649 3775 1992 3847 appulisset,

339 3868 400 3924 in
432 3866 560 3938 ipso
590 3881 724 3920 mox
744 3862 975 3936 legendi
997 3862 1230 3920 exordio
1248 3864 1329 3919 ita
1356 3863 1664 3920 universus
1683 3863 1848 3920 dolor
1866 3864 1992 3922 abs-

340 3954 618 4023 cessit,ut
647 3952 727 4009 nil
753 3951 1253 4023 doloris,pristinae
1278 3952 1358 4007 nil
1381 3951 1660 4009 molestia:
1693 3954 1990 4011 resideret.

340 4043 569 4099 Interea
598 4057 701 4113 per
732 4038 915 4096 totius
946 4040 1137 4096 noctis
1166 4056 1478 4096 excursum
1509 4041 1624 4096 Deo
1655 4058 1886 4115 semper
1912 4042 1997 4098 in-

338 4133 559 4199 tentus,
592 4145 727 4185 cum
755 4127 908 4184 inter
939 4127 1271 4200 spiritualia
1302 4128 1593 4200 colloquia
1632 4128 1773 4185 hora
1803 4148 1997 4187 succe-

340 4218 522 4288 deret,
554 4216 784 4290 expleta
834 4214 1173 4273 solemniter
1220 4234 1254 4273 a
1302 4216 1581 4273 fratribus
1630 4218 1689 4274 in
1748 4219 1997 4277 ecclesia

341 4305 680 4378 psalmodiis
698 4309 755 4361 et
771 4304 1101 4361 orationum
1121 4306 1465 4377 quantitate,
1481 4306 1784 4364 universos
1805 4309 1996 4365 denuo

334 4396 506 4467 jubet
538 4395 744 4451 adesse
774 4392 1133 4467 discipulos;
1168 4394 1427 4467 dumque
1459 4399 1592 4450 ante
1621 4411 1756 4451 eum
1805 4401 1997 4453 textus

341 4484 634 4556 passionis
662 4482 953 4556 legeretur
984 4482 1322 4550 Dominicm,
1358 4483 1467 4538 sub
1499 4482 1684 4539 oculis
1731 4485 1997 4541 omnium

341 4578 545 4629 sancta
574 4572 772 4629 anima
801 4571 993 4629 carnis
1025 4576 1199 4628 exuta
1228 4571 1537 4637 velamine,
1572 4571 1721 4628 felici
1754 4574 1997 4631 decessu

342 4660 599 4717 coelestia
620 4659 942 4733 penetravit
962 4662 1059 4729 (Ἰ).

344 4766 615 4823 Gibitrudi
643 4775 697 4823 et
716 4766 1225 4842 sanctimonialibus
1247 4767 1338 4820 sui
1358 4764 1691 4823 desiderium
1712 4770 1993 4842 relinquit.

839 4838 1085 4892 Procerw
1111 4838 1223 4908 fuit
1248 4844 1487 4892 staturw.

410 4926 500 4980 23.
535 4926 604 4979 Et
633 4923 733 4980 illo
756 4924 993 4996 quidem
1027 4923 1108 4979 ita
1138 4941 1205 4979 ex
1237 4924 1513 4980 humanis
1545 4933 1855 5000 assumpto
1888 4928 2001 4984 col-

342 5012 845 5086 legiis,extemplo
878 5012 1390 5069 reverentissimus
1422 5030 1601 5085 nepos
1634 5017 1764 5086 ejus
1781 5017 2003 5073 Waldi-

343 5119 477 5170 nus,
499 5103 598 5174 qui
633 5102 1009 5174 postmodum
1038 5100 1164 5156 loco
1196 5103 1470 5158 avunculi
1494 5104 1551 5159 in
1586 5106 1791 5161 eodem
1814 5106 2003 5179 ipsius

344 5191 698 5245 monasterio
722 5191 904 5246 abbas
929 5190 1235 5258 successit,
1253 5208 1459 5264 gressu
1487 5191 1714 5249 concito
1736 5195 1794 5249 in
1817 5213 2003 5252 cumo-

343 5278 437 5333 bio
470 5279 529 5335 S.
552 5277 815 5345 Quintini
849 5278 921 5333 ad
946 5278 1390 5335 memorabilem
1424 5280 1792 5338 Gibitrudem
1826 5285 2002 5341 abba-

341 5368 550 5423 tissam
593 5366 958 5439 perveniens,
1002 5367 1188 5423 sancti
1238 5367 1346 5422 viri
1407 5369 1631 5424 obitum
1691 5372 2000 5427 nuntiavit.

414 5528 494 5603 ('_I)
522 5526 741 5603 lﬁempe
765 5526 1049 5603 Kalendis
1078 5526 1402 5603 Januariis,
1436 5527 1690 5603 sicut_i_in
1723 5529 2002 5603 Martyro-

345 5597 499 5671 logio
523 5597 801 5682 _Qellensi,
816 5615 1154 5682 quanquam
1169 5600 1248 5682 ‘in
1280 5598 1411 5655 aliis
1432 5600 1549 5681 fere
1576 5597 2004 5682 Martyrologiis

344 5669 769 5743 recentioribus
789 5669 850 5726 vi
871 5669 1285 5743 Idusejusdem
1308 5670 1673 5743 mensis,quig
1687 5669 1811 5728 dies
1824 5669 2003 5729 trans’

343 5741 580 5806 lationis
602 5741 731 5818 ejus
753 5746 861 5818 est,
888 5740 1233 5804 celebratur.
1249 5740 1394 5802 Cum
1421 5740 1715 5806 Clotliario
1737 5743 2005 5807 Clodovei

2103 605 2306 662 rabilis
2328 606 2492 662 dolor
2511 606 2742 677 irrupit,
2759 623 3010 678 parsque
3026 604 3237 662 salutis
3258 605 3575 677 absumpta
3590 607 3753 677 puta-

2103 695 2279 750 batur
2324 694 2473 751 tanti
2523 694 2712 750 Patris
2762 693 3030 750 absentia
3070 694 3439 749 succedente.
3480 691 3754 749 Universo

2103 781 2301 855 itaque
2338 782 2880 839 sanctimonialium
2904 785 3055 837 coetu
3078 782 3139 837 in
3169 782 3373 837 ﬂetum
3394 785 3450 837 et
3469 780 3755 853 lacrymas

2102 877 2464 945 erumpente,
2479 872 2827 928 venerabilis
2858 871 3162 928 abbatissa
3179 870 3445 927 viscerali
3468 872 3757 925 commota

2103 962 2335 1031 pietate,
2371 965 2536 1032 rapto
2568 978 2744 1016 cursu
2777 960 2849 1015 ad
2883 960 3068 1015 sancti
3099 958 3207 1014 viri
3239 958 3549 1031 exsequias
3580 973 3756 1030 quam

2102 1049 2402 1107 celerrime
2434 1049 2783 1121 properavit.
2817 1048 3081 1120 Cumque
3113 1047 3265 1103 inter
3293 1064 3391 1102 eos
3422 1046 3495 1101 de
3536 1044 3756 1100 funeris

2102 1138 2406 1209 diligentia
2435 1142 2804 1203 tractaretur,
2835 1137 2936 1193 illa
2988 1136 3358 1209 perquirente
3406 1132 3495 1190 an'
3530 1133 3758 1189 loculus

2101 1227 2451 1283 tumulando
2485 1232 2844 1298 prreparatus
2874 1225 3099 1297 corpori
3133 1226 3383 1291 adesset,
3409 1239 3756 1295 responsum

2102 1322 2209 1381 est,
2241 1320 2504 1387 emptum
2537 1315 2775 1385 quidem
2822 1332 2951 1369 esse
3000 1332 3034 1369 a
3081 1314 3337 1385 quodam
3390 1312 3607 1367 illustri
3637 1312 3756 1366 viro

2101 1405 2399 1460 Walberto
2431 1404 2667 1459 nomine
2693 1403 3004 1482 ’lapideum
3056 1406 3529 1468 monumentum,
3552 1416 3757 1455 verum

2102 1492 2434 1567 proccritati
2464 1492 2723 1565 corporis
2749 1493 2878 1563 ejus
2902 1491 3061 1546 nullo
3084 1492 3257 1546 modo
3281 1491 3608 1546 convenire.
3629 1489 3760 1545 Fuit

2100 1583 2257 1638 enim
2277 1581 2354 1638 ibi
2380 1580 2818 1637 sacratissimus
2840 1580 2928 1636 vir
2940 1598 3053 1636 non
3073 1579 3262 1636 solum
3286 1579 3482 1635 animo
3503 1577 3759 1651 splendi-

2101 1672 2234 1739 dus,
2256 1671 2356 1727 sed
2376 1670 2554 1726 etiam
2574 1673 2819 1725 venusto
2840 1673 2897 1724 et
2917 1685 3156 1741 procero
3180 1684 3419 1741 corpore
3431 1666 3757 1739 speciosus,

2100 1764 2167 1815 ut
2195 1759 2278 1815 illi
2311 1774 2546 1831 quoque
2576 1757 2905 1829 perhibent,
2929 1757 3030 1829 qui
3061 1757 3190 1828 ejus
3222 1755 3609 1811 sacratissimi
3632 1771 3756 1811 cor-

2099 1848 2258 1920 poris
2306 1864 2442 1903 ossa
2490 1863 2551 1901 se
2574 1845 2872 1918 aspexisse
2904 1845 3177 1901 fatentur.
3199 1844 3396 1901 Missis
3430 1844 3632 1917 itaque
3662 1860 3758 1900 ra-

2097 1936 2245 2009 ptim
2297 1934 2584 1991 ministris
2628 1935 2700 1989 ad
2734 1933 2791 1989 id
2824 1934 3251 2002 devehendum,
3284 1949 3420 1989 mox
3458 1932 3680 1989 mirum
3698 1931 3759 1988 in

2099 2026 2341 2081 modum
2374 2022 2657 2079 miraculo
2688 2021 2901 2078 claruit
2932 2023 3087 2094 quod
3119 2020 3340 2077 summi
3366 2025 3522 2077 esset
3542 2020 3760 2087 meriti,

2098 2114 2191 2169 cui
2223 2112 2497 2168 funebres
2528 2111 2817 2182 exsequis:
2850 2112 3231 2183 parabantur.
3266 2110 3413 2166 Nam
3445 2109 3761 2166 cumidem

2095 2202 2432 2260 Walbertus
2481 2200 2768 2271 quosdam
2819 2216 2850 2255 e
2896 2200 3235 2256 domesticis
3296 2198 3629 2271 direxisset,
3662 2197 3763 2270 qui

2096 2294 2359 2362 emptum
2391 2287 2821 2361 sarcophagum
2856 2288 2929 2343 iis
2958 2287 3057 2359 qui
3115 2287 3259 2344 illud
3309 2288 3535 2344 deferre
3583 2303 3763 2344 vene-

2098 2383 2232 2434 rant
2264 2378 2657 2449 assignarent,
2692 2394 2947 2448 superna
2996 2376 3377 2448 dispensante
3425 2374 3762 2443 clementia,

2096 2472 2262 2522 tanta
2292 2483 2392 2523 eos
2427 2465 2704 2523 alienatio
2727 2466 2941 2522 mentis
2964 2464 3160 2534 elusit,
3176 2470 3243 2522 ut
3262 2482 3367 2538 pro
3385 2464 3620 2521 vasculo
3642 2465 3766 2520 bre-

2096 2555 2253 2611 viore
2276 2555 2431 2627 quod
2464 2558 2731 2627 emptum
2754 2554 2965 2621 fuerat,
2981 2553 3142 2609 aliud
3175 2554 3493 2627 spatiosius
3513 2558 3572 2609 et
3596 2569 3764 2626 capa-

2097 2643 2245 2713 cius,
2272 2644 2427 2716 quod
2452 2642 2564 2699 sibi
2595 2642 2751 2699 idem
2782 2642 3121 2699 Walbertus
3154 2646 3578 2715 praeparaverat
3607 2640 3761 2698 desi-

2096 2736 2365 2805 gnarent.
2391 2731 2557 2799 Quod
2605 2730 2691 2786 illi
2723 2730 2991 2788 vehiculo
3021 2730 3413 2802 imponentes,
3443 2731 3515 2786 ad
3564 2729 3763 2785 locum

2097 2838 2212 2894 quo
2241 2821 2329 2877 vir
2357 2825 2600 2877 sanctus
2630 2836 2693 2876 se
2724 2819 3144 2875 tumulandum
3190 2820 3543 2888 decreverat,
3578 2834 3764 2891 quam

2097 2910 2382 2965 citissime
2400 2908 2816 2981 perduxerunt.
2833 2907 2919 2962 Ita
2935 2908 3306 2979 omnipotens
3328 2907 3611 2976 Deus,cui
3623 2923 3767 2963 cura

2095 3002 2184 3053 est
2213 2997 2284 3051 de
2315 2995 2610 3063 omnibus,
2647 3010 2751 3049 nec
2783 2994 2928 3065 ipsis
2959 2996 3197 3067 quidem
3243 2995 3541 3051 cineribus
3590 2994 3764 3050 electi

2095 3083 2186 3140 sui
2219 3082 2422 3139 famuli
2442 3081 2746 3153 quidpiam
2768 3082 2969 3137 deesse
2991 3099 3205 3153 passus
3227 3088 3316 3138 est
3338 3088 3764 3155 opportunum.

2308 3172 2580 3242 Sepelitur
2607 3169 2675 3223 ab
2705 3172 2953 3296 epicoth
2978 3178 3099 3241 post
3125 3172 3369 3228 ecclesia:
3398 3188 3558 3229 novae

2720 3257 2784 3295 te
2824 3257 2873 3295 ιε
2934 3258 3131 3296 wnem.

2720 3257 2817 3295 aea
2824 3257 3111 3296 arationem
3118 3282 3131 3295 .

2171 3333 2261 3387 24.
2295 3329 2593 3386 Universis
2615 3329 2794 3403 igitur
2814 3328 2886 3384 ad
2910 3346 3055 3385 usus
3079 3328 3391 3401 sepulturae
3414 3330 3769 3401 pertinenti-

2102 3422 2214 3478 bus
2244 3418 2679 3491 elegantissime
2708 3418 3068 3490 praaparatis,
3092 3417 3469 3489 supradictus
3503 3433 3772 3477 reveren-

2101 3509 2385 3567 dissimus
2407 3507 2683 3581 pontifex,
2700 3506 2982 3563 abbatum
3005 3505 3482 3563 suburbanorum
3505 3505 3769 3581 clerique

2102 3617 2169 3658 ac
2200 3597 2401 3672 populi
2450 3597 2684 3670 agmine
2724 3595 3172 3667 circumseptus,
3207 3595 3280 3650 ad
3323 3594 3387 3650 B.
3423 3595 3767 3653 Frodoberti

2103 3687 2411 3759 exsequias
2442 3688 2734 3759 preperat,
2754 3701 2889 3740 cum
2921 3684 3112 3741 adhuc
3134 3699 3368 3739 sacrum
3400 3683 3528 3754 ejus
3548 3700 3766 3757 corpus

2103 3779 2163 3833 in
2195 3775 2344 3834 cella
2372 3774 2703 3831 Christiano
2735 3790 2896 3830 more
2942 3772 3333 3846 compositum
3374 3772 3623 3843 jaeeret.
3656 3772 3763 3841 Qui

2103 3865 2465 3940 primum,ut
2495 3862 2640 3919 ratio
2670 3862 2993 3935 expetebat,
3010 3862 3082 3917 ad
3105 3860 3353 3934 praefatae
3384 3858 3641 3916 basilica;
3673 3861 3767 3917 de-

2104 3954 2456 4012 dicationem
2488 3951 2817 4024 accingitur
2835 3951 3258 4024 peragendam;
3293 3965 3473 4021 quam
3505 3965 3645 4005 cum
3678 3965 3763 4006 so-

2104 4042 2285 4100 lemni
2317 4040 2509 4099 officio
2540 4039 2905 4112 explevisset,
2925 4055 3160 4096 sacrum
3193 4055 3407 4111 corpus
3437 4053 3574 4094 cum
3606 4054 3763 4094 reve-

2105 4132 2293 4189 rentia
2324 4129 2557 4187 elevans
2589 4128 2648 4183 in
2672 4126 2979 4185 ecclesiam
3011 4126 3229 4195 intulit,
3265 4143 3332 4184 ac
3363 4125 3456 4183 die
3497 4126 3764 4198 ejusdem

2060 4226 2070 4234 '
2106 4217 2512 4286 dedicationis,
2545 4216 2816 4273 Kalendis
2847 4215 3069 4272 scilicet
3088 4214 3409 4284 Januariis,
3433 4230 3569 4270 cum
3601 4213 3766 4287 hym-

2029 4616 2075 4681 D

2107 4310 2200 4366 nis
2231 4312 2288 4364 et
2317 4306 2593 4362 laudibus
2615 4308 2672 4360 et
2693 4303 2962 4361 universo
2985 4302 3366 4360 ecclesiastici
3389 4301 3569 4359 officii
3592 4317 3762 4374 appa-

2108 4402 2239 4453 ratu
2271 4396 2523 4468 pretiose
2553 4393 2615 4449 in
2644 4393 2848 4448 eadem
2889 4391 3154 4459 basilica,
3188 4408 3367 4464 quam
3416 4390 3541 4463 ipse
3592 4407 3761 4448 cons-

2107 4488 2390 4553 truxerat,
2426 4482 2668 4539 tradidit
2698 4480 3033 4553 sepulturae.
3072 4480 3157 4536 Ita
3185 4480 3274 4535 vir
3321 4478 3554 4536 Domini
3595 4482 3760 4534 terra:

2105 4573 2428 4630 visceribus
2473 4568 2905 4627 ofﬁciosissime
2955 4568 3420 4636 commendatus,
3452 4564 3759 4638 septimam

2106 4660 2347 4720 Sabbati
2380 4676 2515 4731 cum
2565 4658 2793 4715 Christo
2844 4656 2904 4710 in
2950 4656 3148 4711 anima
3194 4655 3468 4723 celebrat,
3502 4656 3760 4711 octavam

2106 4768 2240 4809 vero
2271 4753 2482 4805 nostra:
2514 4747 2780 4804 omnium
2830 4744 3241 4801 resurrectioni
3292 4741 3643 4815 generaliter
3683 4756 3761 4796 re-

2108 4837 2460 4912 promissum
2484 4834 2812 4901 interritus,
2844 4833 2963 4889 imo
2986 4834 3057 4889 de
3085 4832 3271 4906 gloria
3299 4846 3543 4888 securus
3564 4843 3758 4900 exspe-

2105 4932 2212 4999 tat,
2244 4926 2350 4982 etsi
2385 4940 2623 4997 corpore
2655 4926 2944 4990 mortuus,
2980 4921 3205 4979 meritis
3238 4924 3434 4976 tamen
3465 4917 3759 4975 vivacibus

2112 5018 2169 5072 in
2198 5018 2544 5089 perpetuum
2577 5011 2892 5084 gloriosus.

2689 5100 2969 5155 Miraculis
2996 5098 3184 5170 fulget.

2179 5194 2267 5251 25.
2296 5190 2597 5264 Requicvit
2616 5190 2813 5261 itaque
2835 5189 2894 5243 in
2927 5188 3131 5244 eadem
3164 5184 3409 5242 basilica
3441 5201 3545 5257 per
3570 5197 3762 5256 quam-

2111 5282 2279 5355 plura
2301 5296 2589 5338 annorum
2610 5277 2931 5345 volumina,
2949 5274 3135 5331 multo
3160 5272 3582 5332 conﬂuentium
3605 5269 3761 5328 undi-

2112 5388 2223 5443 que
2236 5368 2585 5442 populorum
2601 5366 2834 5440 agmine
2847 5365 3337 5435 frequentatus,et
3350 5378 3496 5434 pene
3514 5356 3755 5417 assiduis

2105 5528 2362 5605 junioris
2394 5525 2522 5605 fili_o_
2536 5525 2702 5605 haud
2733 5523 2835 5579 diu
2865 5520 3249 5605 supervixerit
3276 5536 3345 5575 ex
3375 5534 3539 5601 num.
3575 5518 3757 5605 11451:

2113 5587 2218 5682 pra
2255 5601 2384 5682 ejus
2409 5598 2655 5682 “obitum
2705 5611 2859 5650 anno
2905 5587 3062 5682 circa
3089 5594 3196 5649 673
3232 5590 3591 5665 reponimus.
3623 5587 3753 5665 Ejuﬂ

2114 5669 2373 5745 reliquias
2405 5670 2625 5727 ibidem
2657 5669 3050 5726 asservantur.
