3912 6362
319 378 435 439 619

1425 372 1757 435 ADSONIS
1803 370 2236 433 DERVENSIS
2278 371 2611 433 ABBATIS

3618 369 3737 432 620

320 508 611 573 existeret,
673 514 730 561 et
785 524 892 560 sua
950 506 1118 560 illum
1186 505 1544 560 habitatione
1603 504 1963 576 proveheret,
1997 507 2049 573 Α
2082 503 2384 559 miraculis
2432 503 2909 559 indeﬁcientibus
2940 508 3306 575 perornaret;
3342 503 3555 558 horum
3604 520 3734 559 om-

319 596 601 667 cxemplis
633 592 994 649 beatissimis
1026 592 1367 658 illustraret,
1402 592 1565 647 obitu
1598 591 1972 647 sanctissimo

317 686 707 749 consecraret,
743 682 961 753 quique
993 682 1190 736 vivens
1223 681 1528 753 signorum
1559 681 1695 736 doto
1729 680 1971 736 refulse-

317 775 429 839 rat,
455 776 724 826 mortuus
756 769 873 825 imo
907 768 1150 824 feliciter
1180 767 1552 833 immortalis,
1579 768 1771 823 locum
1796 785 1972 825 suum

317 862 374 917 et
402 857 714 931 praesentia
743 858 1082 923 lzetiﬁcaret,
1104 864 1159 912 et
1194 858 1514 929 patrocinio
1547 863 1891 929 protegeret,
1918 862 1973 912 et

1172 1038 2484 1047 mvw~~.—_——.—____
2503 1040 2627 1047 _____
2828 1040 2835 1047 ,

2083 594 2248 647 nium
2282 594 2866 665 auctore,auspice,et
2886 598 3231 666 cooperante
3252 592 3571 648 immortali
3596 593 3733 661 Deo,

2082 680 2185 753 qui
2236 697 2443 753 perpes
2486 680 2692 753 gloria,
2741 681 2975 736 infinita
3036 680 3299 750 victoria,
3351 682 3637 753 majestas
3681 687 3739 737 et

2083 768 2340 841 dignitas
2372 770 2754 842 sempiterna,
2788 787 2856 826 ex
2888 776 3027 827 tunc
3060 776 3115 827 et
3144 787 3302 827 nunc
3333 776 3390 826 et
3436 770 3494 825 in
3539 770 3742 826 omnia

2084 858 2300 914 saecula
2333 859 2704 915 saeculorum.
2737 862 2942 915 Amen.

1268 1192 1647 1325 VITA
1750 1191 1865 1323 S.
1968 1191 2303 1321 MAN
2320 1190 2799 1324 SUETI

974 1451 1277 1543 PRIMI
1336 1451 2000 1543 LEUCORUM
2056 1452 2403 1541 URBIS
2462 1451 3097 1541 PON'I‘IFICIS

1549 1613 1989 1713 Auctore
2063 1607 2531 1711 Λίίιςοηο.

1722 1976 2359 2067 PROLOGUS
2714 2026 2756 2077 ο

1097 2180 1285 2251 (Αριιά
1319 2181 1585 2247 Martem,
1622 2182 1956 2239 'l‘hesaurus
1986 2185 2288 2251 Anecdot.,
2324 2190 2464 2241 tom.
2502 2184 2596 2252 Ill,
2629 2202 2762 2257 pag.
2800 2186 2979 2257 1013.)

1838 2344 2234 2354 -α--συ--ρ

407 2498 653 2554 Domino
684 2506 887 2555 sancto
920 2517 985 2555 ac
1016 2516 1147 2557 vero
1180 2502 1520 2560 beatissimo
1541 2505 1739 2560 antisti
1770 2508 1990 2562 Gama-

335 2602 408 2644 no
458 2591 613 2642 Aoso
662 2588 942 2661 indignus
993 2607 1292 2647 servorum
1324 2593 1424 2649 Dei
1457 2611 1676 2663 servus,
1707 2595 1988 2651 abbatum

334 2675 601 2744 ultimus,
635 2684 1009 2750 peccatorum
1039 2680 1289 2753 primus,
1314 2687 1535 2738 cateruae
1570 2684 1987 2756 redemptionis

340 2781 579 2820 munus.

406 2854 580 2909 Sacro
612 2858 703 2911 est
732 2856 1049 2913 subnixum
1081 2857 1479 2932 eloquio,quia
1508 2863 1662 2917 sicut
1684 2861 1990 2934 prmfulgct

334 2942 397 2997 in
431 2945 649 2998 sanctis
680 2944 934 3017 prazlatis
968 2946 1295 3019 imperandi
1327 2955 1607 3022 potestas,
1643 2951 1726 3005 ita
1754 2966 1987 3021 quoque

334 3032 707 3102 resplendere
745 3034 917 3089 debet
964 3035 1024 3089 in
1071 3035 1239 3090 bonis
1301 3038 1582 3107 subjectis
1632 3036 1985 3108 exsequendi

335 3119 541 3175 devota
568 3119 867 3188 voluntas;
900 3139 1037 3176 nam
1070 3128 1133 3176 ut
1158 3123 1288 3177 illos
1319 3142 1387 3178 ex
1409 3126 1591 3195 justis
1633 3125 1893 3196 imperiis
1927 3126 1984 3180 in

335 3213 649 3278 conspectu
679 3208 887 3264 divina:
919 3212 1245 3282 majestatis
1267 3218 1496 3284 oportet
1524 3213 1745 3270 absolvi
1782 3231 1795 3269 :
1830 3215 1910 3270 ita
1930 3220 1989 3270 et

336 3294 485 3351 istos
516 3302 799 3369 sequente
848 3298 1191 3354 obedientia:
1249 3302 1443 3357 fructu
1491 3308 1709 3359 aeterna
1753 3303 1987 3374 expedit

337 3385 809 3443 remuneratione
858 3386 1091 3444 salvari.
1125 3389 1315 3462 Hujus
1364 3392 1666 3447 sententiae
1715 3409 1819 3465 ego
1849 3394 1985 3465 jnon

337 3489 565 3545 expers,
596 3476 1077 3547 vestrajussione
1116 3484 1422 3551 promotus
1467 3497 1616 3553 opus
1664 3482 1986 3554 assumpsi,

337 3561 577 3635 legenti,
606 3566 671 3619 ut
699 3564 1015 3633 credo,non
1049 3568 1406 3624 omnimodis
1434 3568 1987 3643 ingratum,auctori

335 3667 470 3708 vero
500 3652 855 3710 omnimodis
886 3656 1344 3712 formidandum:
1381 3658 1520 3731 quia
1550 3659 1703 3714 sicut
1724 3660 1987 3716 decursis

338 3741 547 3814 spatiis
569 3746 901 3815 temporum
925 3745 1176 3802 obscura
1195 3752 1281 3801 est
1304 3746 1514 3803 notitia
1536 3747 1983 3820 prmteritorum:

338 3828 420 3884 ita
451 3846 685 3902 quoque
711 3837 801 3889 est
830 3832 1015 3889 libera
1047 3836 1333 3892 certitudo
1364 3838 1739 3909 praesentium
1764 3853 1981 3893 rerum.
2017 3843 2060 3910 ο

339 3920 499 3984 Quod
532 3935 668 3992 ergo
689 3922 958 3993 jussistis
976 3923 1281 3979 humiliter
1299 3927 1716 3999 suscepi,quod
1744 3945 1987 4001 pramo-

337 4006 552 4063 nuistis
586 4010 852 4079 quamvis
870 4010 1065 4083 inepte
1081 4012 1552 4085 explevi.Sumite
1575 4016 1989 4089 ergolibcllum

336 4098 525 4151 vestro
549 4097 727 4165 jussu
759 4099 1172 4171 compositum,
1209 4118 1336 4158 meo
1392 4102 1588 4159 labore
1638 4106 1985 4161 confertum.

340 4185 522 4249 Quem
550 4184 787 4256 quidem
819 4186 879 4242 in
911 4182 1101 4259 specie
1149 4190 1430 4246 columba:
1464 4210 1641 4266 super
1668 4194 1985 4251 Dominum

339 4274 747 4330 descendentis
780 4293 843 4330 ac
876 4277 1325 4343 colentis,ctiam
1344 4281 1667 4337 beatissimi
1696 4284 1986 4341 Mansueti

340 4363 565 4418 meritis
600 4381 774 4435 quem
805 4365 1017 4433 colitis,
1050 4384 1223 4438 quem
1276 4368 1541 4443 diligitis,
1579 4372 1985 4429 columbinum

336 4454 664 4508 vocandum
711 4454 1009 4525 instituto,
1057 4463 1119 4512 ut
1169 4457 1542 4515 columbinus
1588 4469 1841 4527 vocetur,
1885 4464 1988 4535 qui

339 4541 483 4597 tanti
516 4544 699 4614 patris
731 4545 911 4616 gestis
946 4546 1283 4619 insignitur.

527 4810 769 4850 METRUM
810 4812 1049 4851 ADSONIS
1091 4814 1148 4851 IN
1192 4813 1374 4853 [μλοοε
1413 4816 1461 4853 S.
1507 4817 1797 4856 MASSUETI

617 4898 928 4937 PONTIFICIS
968 4901 1231 4941 UBILIBE’I‘
1269 4903 1702 4944 CONCINENUUM.

340 4968 562 5040 Inclyta
593 4970 881 5027 Mansueti
911 4972 1052 5027 clari
1088 4974 1380 5030 natalibus
1412 4977 1522 5031 orti

411 5058 719 5128 Progenies
749 5058 933 5114 titulis
966 5062 1128 5116 fulsit
1159 5062 1217 5116 in
1251 5066 1388 5119 orbe
1421 5067 1561 5121 suis.

339 5144 539 5201 Insula
569 5146 944 5202 Christicolas
976 5151 1239 5221 gestabat
1270 5152 1545 5207 Hibernia
1576 5162 1802 5225 gentes,

412 5232 575 5288 Unde
605 5248 790 5306 genus
821 5236 1014 5304 traxit,
1049 5242 1105 5292 et
1130 5242 1295 5294 satus
1325 5239 1461 5296 inde
1494 5242 1622 5297 fuit.

341 5316 558 5377 Indolis
588 5323 853 5395 egregiae,
879 5324 978 5395 qui
1011 5342 1144 5381 mox
1169 5328 1485 5384 comitatus
1516 5329 1737 5387 honore

411 5409 711 5467 Virtutum
744 5410 989 5483 placidis
1015 5414 1256 5471 emicuit
1286 5417 1518 5475 studiis.

344 5498 610 5570 Cumque
640 5499 802 5556 subit
833 5504 1061 5558 teneros
1092 5504 1341 5561 maturis
1366 5506 1640 5563 sensibus
1671 5522 1875 5579 annos,

418 5586 668 5643 Justitim
699 5588 1003 5661 speculum
1038 5592 1253 5663 sparsit
1285 5593 1500 5665 ubique
1530 5595 1718 5652 virum
1754 5616 1767 5653 :

343 5674 529 5759 Ardor
559 5675 713 5737 inest
739 5679 952 5738 animis
982 5679 1145 5739 exsul
1174 5681 1469 5741 natalibus
1501 5685 1673 5757 arvis,

2018 2473 2066 2539 B
2167 2471 2239 2527 Ut
2272 2472 2423 2527 situs
2452 2472 2741 2529 Ausonias
2773 2473 3037 2528 tenderet
3070 2473 3152 2528 ire
3182 2471 3327 2529 vias.

2100 2560 2304 2616 Petrus
2335 2560 2664 2633 apostolica:
2695 2561 2951 2634 pollebat
2979 2561 3237 2619 culmine
3261 2562 3479 2628 Romm,

2170 2650 2452 2722 Huncque
2481 2655 2768 2722 sequutus
2799 2667 3004 2707 amans
3026 2653 3243 2724 expetit
3274 2652 3398 2725 ipse
3429 2651 3641 2708 libens.

2098 2738 2356 2811 Suscipit
2386 2740 2686 2795 ardentem
2718 2740 2923 2796 Petrus
2955 2742 3191 2812 pietatis
3223 2742 3557 2810 alumnum,

2169 2828 2239 2882 Et
2270 2828 2406 2883 facit
2437 2833 2729 2899 expertem
2760 2834 2967 2885 sancta
2996 2834 3216 2885 secreta
3243 2831 3435 2887 virum
3473 2849 3486 2886 :

2095 2916 2277 2986 Cujus
2310 2917 2381 2971 ab
2413 2934 2510 2971 ore
2541 2917 2654 2989 piis
2679 2922 2995 2972 attrectans
3027 2919 3303 2989 dogmata
3332 2921 3546 2990 verbis,

2168 3004 2442 3059 Ebiberat
2470 3004 2740 3059 stabilem
2774 3006 2930 3059 fonte
2960 3006 3172 3063 salutis
3206 3027 3399 3080 opem.

2096 3091 2328 3145 Sedulis
2356 3092 2597 3147 Ausonii
2629 3110 2732 3163 per
2761 3098 3025 3164 tempora
3045 3094 3221 3168 longa
3242 3099 3530 3169 magistri,

2166 3179 2459 3252 Obsequio
2494 3181 2642 3236 Petri
2674 3181 2845 3237 haesit
2874 3199 3073 3237 amore
3103 3185 3219 3239 sui.

2096 3271 2276 3336 Quem
2309 3270 2512 3326 Petrus
2540 3271 2611 3325 ad
2635 3286 2933 3326 summam
2956 3273 3215 3343 provexit
3232 3271 3510 3331 culminis
3525 3294 3763 3347 arcem,

2168 3359 2238 3414 Et
2267 3358 2370 3414 dat
2395 3359 2633 3431 gavisus
2663 3359 2994 3432 pontiﬁcale
3026 3361 3227 3418 decus.

2098 3446 2242 3502 Hinc
2276 3446 2463 3519 placet
2494 3448 2567 3504 ad
2598 3448 2855 3505 tumidos
2888 3465 3181 3520 praecones
3214 3450 3442 3509 mittere
3472 3452 3701 3523 Gallos,

2170 3537 2276 3603 Qui
2309 3537 2555 3593 doceant
2586 3537 2813 3593 animos
2844 3554 2941 3593 ore
2974 3539 3203 3611 fideque
3236 3541 3409 3597 feros.

2098 3626 2275 3683 Electi
2308 3628 2549 3682 veniunt
2582 3628 2860 3684 Romanis
2892 3629 3146 3695 arcibus,
3183 3631 3399 3689 adsunt

2172 3714 2371 3772 Prmlia
2401 3716 2619 3789 gesturi
2653 3734 2755 3789 pro
2788 3716 3001 3788 pietate
3031 3718 3156 3775 viri.

2103 3806 2165 3861 In
2198 3806 2435 3878 quibus,
2469 3806 2733 3873 antistes,
2770 3806 3073 3863 Mansuete
3107 3808 3340 3867 nomine
3372 3812 3597 3884 polles;

2170 3894 2393 3951 Emicat
2424 3900 2599 3967 atque
2632 3901 2771 3951 tuus
2802 3895 2957 3950 vocis
2990 3896 3207 3952 honore
3236 3900 3477 3973 gradus.

2102 3984 2285 4055 Hique
2318 3984 2537 4040 adeunt
2568 3984 2713 4040 alias
2746 3984 3044 4041 Gallorum
3076 3988 3345 4059 partibus
3377 3992 3577 4061 urbes,

2171 4076 2325 4138 Quos
2358 4078 2419 4128 ut
2444 4072 2735 4130 consultet
2767 4074 3000 4146 pervius
3033 4078 3192 4130 orbis
3223 4076 3418 4136 habet.

2100 4164 2208 4231 Tu,
2243 4169 2425 4235 pater,
2461 4167 2748 4235 agrestem
2784 4163 3149 4220 Leuchorum
3184 4167 3344 4224 solus
3377 4169 3435 4224 in
3469 4171 3678 4228 urbem

2172 4252 2493 4325 Ingreeeris
2524 4254 2670 4309 fisus
2702 4254 2770 4308 ad
2807 4254 3042 4325 pietatis
3075 4272 3242 4327 opus.

2100 4342 2344 4415 Pervigil
2375 4342 2433 4396 in
2466 4341 2679 4414 populo
2714 4342 2876 4398 Petro
2909 4353 3201 4416 prmeunte
3234 4347 3421 4413 beato,

2170 4431 2318 4488 Urbs
2351 4438 2415 4486 ut
2442 4431 2501 4486 in
2535 4436 2783 4487 aeternas
2815 4432 3045 4489 Leucha
3078 4440 3311 4491 notetur
3340 4453 3494 4492 oves.

2100 4522 2204 4577 Per
2233 4526 2287 4576 te
2319 4521 2509 4594 prima
2538 4521 2650 4576 fuit
2679 4521 2846 4576 nobis
2875 4523 2968 4576 via
2998 4528 3133 4577 neta
3160 4524 3387 4594 salutis,

2171 4610 2277 4665 Per
2304 4616 2361 4666 te
2393 4609 2471 4666 sit
2497 4615 2696 4666 noster
2725 4611 2860 4666 ﬁnis
2891 4612 3128 4685 ubique,
3166 4619 3351 4685 pater.

2100 4700 2156 4756 Si
2188 4704 2383 4754 tamen
2417 4705 2473 4755 et
2502 4700 2693 4755 meriti
2727 4716 2819 4755 res
2849 4705 2937 4756 est
2968 4704 3236 4773 augenda
3259 4705 3528 4774 juvaudi,

2172 4789 2279 4844 Par
2309 4790 2383 4845 sit
2415 4791 2565 4860 Aper
2594 4788 2788 4844 socius
2821 4795 3022 4845 nostra
3046 4793 3309 4862 juvando
3343 4798 3501 4851 tuus.

2097 4878 2211 4933 Vos
2239 4877 2454 4933 etenim
2485 4878 2633 4933 bina:
2665 4879 2792 4932 cceli
2823 4896 2998 4949 super
3030 4896 3131 4935 axe
3163 4880 3447 4936 columna:

2167 4966 2410 5035 Ducitis,
2447 4967 2584 5022 hinc
2617 4967 2815 5023 faciles
2850 4985 2954 5024 nos
2991 4968 3242 5025 relevare
3274 4986 3500 5043 greges.

2095 5055 2226 5112 Jam
2259 5057 2475 5112 nostris
2507 5056 2691 5129 igitur
2720 5057 2901 5129 prosit
2935 5058 3150 5114 ﬁducia
3180 5058 3346 5126 votis,

2168 5146 2353 5211 Quam
2385 5150 2587 5201 nostra
2617 5145 2676 5200 in
2712 5146 2881 5201 nobis
2914 5152 3147 5218 pectora
3181 5150 3293 5204 lixa
3324 5155 3547 5206 tenent.

2013 5216 2061 5282 D
2094 5233 2137 5291 Ο
2169 5234 2491 5303 Mansuete,
2526 5240 2660 5291 tuos
2694 5216 2950 5308 petimus
2981 5236 3225 5292 defende
3258 5237 3480 5304 ﬁdeles,

2169 5323 2239 5378 Et
2269 5323 2359 5380 fac
2391 5340 2523 5379 cum
2557 5325 2779 5381 sanctis
2812 5324 3027 5398 gaudia
3057 5326 3231 5398 longa
3261 5325 3409 5383 dari.

2095 5412 2269 5467 Adsis
2300 5417 2357 5467 et
2388 5414 2682 5485 precibus,
2713 5418 2913 5485 pastor
2943 5414 3277 5481 mitissime,
3313 5416 3555 5485 nostris,

2168 5500 2240 5556 Ut
2270 5505 2506 5557 teneant
2540 5501 2737 5575 populi
2770 5519 2948 5576 regna
2979 5503 3151 5559 beata
3184 5503 3291 5559 tui.
