  <div class='ocr_page' id='page_1' title='image "/cluster/home/n/w/nwhite01/storage/ocr_20150623/136-137/uc1.31175019686917/992.png"; bbox 0 0 3912 6366; ppageno 0'>
   <div class='ocr_carea' id='block_1_1' title="bbox 185 413 290 472">
    <p class='ocr_par' dir='ltr' id='par_1_1' title="bbox 185 413 290 472">
     <span class='ocr_line' id='line_1_1' title="bbox 185 413 290 472; baseline 0 -1"><span class='ocrx_word' id='word_1_1' title='bbox 185 413 290 472; x_wconf 75' lang='grc'>621</span> 
     </span>
    </p>
   </div>
   <div class='ocr_carea' id='block_1_2' title="bbox 527 615 1464 658">
    <p class='ocr_par' dir='ltr' id='par_1_2' title="bbox 527 615 1464 658">
     <span class='ocr_line' id='line_1_2' title="bbox 527 615 1464 658; baseline 0.001 -4"><span class='ocrx_word' id='word_1_2' title='bbox 527 615 745 655; x_wconf 74' lang='lat' dir='ltr'>VERSUS</span> <span class='ocrx_word' id='word_1_3' title='bbox 776 615 1108 656; x_wconf 76' lang='lat' dir='ltr'>ACROSTICHI</span> <span class='ocrx_word' id='word_1_4' title='bbox 1150 618 1219 657; x_wconf 80' lang='grc' dir='ltr'>οε</span> <span class='ocrx_word' id='word_1_5' title='bbox 1256 619 1464 658; x_wconf 71' lang='lat' dir='ltr'>EODEM.</span> 
     </span>
    </p>
   </div>
   <div class='ocr_carea' id='block_1_3' title="bbox 177 724 1435 797">
    <p class='ocr_par' dir='ltr' id='par_1_3' title="bbox 177 724 1435 797">
     <span class='ocr_line' id='line_1_3' title="bbox 177 724 1435 797; baseline 0 -17"><span class='ocrx_word' id='word_1_6' title='bbox 177 724 363 797; x_wconf 86' lang='lat' dir='ltr'>Magni</span> <span class='ocrx_word' id='word_1_7' title='bbox 394 724 619 780; x_wconf 82' lang='lat' dir='ltr'>consilii</span> <span class='ocrx_word' id='word_1_8' title='bbox 652 742 755 796; x_wconf 88' lang='lat' dir='ltr'>per</span> <span class='ocrx_word' id='word_1_9' title='bbox 785 731 839 780; x_wconf 89' lang='lat' dir='ltr'>te</span> <span class='ocrx_word' id='word_1_10' title='bbox 871 742 1016 796; x_wconf 88' lang='lat' dir='ltr'>quos</span> <span class='ocrx_word' id='word_1_11' title='bbox 1050 724 1264 781; x_wconf 78' lang='lat' dir='ltr'>imbuit</span> <span class='ocrx_word' id='word_1_12' title='bbox 1296 727 1435 780; x_wconf 90' lang='lat' dir='ltr'>olim</span> 
     </span>
    </p>
   </div>
   <div class='ocr_carea' id='block_1_4' title="bbox 169 813 1500 885">
    <p class='ocr_par' dir='ltr' id='par_1_4' title="bbox 169 813 1500 885">
     <span class='ocr_line' id='line_1_4' title="bbox 169 813 1500 885; baseline 0.001 -16"><span class='ocrx_word' id='word_1_13' title='bbox 169 813 438 885; x_wconf 79' lang='lat' dir='ltr'>Angelus,</span> <span class='ocrx_word' id='word_1_14' title='bbox 466 813 525 868; x_wconf 89' lang='lat' dir='ltr'>in</span> <span class='ocrx_word' id='word_1_15' title='bbox 558 814 692 868; x_wconf 84' lang='lat' dir='ltr'>ﬁdei</span> <span class='ocrx_word' id='word_1_16' title='bbox 726 813 1056 869; x_wconf 89' lang='lat' dir='ltr'>sublimans</span> <span class='ocrx_word' id='word_1_17' title='bbox 1090 831 1219 869; x_wconf 87' lang='lat' dir='ltr'>arce</span> <span class='ocrx_word' id='word_1_18' title='bbox 1253 815 1500 881; x_wconf 83' lang='lat' dir='ltr'>decenti,</span> 
     </span>
    </p>
   </div>
   <div class='ocr_carea' id='block_1_5' title="bbox 170 901 1640 974">
    <p class='ocr_par' dir='ltr' id='par_1_5' title="bbox 170 901 1640 974">
     <span class='ocr_line' id='line_1_5' title="bbox 170 901 1640 974; baseline 0 -17"><span class='ocrx_word' id='word_1_19' title='bbox 170 901 424 957; x_wconf 80' lang='lat' dir='ltr'>Nominis</span> <span class='ocrx_word' id='word_1_20' title='bbox 455 906 630 974; x_wconf 87' lang='lat' dir='ltr'>atque</span> <span class='ocrx_word' id='word_1_21' title='bbox 661 902 753 959; x_wconf 90' lang='lat' dir='ltr'>sui</span> <span class='ocrx_word' id='word_1_22' title='bbox 786 903 980 958; x_wconf 86' lang='lat' dir='ltr'>ditans</span> <span class='ocrx_word' id='word_1_23' title='bbox 1014 902 1363 958; x_wconf 86' lang='lat' dir='ltr'>charismate</span> <span class='ocrx_word' id='word_1_24' title='bbox 1397 905 1640 969; x_wconf 84' lang='lat' dir='ltr'>summi,</span> 
     </span>
    </p>
   </div>
   <div class='ocr_carea' id='block_1_6' title="bbox 1007 413 2764 484">
    <p class='ocr_par' dir='ltr' id='par_1_6' title="bbox 1007 413 2764 484">
     <span class='ocr_line' id='line_1_6' title="bbox 1007 413 2764 484; baseline 0.005 -12"><span class='ocrx_word' id='word_1_25' title='bbox 1007 414 1108 474; x_wconf 86' lang='lat' dir='ltr'>DE</span> <span class='ocrx_word' id='word_1_26' title='bbox 1151 413 1335 475; x_wconf 78' lang='grc' dir='ltr'>νΙΤΑ</span> <span class='ocrx_word' id='word_1_27' title='bbox 1382 417 1445 476; x_wconf 91' lang='lat' dir='ltr'>S.</span> <span class='ocrx_word' id='word_1_28' title='bbox 1496 416 1902 478; x_wconf 72' lang='lat' dir='ltr'>MANSIIETI</span> <span class='ocrx_word' id='word_1_29' title='bbox 1949 417 2157 478; x_wconf 80' lang='lat' dir='ltr'><strong>LIBRI</strong></span> <span class='ocrx_word' id='word_1_30' title='bbox 2203 419 2386 481; x_wconf 89' lang='lat' dir='ltr'>DUO.</span> <span class='ocrx_word' id='word_1_31' title='bbox 2418 453 2495 463; x_wconf 91' lang='lat'><strong>—</strong></span> <span class='ocrx_word' id='word_1_32' title='bbox 2526 422 2668 483; x_wconf 87' lang='lat' dir='ltr'>LIB.</span> <span class='ocrx_word' id='word_1_33' title='bbox 2716 423 2764 484; x_wconf 91' lang='grc' dir='ltr'>Ι.</span> 
     </span>
    </p>
   </div>
   <div class='ocr_carea' id='block_1_7' title="bbox 1854 551 3337 629">
    <p class='ocr_par' dir='ltr' id='par_1_7' title="bbox 1854 551 3337 629">
     <span class='ocr_line' id='line_1_7' title="bbox 1854 551 3337 629; baseline 0.007 -25"><span class='ocrx_word' id='word_1_34' title='bbox 1854 553 1905 617; x_wconf 77' lang='grc' dir='ltr'><strong>Α</strong></span> <span class='ocrx_word' id='word_1_35' title='bbox 1941 551 2025 605; x_wconf 88' lang='lat' dir='ltr'>Sit</span> <span class='ocrx_word' id='word_1_36' title='bbox 2055 556 2156 605; x_wconf 89' lang='lat' dir='ltr'>tua</span> <span class='ocrx_word' id='word_1_37' title='bbox 2186 552 2392 622; x_wconf 85' lang='lat' dir='ltr'>pietas,</span> <span class='ocrx_word' id='word_1_38' title='bbox 2430 555 2527 625; x_wconf 85' lang='lat' dir='ltr'>qui</span> <span class='ocrx_word' id='word_1_39' title='bbox 2562 562 2759 611; x_wconf 89' lang='lat' dir='ltr'>noster</span> <span class='ocrx_word' id='word_1_40' title='bbox 2794 556 3092 629; x_wconf 82' lang='lat' dir='ltr'>apostolus</span> <span class='ocrx_word' id='word_1_41' title='bbox 3123 563 3337 626; x_wconf 79' lang='lat' dir='ltr'>exstas,</span> 
     </span>
    </p>
   </div>
   <div class='ocr_carea' id='block_1_8' title="bbox 3470 425 3586 486">
    <p class='ocr_par' dir='ltr' id='par_1_8' title="bbox 3470 425 3586 486">
     <span class='ocr_line' id='line_1_8' title="bbox 3470 425 3586 486; baseline 0.017 -2"><span class='ocrx_word' id='word_1_42' title='bbox 3470 425 3586 486; x_wconf 75' lang='grc'>622</span> 
     </span>
    </p>
   </div>
   <div class='ocr_carea' id='block_1_9' title="bbox 1938 640 3224 711">
    <p class='ocr_par' dir='ltr' id='par_1_9' title="bbox 1938 640 3224 711">
     <span class='ocr_line' id='line_1_9' title="bbox 1938 640 3224 711; baseline 0.004 -16"><span class='ocrx_word' id='word_1_43' title='bbox 1938 640 2193 695; x_wconf 62' lang='lat' dir='ltr'>Uraniae:</span> <span class='ocrx_word' id='word_1_44' title='bbox 2229 644 2399 698; x_wconf 90' lang='lat' dir='ltr'>nobis</span> <span class='ocrx_word' id='word_1_45' title='bbox 2429 643 2713 701; x_wconf 88' lang='lat' dir='ltr'>habitatio</span> <span class='ocrx_word' id='word_1_46' title='bbox 2745 648 2917 702; x_wconf 90' lang='lat' dir='ltr'>detur</span> <span class='ocrx_word' id='word_1_47' title='bbox 2947 653 3011 702; x_wconf 91' lang='lat' dir='ltr'>ut</span> <span class='ocrx_word' id='word_1_48' title='bbox 3041 648 3224 711; x_wconf 81' lang='lat' dir='ltr'>urbis,</span> 
     </span>
    </p>
   </div>
   <div class='ocr_carea' id='block_1_10' title="bbox 1935 729 3293 807">
    <p class='ocr_par' dir='ltr' id='par_1_10' title="bbox 1935 729 3293 807">
     <span class='ocr_line' id='line_1_10' title="bbox 1935 729 3293 807; baseline 0.006 -24"><span class='ocrx_word' id='word_1_49' title='bbox 1935 729 2145 784; x_wconf 86' lang='lat' dir='ltr'>Electis</span> <span class='ocrx_word' id='word_1_50' title='bbox 2173 729 2401 786; x_wconf 90' lang='lat' dir='ltr'>cunctis</span> <span class='ocrx_word' id='word_1_51' title='bbox 2433 748 2549 802; x_wconf 88' lang='lat' dir='ltr'>quo</span> <span class='ocrx_word' id='word_1_52' title='bbox 2577 751 2683 788; x_wconf 89' lang='lat' dir='ltr'>nos</span> <span class='ocrx_word' id='word_1_53' title='bbox 2716 751 2817 806; x_wconf 90' lang='lat' dir='ltr'>per</span> <span class='ocrx_word' id='word_1_54' title='bbox 2847 735 3060 791; x_wconf 66' lang='lat' dir='ltr'>saecula</span> <span class='ocrx_word' id='word_1_55' title='bbox 3081 735 3293 807; x_wconf 80' lang='lat' dir='ltr'>juncti,</span> 
     </span>
    </p>
   </div>
   <div class='ocr_carea' id='block_1_11' title="bbox 1930 818 3263 897">
    <p class='ocr_par' dir='ltr' id='par_1_11' title="bbox 1930 818 3263 897">
     <span class='ocr_line' id='line_1_11' title="bbox 1930 818 3263 897; baseline 0.007 -25"><span class='ocrx_word' id='word_1_56' title='bbox 1930 818 2146 873; x_wconf 82' lang='lat' dir='ltr'>Tecum</span> <span class='ocrx_word' id='word_1_57' title='bbox 2179 820 2442 887; x_wconf 78' lang='lat' dir='ltr'>laudare,</span> <span class='ocrx_word' id='word_1_58' title='bbox 2473 822 2833 893; x_wconf 82' lang='lat' dir='ltr'>benedicere,</span> <span class='ocrx_word' id='word_1_59' title='bbox 2868 825 3263 897; x_wconf 87' lang='lat' dir='ltr'>magnificare,</span> 
     </span>
    </p>
   </div>
   <div class='ocr_carea' id='block_1_12' title="bbox 1927 909 3363 980">
    <p class='ocr_par' dir='ltr' id='par_1_12' title="bbox 1927 909 3363 980">
     <span class='ocr_line' id='line_1_12' title="bbox 1927 909 3363 980; baseline 0.005 -18"><span class='ocrx_word' id='word_1_60' title='bbox 1927 909 1991 962; x_wconf 84' lang='lat' dir='ltr'>Et</span> <span class='ocrx_word' id='word_1_61' title='bbox 2028 912 2287 978; x_wconf 82' lang='lat' dir='ltr'>spectare</span> <span class='ocrx_word' id='word_1_62' title='bbox 2321 910 2525 980; x_wconf 80' lang='lat' dir='ltr'>Deum,</span> <span class='ocrx_word' id='word_1_63' title='bbox 2560 912 2672 967; x_wconf 72' lang='lat' dir='ltr'>laeti</span> <span class='ocrx_word' id='word_1_64' title='bbox 2706 931 3041 970; x_wconf 86' lang='lat' dir='ltr'>mercamur</span> <span class='ocrx_word' id='word_1_65' title='bbox 3068 913 3129 969; x_wconf 90' lang='lat' dir='ltr'>in</span> <span class='ocrx_word' id='word_1_66' title='bbox 3160 932 3363 971; x_wconf 68' lang='lat' dir='ltr'>aevum.</span> 
     </span>
    </p>
   </div>
   <div class='ocr_carea' id='block_1_13' title="bbox 167 1090 3571 1121">
    <p class='ocr_par' dir='ltr' id='par_1_13' title="bbox 167 1090 3571 1121">
     <span class='ocr_line' id='line_1_13' title="bbox 167 1090 3571 1121; baseline 0.004 -19"><span class='ocrx_word' id='word_1_67' title='bbox 167 1090 3571 1121; x_wconf 49' lang='grc' dir='ltr'><strong>Ἦ</strong></span> 
     </span>
    </p>
   </div>
   <div class='ocr_carea' id='block_1_14' title="bbox 1005 1163 2718 1393">
    <p class='ocr_par' dir='ltr' id='par_1_14' title="bbox 1005 1163 2718 1393">
     <span class='ocr_line' id='line_1_14' title="bbox 1005 1163 2718 1393; baseline 0.006 -13"><span class='ocrx_word' id='word_1_68' title='bbox 1005 1247 1434 1383; x_wconf 85' lang='lat' dir='ltr'><strong>VITA</strong></span> <span class='ocrx_word' id='word_1_69' title='bbox 1539 1248 1677 1386; x_wconf 87' lang='lat' dir='ltr'>s.</span> <span class='ocrx_word' id='word_1_70' title='bbox 1796 1251 2718 1393; x_wconf 85' lang='lat' dir='ltr'><strong>MANSUETI</strong></span> 
     </span>
    </p>
   </div>
   <div class='ocr_carea' id='block_1_15' title="bbox 786 1493 2941 1578">
    <p class='ocr_par' dir='ltr' id='par_1_15' title="bbox 786 1493 2941 1578">
     <span class='ocr_line' id='line_1_15' title="bbox 786 1493 2941 1578; baseline 0.006 -29"><span class='ocrx_word' id='word_1_71' title='bbox 786 1494 973 1568; x_wconf 83' lang='lat' dir='ltr'>(Apud</span> <span class='ocrx_word' id='word_1_72' title='bbox 1009 1495 1154 1550; x_wconf 93' lang='lat' dir='ltr'>Dom</span> <span class='ocrx_word' id='word_1_73' title='bbox 1188 1493 1430 1563; x_wconf 88' lang='lat' dir='ltr'>Calmet,</span> <span class='ocrx_word' id='word_1_74' title='bbox 1464 1496 1697 1552; x_wconf 75' lang='lat' dir='ltr'>Histoire</span> <span class='ocrx_word' id='word_1_75' title='bbox 1726 1495 1790 1551; x_wconf 76' lang='lat' dir='ltr'>de</span> <span class='ocrx_word' id='word_1_76' title='bbox 1822 1497 2103 1565; x_wconf 82' lang='lat' dir='ltr'>Lorraine,</span> <span class='ocrx_word' id='word_1_77' title='bbox 2142 1502 2281 1553; x_wconf 89' lang='lat' dir='ltr'>tom.</span> <span class='ocrx_word' id='word_1_78' title='bbox 2320 1500 2411 1569; x_wconf 91' lang='lat' dir='ltr'>IV,</span> <span class='ocrx_word' id='word_1_79' title='bbox 2445 1502 2699 1572; x_wconf 76' lang='lat' dir='ltr'>Prcuves,</span> <span class='ocrx_word' id='word_1_80' title='bbox 2733 1522 2789 1578; x_wconf 92' lang='lat' dir='ltr'>p.</span> <span class='ocrx_word' id='word_1_81' title='bbox 2827 1507 2941 1575; x_wconf 74' lang='grc'>84.)</span> 
     </span>
    </p>
   </div>
   <div class='ocr_carea' id='block_1_16' title="bbox 1451 1777 2259 1866">
    <p class='ocr_par' dir='ltr' id='par_1_16' title="bbox 1451 1777 2259 1866">
     <span class='ocr_line' id='line_1_16' title="bbox 1451 1777 2259 1866; baseline 0.007 -5"><span class='ocrx_word' id='word_1_82' title='bbox 1451 1777 1775 1865; x_wconf 85' lang='lat' dir='ltr'><strong>LIBER</strong></span> <span class='ocrx_word' id='word_1_83' title='bbox 1841 1777 2259 1866; x_wconf 80' lang='lat' dir='ltr'>PRIMUS</span> 
     </span>
    </p>
   </div>
   <div class='ocr_carea' id='block_1_17' title="bbox 675 1977 1262 2035">
    <p class='ocr_par' dir='ltr' id='par_1_17' title="bbox 675 1977 1262 2035">
     <span class='ocr_line' id='line_1_17' title="bbox 675 1977 1262 2035; baseline -0.002 -2"><span class='ocrx_word' id='word_1_84' title='bbox 675 1977 908 2034; x_wconf 81' lang='lat' dir='ltr'>CAPUT</span> <span class='ocrx_word' id='word_1_85' title='bbox 949 1978 1262 2035; x_wconf 80' lang='lat' dir='ltr'>PRIMUM.</span> 
     </span>
    </p>
   </div>
   <div class='ocr_carea' id='block_1_18' title="bbox 157 2063 1800 2139">
    <p class='ocr_par' dir='ltr' id='par_1_18' title="bbox 157 2063 1800 2139">
     <span class='ocr_line' id='line_1_18' title="bbox 157 2063 1800 2139; baseline 0.001 -20"><span class='ocrx_word' id='word_1_86' title='bbox 157 2063 293 2139; x_wconf 81' lang='lat' dir='ltr'>Quod</span> <span class='ocrx_word' id='word_1_87' title='bbox 331 2065 514 2121; x_wconf 80' lang='lat' dir='ltr'>beatus</span> <span class='ocrx_word' id='word_1_88' title='bbox 562 2067 760 2122; x_wconf 78' lang='lat' dir='ltr'>Petrus</span> <span class='ocrx_word' id='word_1_89' title='bbox 808 2068 1251 2139; x_wconf 77' lang='lat' dir='ltr'>Hierosolymam</span> <span class='ocrx_word' id='word_1_90' title='bbox 1298 2071 1456 2123; x_wconf 76' lang='lat' dir='ltr'>miris</span> <span class='ocrx_word' id='word_1_91' title='bbox 1510 2070 1800 2125; x_wconf 75' lang='lat' dir='ltr'>virtutibus</span> 
     </span>
    </p>
   </div>
   <div class='ocr_carea' id='block_1_19' title="bbox 220 2138 1795 2209">
    <p class='ocr_par' dir='ltr' id='par_1_19' title="bbox 220 2138 1795 2209">
     <span class='ocr_line' id='line_1_19' title="bbox 220 2138 1795 2209; baseline 0.003 -19"><span class='ocrx_word' id='word_1_92' title='bbox 220 2138 517 2203; x_wconf 72' lang='lat' dir='ltr'>ittustrans,</span> <span class='ocrx_word' id='word_1_93' title='bbox 554 2142 798 2209; x_wconf 83' lang='lat' dir='ltr'>primum</span> <span class='ocrx_word' id='word_1_94' title='bbox 851 2138 1166 2204; x_wconf 59' lang='lat' dir='ltr'>Antias/tim,</span> <span class='ocrx_word' id='word_1_95' title='bbox 1208 2141 1331 2195; x_wconf 79' lang='lat' dir='ltr'>dein</span> <span class='ocrx_word' id='word_1_96' title='bbox 1378 2143 1558 2197; x_wconf 62' lang='lat' dir='ltr'>Rerum</span> <span class='ocrx_word' id='word_1_97' title='bbox 1586 2142 1795 2205; x_wconf 71' lang='lat' dir='ltr'>sedens,</span> 
     </span>
    </p>
   </div>
   <div class='ocr_carea' id='block_1_20' title="bbox 216 2209 1259 2282">
    <p class='ocr_par' dir='ltr' id='par_1_20' title="bbox 216 2209 1259 2282">
     <span class='ocr_line' id='line_1_20' title="bbox 216 2209 1259 2282; baseline 0.002 -20"><span class='ocrx_word' id='word_1_98' title='bbox 216 2209 429 2264; x_wconf 73' lang='lat' dir='ltr'>verbum</span> <span class='ocrx_word' id='word_1_99' title='bbox 455 2211 581 2265; x_wconf 69' lang='lat' dir='ltr'>vita’</span> <span class='ocrx_word' id='word_1_100' title='bbox 613 2211 732 2265; x_wconf 91' lang='lat' dir='ltr'>orbi</span> <span class='ocrx_word' id='word_1_101' title='bbox 765 2212 1003 2266; x_wconf 84' lang='lat' dir='ltr'>Romauo</span> <span class='ocrx_word' id='word_1_102' title='bbox 1037 2211 1259 2282; x_wconf 78' lang='lat' dir='ltr'>infudit.</span> 
     </span>
    </p>
   </div>
   <div class='ocr_carea' id='block_1_21' title="bbox 216 2314 1794 2389">
    <p class='ocr_par' dir='ltr' id='par_1_21' title="bbox 216 2314 1794 2389">
     <span class='ocr_line' id='line_1_21' title="bbox 216 2314 1794 2389; baseline 0.002 -20"><span class='ocrx_word' id='word_1_103' title='bbox 216 2314 343 2370; x_wconf 91' lang='lat' dir='ltr'>Post</span> <span class='ocrx_word' id='word_1_104' title='bbox 396 2315 722 2387; x_wconf 89' lang='lat' dir='ltr'>gloriosum</span> <span class='ocrx_word' id='word_1_105' title='bbox 778 2317 1027 2372; x_wconf 72' lang='lat' dir='ltr'>caelestis</span> <span class='ocrx_word' id='word_1_106' title='bbox 1083 2317 1338 2372; x_wconf 75' lang='lat' dir='ltr'>victoriae</span> <span class='ocrx_word' id='word_1_107' title='bbox 1398 2320 1794 2389; x_wconf 76' lang='lat' dir='ltr'>triumphum,</span> 
     </span>
    </p>
   </div>
   <div class='ocr_carea' id='block_1_22' title="bbox 154 2404 1798 2475">
    <p class='ocr_par' dir='ltr' id='par_1_22' title="bbox 154 2404 1798 2475">
     <span class='ocr_line' id='line_1_22' title="bbox 154 2404 1798 2475; baseline 0.004 -20"><span class='ocrx_word' id='word_1_108' title='bbox 154 2417 272 2457; x_wconf 90' lang='lat' dir='ltr'>cum</span> <span class='ocrx_word' id='word_1_109' title='bbox 302 2420 416 2475; x_wconf 89' lang='lat' dir='ltr'>quo</span> <span class='ocrx_word' id='word_1_110' title='bbox 450 2404 804 2460; x_wconf 60' lang='lat' dir='ltr'>saeculorum</span> <span class='ocrx_word' id='word_1_111' title='bbox 837 2406 1131 2473; x_wconf 84' lang='lat' dir='ltr'>Conditor,</span> <span class='ocrx_word' id='word_1_112' title='bbox 1170 2407 1333 2461; x_wconf 90' lang='lat' dir='ltr'>hoste</span> <span class='ocrx_word' id='word_1_113' title='bbox 1366 2408 1606 2474; x_wconf 83' lang='lat' dir='ltr'>devicto,</span> <span class='ocrx_word' id='word_1_114' title='bbox 1633 2408 1798 2462; x_wconf 80' lang='lat' dir='ltr'>ccelo-</span> 
     </span>
    </p>
   </div>
   <div class='ocr_carea' id='block_1_23' title="bbox 152 2494 1796 2567">
    <p class='ocr_par' dir='ltr' id='par_1_23' title="bbox 152 2494 1796 2567">
     <span class='ocr_line' id='line_1_23' title="bbox 152 2494 1796 2567; baseline 0.004 -23"><span class='ocrx_word' id='word_1_115' title='bbox 152 2507 267 2546; x_wconf 88' lang='lat' dir='ltr'>rum</span> <span class='ocrx_word' id='word_1_116' title='bbox 298 2494 626 2564; x_wconf 88' lang='lat' dir='ltr'>penetravit</span> <span class='ocrx_word' id='word_1_117' title='bbox 647 2510 914 2565; x_wconf 84' lang='lat' dir='ltr'>regnum,</span> <span class='ocrx_word' id='word_1_118' title='bbox 940 2494 1268 2565; x_wconf 68' lang='lat' dir='ltr'>apostolica:</span> <span class='ocrx_word' id='word_1_119' title='bbox 1301 2496 1575 2567; x_wconf 83' lang='lat' dir='ltr'>dignitati</span> <span class='ocrx_word' id='word_1_120' title='bbox 1610 2496 1796 2567; x_wconf 83' lang='lat' dir='ltr'>ipsius</span> 
     </span>
    </p>
   </div>
   <div class='ocr_carea' id='block_1_24' title="bbox 151 2579 1794 2655">
    <p class='ocr_par' dir='ltr' id='par_1_24' title="bbox 151 2579 1794 2655">
     <span class='ocr_line' id='line_1_24' title="bbox 151 2579 1794 2655; baseline 0.004 -22"><span class='ocrx_word' id='word_1_121' title='bbox 151 2579 448 2637; x_wconf 86' lang='lat' dir='ltr'>Salvatoris</span> <span class='ocrx_word' id='word_1_122' title='bbox 469 2583 788 2654; x_wconf 71' lang='lat' dir='ltr'>praesentia</span> <span class='ocrx_word' id='word_1_123' title='bbox 818 2582 1020 2638; x_wconf 85' lang='lat' dir='ltr'>Petrus</span> <span class='ocrx_word' id='word_1_124' title='bbox 1044 2584 1346 2655; x_wconf 84' lang='lat' dir='ltr'>apostolus</span> <span class='ocrx_word' id='word_1_125' title='bbox 1369 2584 1586 2640; x_wconf 83' lang='lat' dir='ltr'>electus</span> <span class='ocrx_word' id='word_1_126' title='bbox 1615 2592 1669 2640; x_wconf 88' lang='lat' dir='ltr'>et</span> <span class='ocrx_word' id='word_1_127' title='bbox 1693 2602 1794 2639; x_wconf 82' lang='lat' dir='ltr'>au-</span> 
     </span>
    </p>
   </div>
   <div class='ocr_carea' id='block_1_25' title="bbox 152 2670 1793 2744">
    <p class='ocr_par' dir='ltr' id='par_1_25' title="bbox 152 2670 1793 2744">
     <span class='ocr_line' id='line_1_25' title="bbox 152 2670 1793 2744; baseline 0.003 -23"><span class='ocrx_word' id='word_1_128' title='bbox 152 2671 261 2722; x_wconf 88' lang='lat' dir='ltr'>ctor</span> <span class='ocrx_word' id='word_1_129' title='bbox 286 2670 698 2743; x_wconf 68' lang='lat' dir='ltr'>praesignatus,</span> <span class='ocrx_word' id='word_1_130' title='bbox 733 2670 924 2727; x_wconf 77' lang='lat' dir='ltr'>claves</span> <span class='ocrx_word' id='word_1_131' title='bbox 959 2670 1085 2726; x_wconf 75' lang='lat' dir='ltr'>cmli</span> <span class='ocrx_word' id='word_1_132' title='bbox 1131 2674 1428 2744; x_wconf 86' lang='lat' dir='ltr'>suscipere</span> <span class='ocrx_word' id='word_1_133' title='bbox 1459 2678 1632 2744; x_wconf 86' lang='lat' dir='ltr'>atque</span> <span class='ocrx_word' id='word_1_134' title='bbox 1666 2675 1793 2728; x_wconf 90' lang='lat' dir='ltr'>uni-</span> 
     </span>
    </p>
   </div>
   <div class='ocr_carea' id='block_1_26' title="bbox 152 2757 1793 2831">
    <p class='ocr_par' dir='ltr' id='par_1_26' title="bbox 152 2757 1793 2831">
     <span class='ocr_line' id='line_1_26' title="bbox 152 2757 1793 2831; baseline 0.003 -21"><span class='ocrx_word' id='word_1_135' title='bbox 152 2757 375 2813; x_wconf 84' lang='lat' dir='ltr'>versalis</span> <span class='ocrx_word' id='word_1_136' title='bbox 395 2758 670 2814; x_wconf 70' lang='lat' dir='ltr'>Ecclesiae</span> <span class='ocrx_word' id='word_1_137' title='bbox 687 2758 1085 2831; x_wconf 89' lang='lat' dir='ltr'>gubernacula</span> <span class='ocrx_word' id='word_1_138' title='bbox 1106 2760 1320 2815; x_wconf 85' lang='lat' dir='ltr'>meruit</span> <span class='ocrx_word' id='word_1_139' title='bbox 1342 2761 1793 2816; x_wconf 88' lang='lat' dir='ltr'>obtinere.Cum-</span> 
     </span>
    </p>
   </div>
   <div class='ocr_carea' id='block_1_27' title="bbox 156 2847 1791 2921">
    <p class='ocr_par' dir='ltr' id='par_1_27' title="bbox 156 2847 1791 2921">
     <span class='ocr_line' id='line_1_27' title="bbox 156 2847 1791 2921; baseline 0.001 -20"><span class='ocrx_word' id='word_1_140' title='bbox 156 2862 256 2917; x_wconf 86' lang='lat' dir='ltr'>quc</span> <span class='ocrx_word' id='word_1_141' title='bbox 284 2847 566 2919; x_wconf 87' lang='lat' dir='ltr'>primum,</span> <span class='ocrx_word' id='word_1_142' title='bbox 592 2852 657 2902; x_wconf 90' lang='lat' dir='ltr'>ut</span> <span class='ocrx_word' id='word_1_143' title='bbox 687 2848 747 2901; x_wconf 89' lang='lat' dir='ltr'>in</span> <span class='ocrx_word' id='word_1_144' title='bbox 777 2847 1189 2904; x_wconf 88' lang='lat' dir='ltr'>ecclesiasticis</span> <span class='ocrx_word' id='word_1_145' title='bbox 1220 2848 1487 2904; x_wconf 87' lang='lat' dir='ltr'>Ilistoriis</span> <span class='ocrx_word' id='word_1_146' title='bbox 1519 2848 1791 2921; x_wconf 83' lang='lat' dir='ltr'>legimus,</span> 
     </span>
    </p>
   </div>
   <div class='ocr_carea' id='block_1_28' title="bbox 154 2933 1797 3008">
    <p class='ocr_par' dir='ltr' id='par_1_28' title="bbox 154 2933 1797 3008">
     <span class='ocr_line' id='line_1_28' title="bbox 154 2933 1797 3008; baseline 0.001 -18"><span class='ocrx_word' id='word_1_147' title='bbox 154 2933 799 3007; x_wconf 82' lang='lat' dir='ltr'>Jerosolymorum,post</span> <span class='ocrx_word' id='word_1_148' title='bbox 816 2936 1133 2992; x_wconf 73' lang='lat' dir='ltr'>Antiochia:</span> <span class='ocrx_word' id='word_1_149' title='bbox 1152 2938 1418 3008; x_wconf 90' lang='lat' dir='ltr'>partibus</span> <span class='ocrx_word' id='word_1_150' title='bbox 1434 2938 1641 2993; x_wconf 75' lang='lat' dir='ltr'>divina:</span> <span class='ocrx_word' id='word_1_151' title='bbox 1671 2937 1797 2992; x_wconf 89' lang='lat' dir='ltr'>illu-</span> 
     </span>
    </p>
   </div>
   <div class='ocr_carea' id='block_1_29' title="bbox 159 3023 1793 3098">
    <p class='ocr_par' dir='ltr' id='par_1_29' title="bbox 159 3023 1793 3098">
     <span class='ocr_line' id='line_1_29' title="bbox 159 3023 1793 3098; baseline 0.002 -22"><span class='ocrx_word' id='word_1_152' title='bbox 159 3024 438 3080; x_wconf 85' lang='lat' dir='ltr'>strationis</span> <span class='ocrx_word' id='word_1_153' title='bbox 467 3023 669 3079; x_wconf 88' lang='lat' dir='ltr'>radios</span> <span class='ocrx_word' id='word_1_154' title='bbox 714 3024 1047 3091; x_wconf 83' lang='lat' dir='ltr'>infudisset,</span> <span class='ocrx_word' id='word_1_155' title='bbox 1080 3029 1138 3079; x_wconf 88' lang='lat' dir='ltr'>et</span> <span class='ocrx_word' id='word_1_156' title='bbox 1169 3025 1467 3080; x_wconf 62' lang='lat' dir='ltr'>diabolicae</span> <span class='ocrx_word' id='word_1_157' title='bbox 1513 3026 1793 3098; x_wconf 72' lang='lat' dir='ltr'>supersti~</span> 
     </span>
    </p>
   </div>
   <div class='ocr_carea' id='block_1_30' title="bbox 159 3110 1792 3185">
    <p class='ocr_par' dir='ltr' id='par_1_30' title="bbox 159 3110 1792 3185">
     <span class='ocr_line' id='line_1_30' title="bbox 159 3110 1792 3185; baseline 0.005 -23"><span class='ocrx_word' id='word_1_158' title='bbox 159 3110 317 3166; x_wconf 88' lang='lat' dir='ltr'>tionis</span> <span class='ocrx_word' id='word_1_159' title='bbox 343 3113 623 3167; x_wconf 86' lang='lat' dir='ltr'>tenebras</span> <span class='ocrx_word' id='word_1_160' title='bbox 671 3112 981 3167; x_wconf 86' lang='lat' dir='ltr'>manifesta</span> <span class='ocrx_word' id='word_1_161' title='bbox 1010 3114 1249 3167; x_wconf 82' lang='lat' dir='ltr'>veritate</span> <span class='ocrx_word' id='word_1_162' title='bbox 1300 3114 1644 3185; x_wconf 86' lang='lat' dir='ltr'>depulisset,</span> <span class='ocrx_word' id='word_1_163' title='bbox 1680 3116 1792 3170; x_wconf 87' lang='lat' dir='ltr'>Ro-</span> 
     </span>
    </p>
   </div>
   <div class='ocr_carea' id='block_1_31' title="bbox 160 3200 1796 3273">
    <p class='ocr_par' dir='ltr' id='par_1_31' title="bbox 160 3200 1796 3273">
     <span class='ocr_line' id='line_1_31' title="bbox 160 3200 1796 3273; baseline 0.002 -19"><span class='ocrx_word' id='word_1_164' title='bbox 160 3201 297 3254; x_wconf 86' lang='lat' dir='ltr'>mani</span> <span class='ocrx_word' id='word_1_165' title='bbox 322 3201 556 3273; x_wconf 89' lang='lat' dir='ltr'>imperii</span> <span class='ocrx_word' id='word_1_166' title='bbox 578 3200 923 3272; x_wconf 89' lang='lat' dir='ltr'>dignitatem</span> <span class='ocrx_word' id='word_1_167' title='bbox 943 3201 1361 3257; x_wconf 82' lang='lat' dir='ltr'>Christianitati</span> <span class='ocrx_word' id='word_1_168' title='bbox 1388 3203 1557 3258; x_wconf 87' lang='lat' dir='ltr'>titulo</span> <span class='ocrx_word' id='word_1_169' title='bbox 1580 3222 1645 3258; x_wconf 87' lang='lat' dir='ltr'>ac</span> <span class='ocrx_word' id='word_1_170' title='bbox 1668 3222 1796 3258; x_wconf 89' lang='lat' dir='ltr'>san-</span> 
     </span>
    </p>
   </div>
   <div class='ocr_carea' id='block_1_32' title="bbox 159 3289 1788 3360">
    <p class='ocr_par' dir='ltr' id='par_1_32' title="bbox 159 3289 1788 3360">
     <span class='ocr_line' id='line_1_32' title="bbox 159 3289 1788 3360; baseline 0.004 -18"><span class='ocrx_word' id='word_1_171' title='bbox 159 3293 249 3343; x_wconf 76' lang='lat' dir='ltr'>cL&#39;e</span> <span class='ocrx_word' id='word_1_172' title='bbox 267 3289 466 3347; x_wconf 83' lang='lat' dir='ltr'>Crucis</span> <span class='ocrx_word' id='word_1_173' title='bbox 488 3289 696 3345; x_wconf 82' lang='lat' dir='ltr'>vexillo</span> <span class='ocrx_word' id='word_1_174' title='bbox 745 3290 988 3346; x_wconf 87' lang='lat' dir='ltr'>dilatare</span> <span class='ocrx_word' id='word_1_175' title='bbox 1013 3296 1069 3346; x_wconf 91' lang='lat' dir='ltr'>et</span> <span class='ocrx_word' id='word_1_176' title='bbox 1096 3290 1413 3346; x_wconf 84' lang='lat' dir='ltr'>sublimare</span> <span class='ocrx_word' id='word_1_177' title='bbox 1452 3293 1788 3360; x_wconf 86' lang='lat' dir='ltr'>decernens,</span> 
     </span>
    </p>
   </div>
   <div class='ocr_carea' id='block_1_33' title="bbox 161 3346 1867 3453">
    <p class='ocr_par' dir='ltr' id='par_1_33' title="bbox 161 3346 1867 3453">
     <span class='ocr_line' id='line_1_33' title="bbox 161 3346 1867 3453; baseline 0.004 -22"><span class='ocrx_word' id='word_1_178' title='bbox 161 3380 346 3433; x_wconf 86' lang='lat' dir='ltr'>mundi</span> <span class='ocrx_word' id='word_1_179' title='bbox 372 3379 678 3434; x_wconf 89' lang='lat' dir='ltr'>dominam</span> <span class='ocrx_word' id='word_1_180' title='bbox 700 3382 757 3434; x_wconf 87' lang='lat' dir='ltr'>et</span> <span class='ocrx_word' id='word_1_181' title='bbox 778 3384 953 3451; x_wconf 88' lang='lat' dir='ltr'>caput</span> <span class='ocrx_word' id='word_1_182' title='bbox 975 3380 1132 3435; x_wconf 86' lang='lat' dir='ltr'>orbis</span> <span class='ocrx_word' id='word_1_183' title='bbox 1165 3381 1410 3436; x_wconf 86' lang='lat' dir='ltr'>Romam</span> <span class='ocrx_word' id='word_1_184' title='bbox 1432 3383 1792 3453; x_wconf 73' lang='lat' dir='ltr'>aggreditur,</span> <span class='ocrx_word' id='word_1_185' title='bbox 1824 3346 1867 3412; x_wconf 62' lang='grc' dir='ltr'>Ε</span> 
     </span>
    </p>
   </div>
   <div class='ocr_carea' id='block_1_34' title="bbox 159 3467 1794 3542">
    <p class='ocr_par' dir='ltr' id='par_1_34' title="bbox 159 3467 1794 3542">
     <span class='ocr_line' id='line_1_34' title="bbox 159 3467 1794 3542; baseline 0.004 -23"><span class='ocrx_word' id='word_1_186' title='bbox 159 3481 215 3519; x_wconf 88' lang='lat' dir='ltr'>ac</span> <span class='ocrx_word' id='word_1_187' title='bbox 257 3467 367 3523; x_wconf 86' lang='lat' dir='ltr'>Deo</span> <span class='ocrx_word' id='word_1_188' title='bbox 414 3468 766 3539; x_wconf 88' lang='lat' dir='ltr'>disponente</span> <span class='ocrx_word' id='word_1_189' title='bbox 804 3468 1053 3523; x_wconf 78' lang='lat' dir='ltr'>ccelestis</span> <span class='ocrx_word' id='word_1_190' title='bbox 1096 3469 1432 3540; x_wconf 84' lang='lat' dir='ltr'>magisterio</span> <span class='ocrx_word' id='word_1_191' title='bbox 1472 3470 1794 3542; x_wconf 68' lang='lat' dir='ltr'>disciplinae</span> 
     </span>
    </p>
   </div>
   <div class='ocr_carea' id='block_1_35' title="bbox 159 3556 1795 3630">
    <p class='ocr_par' dir='ltr' id='par_1_35' title="bbox 159 3556 1795 3630">
     <span class='ocr_line' id='line_1_35' title="bbox 159 3556 1795 3630; baseline 0.004 -21"><span class='ocrx_word' id='word_1_192' title='bbox 159 3561 350 3610; x_wconf 54' lang='lat' dir='ltr'>sanctae</span> <span class='ocrx_word' id='word_1_193' title='bbox 370 3556 643 3612; x_wconf 72' lang='lat' dir='ltr'>Ecclesiae</span> <span class='ocrx_word' id='word_1_194' title='bbox 674 3556 970 3613; x_wconf 73' lang='lat' dir='ltr'>catholica:</span> <span class='ocrx_word' id='word_1_195' title='bbox 997 3558 1337 3630; x_wconf 88' lang='lat' dir='ltr'>principalis</span> <span class='ocrx_word' id='word_1_196' title='bbox 1361 3564 1560 3630; x_wconf 89' lang='lat' dir='ltr'>pastor</span> <span class='ocrx_word' id='word_1_197' title='bbox 1588 3566 1644 3615; x_wconf 90' lang='lat' dir='ltr'>et</span> <span class='ocrx_word' id='word_1_198' title='bbox 1674 3578 1795 3615; x_wconf 84' lang='lat' dir='ltr'>ma-</span> 
     </span>
    </p>
   </div>
   <div class='ocr_carea' id='block_1_36' title="bbox 158 3642 1795 3713">
    <p class='ocr_par' dir='ltr' id='par_1_36' title="bbox 158 3642 1795 3713">
     <span class='ocr_line' id='line_1_36' title="bbox 158 3642 1795 3713; baseline 0.005 -18"><span class='ocrx_word' id='word_1_199' title='bbox 158 3642 321 3713; x_wconf 83' lang='lat' dir='ltr'>gister</span> <span class='ocrx_word' id='word_1_200' title='bbox 347 3645 629 3713; x_wconf 79' lang='lat' dir='ltr'>efﬁcitur;</span> <span class='ocrx_word' id='word_1_201' title='bbox 663 3649 729 3700; x_wconf 91' lang='lat' dir='ltr'>ut</span> <span class='ocrx_word' id='word_1_202' title='bbox 758 3644 1046 3711; x_wconf 86' lang='lat' dir='ltr'>videlicet,</span> <span class='ocrx_word' id='word_1_203' title='bbox 1082 3646 1181 3702; x_wconf 90' lang='lat' dir='ltr'>ubi</span> <span class='ocrx_word' id='word_1_204' title='bbox 1214 3647 1575 3703; x_wconf 86' lang='lat' dir='ltr'>diversarum</span> <span class='ocrx_word' id='word_1_205' title='bbox 1610 3648 1795 3703; x_wconf 89' lang='lat' dir='ltr'>natio-</span> 
     </span>
    </p>
   </div>
   <div class='ocr_carea' id='block_1_37' title="bbox 161 3734 1796 3808">
    <p class='ocr_par' dir='ltr' id='par_1_37' title="bbox 161 3734 1796 3808">
     <span class='ocr_line' id='line_1_37' title="bbox 161 3734 1796 3808; baseline 0.004 -23"><span class='ocrx_word' id='word_1_206' title='bbox 161 3746 284 3788; x_wconf 86' lang='lat' dir='ltr'>num</span> <span class='ocrx_word' id='word_1_207' title='bbox 324 3735 683 3791; x_wconf 80' lang='lat' dir='ltr'>contluxerat</span> <span class='ocrx_word' id='word_1_208' title='bbox 733 3734 1074 3803; x_wconf 85' lang='lat' dir='ltr'>multitudo,</span> <span class='ocrx_word' id='word_1_209' title='bbox 1106 3736 1239 3790; x_wconf 90' lang='lat' dir='ltr'>inde</span> <span class='ocrx_word' id='word_1_210' title='bbox 1283 3753 1515 3808; x_wconf 89' lang='lat' dir='ltr'>quoque</span> <span class='ocrx_word' id='word_1_211' title='bbox 1552 3736 1796 3793; x_wconf 90' lang='lat' dir='ltr'>liberius</span> 
     </span>
    </p>
   </div>
   <div class='ocr_carea' id='block_1_38' title="bbox 161 3822 1796 3891">
    <p class='ocr_par' dir='ltr' id='par_1_38' title="bbox 161 3822 1796 3891">
     <span class='ocr_line' id='line_1_38' title="bbox 161 3822 1796 3891; baseline 0.006 -18"><span class='ocrx_word' id='word_1_212' title='bbox 161 3822 313 3891; x_wconf 84' lang='lat' dir='ltr'>atque</span> <span class='ocrx_word' id='word_1_213' title='bbox 346 3823 642 3880; x_wconf 83' lang='lat' dir='ltr'>valentius</span> <span class='ocrx_word' id='word_1_214' title='bbox 671 3828 955 3880; x_wconf 86' lang='lat' dir='ltr'>cresceret</span> <span class='ocrx_word' id='word_1_215' title='bbox 1001 3825 1057 3880; x_wconf 90' lang='lat' dir='ltr'>in</span> <span class='ocrx_word' id='word_1_216' title='bbox 1112 3824 1296 3880; x_wconf 87' lang='lat' dir='ltr'>Deum</span> <span class='ocrx_word' id='word_1_217' title='bbox 1339 3825 1796 3883; x_wconf 83' lang='lat' dir='ltr'>Christianitatis</span> 
     </span>
    </p>
   </div>
   <div class='ocr_carea' id='block_1_39' title="bbox 160 3910 1799 3985">
    <p class='ocr_par' dir='ltr' id='par_1_39' title="bbox 160 3910 1799 3985">
     <span class='ocr_line' id='line_1_39' title="bbox 160 3910 1799 3985; baseline 0.007 -25"><span class='ocrx_word' id='word_1_218' title='bbox 160 3922 287 3964; x_wconf 85' lang='lat' dir='ltr'>sana</span> <span class='ocrx_word' id='word_1_219' title='bbox 302 3910 529 3985; x_wconf 88' lang='lat' dir='ltr'>religio;</span> <span class='ocrx_word' id='word_1_220' title='bbox 552 3928 807 3983; x_wconf 85' lang='lat' dir='ltr'>cumque</span> <span class='ocrx_word' id='word_1_221' title='bbox 827 3917 1039 3968; x_wconf 66' lang='lat' dir='ltr'>sancta:</span> <span class='ocrx_word' id='word_1_222' title='bbox 1058 3914 1668 3985; x_wconf 71' lang='lat' dir='ltr'>prmdicationis,velut</span> <span class='ocrx_word' id='word_1_223' title='bbox 1687 3915 1799 3972; x_wconf 87' lang='lat' dir='ltr'>cla-</span> 
     </span>
    </p>
   </div>
   <div class='ocr_carea' id='block_1_40' title="bbox 160 3997 1797 4076">
    <p class='ocr_par' dir='ltr' id='par_1_40' title="bbox 160 3997 1797 4076">
     <span class='ocr_line' id='line_1_40' title="bbox 160 3997 1797 4076; baseline 0.008 -28"><span class='ocrx_word' id='word_1_224' title='bbox 160 3997 404 4056; x_wconf 85' lang='lat' dir='ltr'>rissimos</span> <span class='ocrx_word' id='word_1_225' title='bbox 426 4001 571 4057; x_wconf 90' lang='lat' dir='ltr'>solis</span> <span class='ocrx_word' id='word_1_226' title='bbox 615 4001 810 4056; x_wconf 83' lang='lat' dir='ltr'>radios</span> <span class='ocrx_word' id='word_1_227' title='bbox 850 4019 953 4072; x_wconf 87' lang='lat' dir='ltr'>per</span> <span class='ocrx_word' id='word_1_228' title='bbox 974 4003 1231 4057; x_wconf 87' lang='lat' dir='ltr'>diversas</span> <span class='ocrx_word' id='word_1_229' title='bbox 1274 4009 1561 4059; x_wconf 87' lang='lat' dir='ltr'>terrarum</span> <span class='ocrx_word' id='word_1_230' title='bbox 1602 4010 1797 4076; x_wconf 89' lang='lat' dir='ltr'>partes</span> 
     </span>
    </p>
   </div>
   <div class='ocr_carea' id='block_1_41' title="bbox 161 4084 1794 4165">
    <p class='ocr_par' dir='ltr' id='par_1_41' title="bbox 161 4084 1794 4165">
     <span class='ocr_line' id='line_1_41' title="bbox 161 4084 1794 4165; baseline 0.006 -28"><span class='ocrx_word' id='word_1_231' title='bbox 161 4084 789 4165; x_wconf 45' lang='lat' dir='ltr'>sollicitus’evibrasset,</span> <span class='ocrx_word' id='word_1_232' title='bbox 814 4090 1177 4146; x_wconf 88' lang='lat' dir='ltr'>credentium</span> <span class='ocrx_word' id='word_1_233' title='bbox 1215 4092 1561 4164; x_wconf 90' lang='lat' dir='ltr'>populorum</span> <span class='ocrx_word' id='word_1_234' title='bbox 1591 4092 1794 4147; x_wconf 89' lang='lat' dir='ltr'>multi-</span> 
     </span>
    </p>
   </div>
   <div class='ocr_carea' id='block_1_42' title="bbox 159 4176 1795 4253">
    <p class='ocr_par' dir='ltr' id='par_1_42' title="bbox 159 4176 1795 4253">
     <span class='ocr_line' id='line_1_42' title="bbox 159 4176 1795 4253; baseline 0.006 -25"><span class='ocrx_word' id='word_1_235' title='bbox 159 4176 372 4235; x_wconf 88' lang='lat' dir='ltr'>tudines</span> <span class='ocrx_word' id='word_1_236' title='bbox 393 4196 745 4253; x_wconf 85' lang='lat' dir='ltr'>aggregans,</span> <span class='ocrx_word' id='word_1_237' title='bbox 772 4180 828 4234; x_wconf 91' lang='lat' dir='ltr'>in</span> <span class='ocrx_word' id='word_1_238' title='bbox 852 4197 1017 4252; x_wconf 87' lang='lat' dir='ltr'>spem</span> <span class='ocrx_word' id='word_1_239' title='bbox 1041 4180 1249 4236; x_wconf 87' lang='lat' dir='ltr'>salutis</span> <span class='ocrx_word' id='word_1_240' title='bbox 1281 4186 1504 4237; x_wconf 67' lang='lat' dir='ltr'>aeterna}</span> <span class='ocrx_word' id='word_1_241' title='bbox 1527 4183 1795 4237; x_wconf 88' lang='lat' dir='ltr'>corrobo-</span> 
     </span>
    </p>
   </div>
   <div class='ocr_carea' id='block_1_43' title="bbox 161 4262 1798 4338">
    <p class='ocr_par' dir='ltr' id='par_1_43' title="bbox 161 4262 1798 4338">
     <span class='ocr_line' id='line_1_43' title="bbox 161 4262 1798 4338; baseline 0.006 -25"><span class='ocrx_word' id='word_1_242' title='bbox 161 4262 326 4319; x_wconf 84' lang='lat' dir='ltr'>rabat.</span> <span class='ocrx_word' id='word_1_243' title='bbox 358 4266 542 4338; x_wconf 84' lang='lat' dir='ltr'>Cujus</span> <span class='ocrx_word' id='word_1_244' title='bbox 573 4267 761 4322; x_wconf 88' lang='lat' dir='ltr'>sancti</span> <span class='ocrx_word' id='word_1_245' title='bbox 792 4268 949 4323; x_wconf 84' lang='lat' dir='ltr'>fama</span> <span class='ocrx_word' id='word_1_246' title='bbox 970 4268 1228 4323; x_wconf 86' lang='lat' dir='ltr'>nominis</span> <span class='ocrx_word' id='word_1_247' title='bbox 1260 4286 1374 4323; x_wconf 89' lang='lat' dir='ltr'>non</span> <span class='ocrx_word' id='word_1_248' title='bbox 1407 4269 1597 4325; x_wconf 91' lang='lat' dir='ltr'>solum</span> <span class='ocrx_word' id='word_1_249' title='bbox 1633 4272 1703 4325; x_wconf 87' lang='lat' dir='ltr'>ad</span> <span class='ocrx_word' id='word_1_250' title='bbox 1738 4271 1798 4323; x_wconf 85' lang='lat' dir='ltr'>fi-</span> 
     </span>
    </p>
   </div>
   <div class='ocr_carea' id='block_1_44' title="bbox 92 4351 1793 4428">
    <p class='ocr_par' dir='ltr' id='par_1_44' title="bbox 92 4351 1793 4428">
     <span class='ocr_line' id='line_1_44' title="bbox 92 4351 1793 4428; baseline 0.002 -18"><span class='ocrx_word' id='word_1_251' title='bbox 92 4406 97 4410; x_wconf 82' lang='lat'><strong><em>.</em></strong></span> <span class='ocrx_word' id='word_1_252' title='bbox 161 4351 397 4423; x_wconf 82' lang='lat' dir='ltr'>nitimas,</span> <span class='ocrx_word' id='word_1_253' title='bbox 415 4357 517 4411; x_wconf 89' lang='lat' dir='ltr'>sed</span> <span class='ocrx_word' id='word_1_254' title='bbox 538 4355 716 4411; x_wconf 87' lang='lat' dir='ltr'>etiam</span> <span class='ocrx_word' id='word_1_255' title='bbox 735 4356 805 4410; x_wconf 91' lang='lat' dir='ltr'>ad</span> <span class='ocrx_word' id='word_1_256' title='bbox 826 4360 1051 4412; x_wconf 81' lang='lat' dir='ltr'>exteras</span> <span class='ocrx_word' id='word_1_257' title='bbox 1068 4356 1291 4428; x_wconf 89' lang='lat' dir='ltr'>perlata</span> <span class='ocrx_word' id='word_1_258' title='bbox 1302 4358 1491 4413; x_wconf 86' lang='lat' dir='ltr'>fuerat</span> <span class='ocrx_word' id='word_1_259' title='bbox 1509 4358 1793 4415; x_wconf 87' lang='lat' dir='ltr'>nationes.</span> 
     </span>
    </p>
   </div>
   <div class='ocr_carea' id='block_1_45' title="bbox 796 4462 1140 4518">
    <p class='ocr_par' dir='ltr' id='par_1_45' title="bbox 796 4462 1140 4518">
     <span class='ocr_line' id='line_1_45' title="bbox 796 4462 1140 4518; baseline 0.003 -1"><span class='ocrx_word' id='word_1_260' title='bbox 796 4462 1028 4518; x_wconf 82' lang='lat' dir='ltr'>CAPUT</span> <span class='ocrx_word' id='word_1_261' title='bbox 1072 4463 1140 4518; x_wconf 91' lang='lat' dir='ltr'><strong>II.</strong></span> 
     </span>
    </p>
   </div>
   <div class='ocr_carea' id='block_1_46' title="bbox 161 4549 1792 4627">
    <p class='ocr_par' dir='ltr' id='par_1_46' title="bbox 161 4549 1792 4627">
     <span class='ocr_line' id='line_1_46' title="bbox 161 4549 1792 4627; baseline 0.007 -28"><span class='ocrx_word' id='word_1_262' title='bbox 161 4550 229 4602; x_wconf 85' lang='lat' dir='ltr'>Dc</span> <span class='ocrx_word' id='word_1_263' title='bbox 255 4549 388 4606; x_wconf 81' lang='lat' dir='ltr'>beati</span> <span class='ocrx_word' id='word_1_264' title='bbox 416 4552 686 4607; x_wconf 66' lang='lat' dir='ltr'>Manen-eti</span> <span class='ocrx_word' id='word_1_265' title='bbox 721 4552 964 4627; x_wconf 74' lang='lat' dir='ltr'>exordio,</span> <span class='ocrx_word' id='word_1_266' title='bbox 996 4560 1049 4627; x_wconf 67' lang='lat' dir='ltr'>et</span> <span class='ocrx_word' id='word_1_267' title='bbox 1084 4552 1223 4627; x_wconf 78' lang='lat' dir='ltr'>quod</span> <span class='ocrx_word' id='word_1_268' title='bbox 1255 4554 1477 4608; x_wconf 78' lang='lat' dir='ltr'>Romam</span> <span class='ocrx_word' id='word_1_269' title='bbox 1506 4558 1792 4627; x_wconf 74' lang='lat' dir='ltr'>projectus,</span> 
     </span>
    </p>
   </div>
   <div class='ocr_carea' id='block_1_47' title="bbox 314 4624 1613 4697">
    <p class='ocr_par' dir='ltr' id='par_1_47' title="bbox 314 4624 1613 4697">
     <span class='ocr_line' id='line_1_47' title="bbox 314 4624 1613 4697; baseline 0.002 -20"><span class='ocrx_word' id='word_1_270' title='bbox 314 4626 669 4693; x_wconf 61' lang='lat' dir='ltr'>prwscntiam</span> <span class='ocrx_word' id='word_1_271' title='bbox 697 4625 981 4695; x_wconf 62' lang='grc' dir='ltr'>πρωίαν-α</span> <span class='ocrx_word' id='word_1_272' title='bbox 1011 4624 1151 4679; x_wconf 81' lang='lat' dir='ltr'>beati</span> <span class='ocrx_word' id='word_1_273' title='bbox 1188 4626 1338 4680; x_wconf 83' lang='lat' dir='ltr'>Petri</span> <span class='ocrx_word' id='word_1_274' title='bbox 1366 4624 1613 4697; x_wconf 54' lang='lat' dir='ltr'>apostoli;</span> 
     </span>
    </p>
   </div>
   <div class='ocr_carea' id='block_1_48' title="bbox 1830 1979 3571 2057">
    <p class='ocr_par' dir='ltr' id='par_1_48' title="bbox 1830 1979 3571 2057">
     <span class='ocr_line' id='line_1_48' title="bbox 1830 1979 3571 2057; baseline 0.006 -24"><span class='ocrx_word' id='word_1_275' title='bbox 1830 1980 1877 2045; x_wconf 86' lang='grc' dir='ltr'><strong>Β</strong></span> <span class='ocrx_word' id='word_1_276' title='bbox 1909 1979 2275 2053; x_wconf 86' lang='lat' dir='ltr'>aliorumque</span> <span class='ocrx_word' id='word_1_277' title='bbox 2308 1982 2646 2038; x_wconf 77' lang='lat' dir='ltr'>infortuniis</span> <span class='ocrx_word' id='word_1_278' title='bbox 2677 1988 2742 2039; x_wconf 90' lang='lat' dir='ltr'>ut</span> <span class='ocrx_word' id='word_1_279' title='bbox 2773 1984 3024 2057; x_wconf 88' lang='lat' dir='ltr'>propriis</span> <span class='ocrx_word' id='word_1_280' title='bbox 3056 1984 3359 2053; x_wconf 83' lang='lat' dir='ltr'>influebat,</span> <span class='ocrx_word' id='word_1_281' title='bbox 3398 2002 3571 2043; x_wconf 89' lang='lat' dir='ltr'>man-</span> 
     </span>
    </p>
   </div>
   <div class='ocr_carea' id='block_1_49' title="bbox 1914 2070 3568 2145">
    <p class='ocr_par' dir='ltr' id='par_1_49' title="bbox 1914 2070 3568 2145">
     <span class='ocr_line' id='line_1_49' title="bbox 1914 2070 3568 2145; baseline 0.006 -23"><span class='ocrx_word' id='word_1_282' title='bbox 1914 2073 2214 2124; x_wconf 88' lang='lat' dir='ltr'>suetorum</span> <span class='ocrx_word' id='word_1_283' title='bbox 2261 2070 2535 2126; x_wconf 85' lang='lat' dir='ltr'>cordibus</span> <span class='ocrx_word' id='word_1_284' title='bbox 2574 2072 2859 2143; x_wconf 89' lang='lat' dir='ltr'>copulari,</span> <span class='ocrx_word' id='word_1_285' title='bbox 2894 2074 3273 2145; x_wconf 84' lang='lat' dir='ltr'>rigidiorihus</span> <span class='ocrx_word' id='word_1_286' title='bbox 3314 2091 3449 2132; x_wconf 85' lang='lat' dir='ltr'>vero</span> <span class='ocrx_word' id='word_1_287' title='bbox 3480 2076 3568 2132; x_wconf 86' lang='lat' dir='ltr'>in-</span> 
     </span>
    </p>
   </div>
   <div class='ocr_carea' id='block_1_50' title="bbox 1912 2158 3570 2235">
    <p class='ocr_par' dir='ltr' id='par_1_50' title="bbox 1912 2158 3570 2235">
     <span class='ocr_line' id='line_1_50' title="bbox 1912 2158 3570 2235; baseline 0.007 -26"><span class='ocrx_word' id='word_1_288' title='bbox 1912 2158 2165 2212; x_wconf 82' lang='lat' dir='ltr'>stantius</span> <span class='ocrx_word' id='word_1_289' title='bbox 2223 2160 2535 2230; x_wconf 85' lang='lat' dir='ltr'>abrumpi,</span> <span class='ocrx_word' id='word_1_290' title='bbox 2589 2160 2642 2215; x_wconf 92' lang='lat' dir='ltr'>in</span> <span class='ocrx_word' id='word_1_291' title='bbox 2707 2162 3187 2218; x_wconf 82' lang='lat' dir='ltr'>sanctificationis</span> <span class='ocrx_word' id='word_1_292' title='bbox 3254 2164 3570 2235; x_wconf 87' lang='lat' dir='ltr'>puritatem</span> 
     </span>
    </p>
   </div>
   <div class='ocr_carea' id='block_1_51' title="bbox 1911 2247 3569 2322">
    <p class='ocr_par' dir='ltr' id='par_1_51' title="bbox 1911 2247 3569 2322">
     <span class='ocr_line' id='line_1_51' title="bbox 1911 2247 3569 2322; baseline 0.005 -24"><span class='ocrx_word' id='word_1_293' title='bbox 1911 2248 2153 2311; x_wconf 87' lang='lat' dir='ltr'>assumi,</span> <span class='ocrx_word' id='word_1_294' title='bbox 2193 2248 2248 2302; x_wconf 92' lang='lat' dir='ltr'>in</span> <span class='ocrx_word' id='word_1_295' title='bbox 2281 2247 2607 2304; x_wconf 79' lang='lat' dir='ltr'>declivioris</span> <span class='ocrx_word' id='word_1_296' title='bbox 2667 2250 2904 2304; x_wconf 88' lang='lat' dir='ltr'>ludibrii</span> <span class='ocrx_word' id='word_1_297' title='bbox 2946 2250 3295 2322; x_wconf 67' lang='lat' dir='ltr'>praeludium</span> <span class='ocrx_word' id='word_1_298' title='bbox 3327 2252 3569 2320; x_wconf 86' lang='lat' dir='ltr'>absolvi,</span> 
     </span>
    </p>
   </div>
   <div class='ocr_carea' id='block_1_52' title="bbox 1909 2333 3571 2412">
    <p class='ocr_par' dir='ltr' id='par_1_52' title="bbox 1909 2333 3571 2412">
     <span class='ocr_line' id='line_1_52' title="bbox 1909 2333 3571 2412; baseline 0.005 -26"><span class='ocrx_word' id='word_1_299' title='bbox 1909 2333 2302 2389; x_wconf 87' lang='lat' dir='ltr'>imbecillibus</span> <span class='ocrx_word' id='word_1_300' title='bbox 2354 2342 2527 2407; x_wconf 86' lang='lat' dir='ltr'>atque</span> <span class='ocrx_word' id='word_1_301' title='bbox 2567 2337 2765 2409; x_wconf 86' lang='lat' dir='ltr'>inopia</span> <span class='ocrx_word' id='word_1_302' title='bbox 2813 2338 3136 2412; x_wconf 75' lang='lat' dir='ltr'>profligatis</span> <span class='ocrx_word' id='word_1_303' title='bbox 3191 2345 3312 2395; x_wconf 88' lang='lat' dir='ltr'>tota</span> <span class='ocrx_word' id='word_1_304' title='bbox 3358 2340 3571 2396; x_wconf 87' lang='lat' dir='ltr'>mentis</span> 
     </span>
    </p>
   </div>
   <div class='ocr_carea' id='block_1_53' title="bbox 1910 2422 3569 2500">
    <p class='ocr_par' dir='ltr' id='par_1_53' title="bbox 1910 2422 3569 2500">
     <span class='ocr_line' id='line_1_53' title="bbox 1910 2422 3569 2500; baseline 0.005 -25"><span class='ocrx_word' id='word_1_305' title='bbox 1910 2422 2229 2478; x_wconf 89' lang='lat' dir='ltr'>intentione</span> <span class='ocrx_word' id='word_1_306' title='bbox 2260 2424 2529 2490; x_wconf 89' lang='lat' dir='ltr'>conferri,</span> <span class='ocrx_word' id='word_1_307' title='bbox 2564 2443 2628 2480; x_wconf 90' lang='lat' dir='ltr'>ac</span> <span class='ocrx_word' id='word_1_308' title='bbox 2661 2425 3012 2482; x_wconf 89' lang='lat' dir='ltr'>miserorum</span> <span class='ocrx_word' id='word_1_309' title='bbox 3045 2427 3300 2500; x_wconf 85' lang='lat' dir='ltr'>gemitus</span> <span class='ocrx_word' id='word_1_310' title='bbox 3335 2433 3399 2485; x_wconf 90' lang='lat' dir='ltr'>ut</span> <span class='ocrx_word' id='word_1_311' title='bbox 3429 2446 3569 2486; x_wconf 88' lang='lat' dir='ltr'>suos</span> 
     </span>
    </p>
   </div>
   <div class='ocr_carea' id='block_1_54' title="bbox 1909 2510 3573 2589">
    <p class='ocr_par' dir='ltr' id='par_1_54' title="bbox 1909 2510 3573 2589">
     <span class='ocr_line' id='line_1_54' title="bbox 1909 2510 3573 2589; baseline 0.006 -24"><span class='ocrx_word' id='word_1_312' title='bbox 1909 2510 2195 2567; x_wconf 84' lang='lat' dir='ltr'>adhiberi.</span> <span class='ocrx_word' id='word_1_313' title='bbox 2221 2514 2407 2567; x_wconf 85' lang='lat' dir='ltr'>Tanta</span> <span class='ocrx_word' id='word_1_314' title='bbox 2439 2529 2671 2584; x_wconf 89' lang='lat' dir='ltr'>quoque</span> <span class='ocrx_word' id='word_1_315' title='bbox 2704 2514 2763 2569; x_wconf 90' lang='lat' dir='ltr'>in</span> <span class='ocrx_word' id='word_1_316' title='bbox 2794 2531 2858 2569; x_wconf 89' lang='lat' dir='ltr'>eo</span> <span class='ocrx_word' id='word_1_317' title='bbox 2893 2515 3079 2571; x_wconf 86' lang='lat' dir='ltr'>fuerat</span> <span class='ocrx_word' id='word_1_318' title='bbox 3110 2516 3341 2572; x_wconf 81' lang='lat' dir='ltr'>virtutis</span> <span class='ocrx_word' id='word_1_319' title='bbox 3372 2522 3427 2573; x_wconf 89' lang='lat' dir='ltr'>et</span> <span class='ocrx_word' id='word_1_320' title='bbox 3457 2519 3573 2589; x_wconf 84' lang='lat' dir='ltr'>pie-</span> 
     </span>
    </p>
   </div>
   <div class='ocr_carea' id='block_1_55' title="bbox 1908 2600 3570 2678">
    <p class='ocr_par' dir='ltr' id='par_1_55' title="bbox 1908 2600 3570 2678">
     <span class='ocr_line' id='line_1_55' title="bbox 1908 2600 3570 2678; baseline 0.007 -26"><span class='ocrx_word' id='word_1_321' title='bbox 1908 2600 2047 2653; x_wconf 89' lang='lat' dir='ltr'>tatis</span> <span class='ocrx_word' id='word_1_322' title='bbox 2082 2600 2319 2666; x_wconf 86' lang='lat' dir='ltr'>infusio,</span> <span class='ocrx_word' id='word_1_323' title='bbox 2354 2605 2415 2655; x_wconf 89' lang='lat' dir='ltr'>ut</span> <span class='ocrx_word' id='word_1_324' title='bbox 2448 2619 2561 2657; x_wconf 89' lang='lat' dir='ltr'>non</span> <span class='ocrx_word' id='word_1_325' title='bbox 2613 2602 2801 2657; x_wconf 90' lang='lat' dir='ltr'>solum</span> <span class='ocrx_word' id='word_1_326' title='bbox 2837 2603 2970 2672; x_wconf 84' lang='lat' dir='ltr'>sibi,</span> <span class='ocrx_word' id='word_1_327' title='bbox 3000 2605 3100 2659; x_wconf 91' lang='lat' dir='ltr'>sed</span> <span class='ocrx_word' id='word_1_328' title='bbox 3144 2605 3320 2661; x_wconf 87' lang='lat' dir='ltr'>etiam</span> <span class='ocrx_word' id='word_1_329' title='bbox 3362 2623 3570 2678; x_wconf 87' lang='lat' dir='ltr'>paren-</span> 
     </span>
    </p>
   </div>
   <div class='ocr_carea' id='block_1_56' title="bbox 1908 2686 3567 2766">
    <p class='ocr_par' dir='ltr' id='par_1_56' title="bbox 1908 2686 3567 2766">
     <span class='ocr_line' id='line_1_56' title="bbox 1908 2686 3567 2766; baseline 0.004 -25"><span class='ocrx_word' id='word_1_330' title='bbox 1908 2686 2064 2741; x_wconf 78' lang='lat' dir='ltr'>tibus</span> <span class='ocrx_word' id='word_1_331' title='bbox 2112 2688 2273 2743; x_wconf 83' lang='lat' dir='ltr'>fieret</span> <span class='ocrx_word' id='word_1_332' title='bbox 2324 2690 2381 2743; x_wconf 92' lang='lat' dir='ltr'>in</span> <span class='ocrx_word' id='word_1_333' title='bbox 2431 2689 2704 2745; x_wconf 88' lang='lat' dir='ltr'>salutem.</span> <span class='ocrx_word' id='word_1_334' title='bbox 2741 2691 3036 2747; x_wconf 82' lang='lat' dir='ltr'>Naturalis</span> <span class='ocrx_word' id='word_1_335' title='bbox 3067 2709 3299 2764; x_wconf 86' lang='lat' dir='ltr'>quoque</span> <span class='ocrx_word' id='word_1_336' title='bbox 3346 2693 3567 2766; x_wconf 85' lang='lat' dir='ltr'>ingenii</span> 
     </span>
    </p>
   </div>
   <div class='ocr_carea' id='block_1_57' title="bbox 1906 2776 3567 2851">
    <p class='ocr_par' dir='ltr' id='par_1_57' title="bbox 1906 2776 3567 2851">
     <span class='ocr_line' id='line_1_57' title="bbox 1906 2776 3567 2851; baseline 0.005 -23"><span class='ocrx_word' id='word_1_337' title='bbox 1906 2776 2166 2830; x_wconf 84' lang='lat' dir='ltr'>efficacia</span> <span class='ocrx_word' id='word_1_338' title='bbox 2196 2776 2413 2832; x_wconf 85' lang='lat' dir='ltr'>caelesti</span> <span class='ocrx_word' id='word_1_339' title='bbox 2456 2778 2839 2850; x_wconf 85' lang='lat' dir='ltr'>inspiratione</span> <span class='ocrx_word' id='word_1_340' title='bbox 2881 2781 3261 2851; x_wconf 74' lang='lat' dir='ltr'>przecedente,</span> <span class='ocrx_word' id='word_1_341' title='bbox 3294 2779 3567 2838; x_wconf 84' lang='lat' dir='ltr'>Iitteralis</span> 
     </span>
    </p>
   </div>
   <div class='ocr_carea' id='block_1_58' title="bbox 1906 2865 3563 2942">
    <p class='ocr_par' dir='ltr' id='par_1_58' title="bbox 1906 2865 3563 2942">
     <span class='ocr_line' id='line_1_58' title="bbox 1906 2865 3563 2942; baseline 0.003 -23"><span class='ocrx_word' id='word_1_342' title='bbox 1906 2865 2226 2935; x_wconf 83' lang='lat' dir='ltr'>magisterii</span> <span class='ocrx_word' id='word_1_343' title='bbox 2245 2866 2619 2938; x_wconf 85' lang='lat' dir='ltr'>disciplinam</span> <span class='ocrx_word' id='word_1_344' title='bbox 2639 2868 2721 2922; x_wconf 90' lang='lat' dir='ltr'>sic</span> <span class='ocrx_word' id='word_1_345' title='bbox 2742 2867 2964 2936; x_wconf 77' lang='lat' dir='ltr'>dilexit,</span> <span class='ocrx_word' id='word_1_346' title='bbox 2981 2868 3063 2924; x_wconf 90' lang='lat' dir='ltr'>sic</span> <span class='ocrx_word' id='word_1_347' title='bbox 3081 2877 3171 2924; x_wconf 90' lang='lat' dir='ltr'>est</span> <span class='ocrx_word' id='word_1_348' title='bbox 3193 2875 3563 2942; x_wconf 88' lang='lat' dir='ltr'>prosecutus,</span> 
     </span>
    </p>
   </div>
   <div class='ocr_carea' id='block_1_59' title="bbox 1907 2954 3563 3029">
    <p class='ocr_par' dir='ltr' id='par_1_59' title="bbox 1907 2954 3563 3029">
     <span class='ocr_line' id='line_1_59' title="bbox 1907 2954 3563 3029; baseline 0.005 -22"><span class='ocrx_word' id='word_1_349' title='bbox 1907 2958 1971 3007; x_wconf 91' lang='lat' dir='ltr'>ut</span> <span class='ocrx_word' id='word_1_350' title='bbox 2003 2954 2297 3009; x_wconf 88' lang='lat' dir='ltr'>neminem</span> <span class='ocrx_word' id='word_1_351' title='bbox 2331 2956 2620 3010; x_wconf 86' lang='lat' dir='ltr'>consortis</span> <span class='ocrx_word' id='word_1_352' title='bbox 2660 2956 2885 3029; x_wconf 86' lang='lat' dir='ltr'>collegii</span> <span class='ocrx_word' id='word_1_353' title='bbox 2928 2959 3435 3029; x_wconf 89' lang='lat' dir='ltr'>perspicaciorem,</span> <span class='ocrx_word' id='word_1_354' title='bbox 3461 2977 3563 3016; x_wconf 89' lang='lat' dir='ltr'>ne-</span> 
     </span>
    </p>
   </div>
   <div class='ocr_carea' id='block_1_60' title="bbox 1906 3041 3562 3117">
    <p class='ocr_par' dir='ltr' id='par_1_60' title="bbox 1906 3041 3562 3117">
     <span class='ocr_line' id='line_1_60' title="bbox 1906 3041 3562 3117; baseline 0.004 -21"><span class='ocrx_word' id='word_1_355' title='bbox 1906 3041 2123 3096; x_wconf 90' lang='lat' dir='ltr'>minem</span> <span class='ocrx_word' id='word_1_356' title='bbox 2152 3044 2210 3096; x_wconf 91' lang='lat' dir='ltr'>in</span> <span class='ocrx_word' id='word_1_357' title='bbox 2243 3043 2335 3098; x_wconf 88' lang='lat' dir='ltr'>his</span> <span class='ocrx_word' id='word_1_358' title='bbox 2365 3045 2579 3099; x_wconf 89' lang='lat' dir='ltr'>studiis</span> <span class='ocrx_word' id='word_1_359' title='bbox 2621 3045 2889 3101; x_wconf 88' lang='lat' dir='ltr'>habuerit</span> <span class='ocrx_word' id='word_1_360' title='bbox 2919 3047 3359 3117; x_wconf 65' lang='lat' dir='ltr'>praecedentem.</span> <span class='ocrx_word' id='word_1_361' title='bbox 3385 3048 3562 3103; x_wconf 83' lang='lat' dir='ltr'>Cum-</span> 
     </span>
    </p>
   </div>
   <div class='ocr_carea' id='block_1_61' title="bbox 1905 3132 3570 3204">
    <p class='ocr_par' dir='ltr' id='par_1_61' title="bbox 1905 3132 3570 3204">
     <span class='ocr_line' id='line_1_61' title="bbox 1905 3132 3570 3204; baseline 0.005 -20"><span class='ocrx_word' id='word_1_362' title='bbox 1905 3148 2019 3202; x_wconf 89' lang='lat' dir='ltr'>que</span> <span class='ocrx_word' id='word_1_363' title='bbox 2053 3132 2317 3186; x_wconf 81' lang='lat' dir='ltr'>felicibus</span> <span class='ocrx_word' id='word_1_364' title='bbox 2351 3133 2632 3204; x_wconf 87' lang='lat' dir='ltr'>auspiciis</span> <span class='ocrx_word' id='word_1_365' title='bbox 2653 3134 2831 3188; x_wconf 88' lang='lat' dir='ltr'>divini</span> <span class='ocrx_word' id='word_1_366' title='bbox 2869 3135 3108 3191; x_wconf 81' lang='lat' dir='ltr'>fervoris</span> <span class='ocrx_word' id='word_1_367' title='bbox 3144 3136 3427 3192; x_wconf 88' lang='lat' dir='ltr'>instantia</span> <span class='ocrx_word' id='word_1_368' title='bbox 3446 3137 3570 3192; x_wconf 88' lang='lat' dir='ltr'>ani-</span> 
     </span>
    </p>
   </div>
   <div class='ocr_carea' id='block_1_62' title="bbox 1907 3220 3566 3292">
    <p class='ocr_par' dir='ltr' id='par_1_62' title="bbox 1907 3220 3566 3292">
     <span class='ocr_line' id='line_1_62' title="bbox 1907 3220 3566 3292; baseline 0.005 -19"><span class='ocrx_word' id='word_1_369' title='bbox 1907 3238 2035 3275; x_wconf 90' lang='lat' dir='ltr'>mos</span> <span class='ocrx_word' id='word_1_370' title='bbox 2096 3220 2408 3292; x_wconf 84' lang='lat' dir='ltr'>inspiraret</span> <span class='ocrx_word' id='word_1_371' title='bbox 2465 3222 2871 3291; x_wconf 83' lang='lat' dir='ltr'>adolescentis,</span> <span class='ocrx_word' id='word_1_372' title='bbox 2919 3242 2952 3278; x_wconf 91' lang='lat' dir='ltr'>a</span> <span class='ocrx_word' id='word_1_373' title='bbox 2991 3224 3272 3281; x_wconf 86' lang='lat' dir='ltr'>Romanis</span> <span class='ocrx_word' id='word_1_374' title='bbox 3328 3226 3566 3281; x_wconf 88' lang='lat' dir='ltr'>arcibus</span> 
     </span>
    </p>
   </div>
   <div class='ocr_carea' id='block_1_63' title="bbox 1907 3309 3566 3384">
    <p class='ocr_par' dir='ltr' id='par_1_63' title="bbox 1907 3309 3566 3384">
     <span class='ocr_line' id='line_1_63' title="bbox 1907 3309 3566 3384; baseline 0.004 -22"><span class='ocrx_word' id='word_1_375' title='bbox 1907 3309 2247 3365; x_wconf 74' lang='lat' dir='ltr'>Christianae</span> <span class='ocrx_word' id='word_1_376' title='bbox 2282 3311 2413 3365; x_wconf 81' lang='lat' dir='ltr'>fidei</span> <span class='ocrx_word' id='word_1_377' title='bbox 2447 3312 2600 3366; x_wconf 90' lang='lat' dir='ltr'>beati</span> <span class='ocrx_word' id='word_1_378' title='bbox 2649 3312 2797 3367; x_wconf 88' lang='lat' dir='ltr'>Petri</span> <span class='ocrx_word' id='word_1_379' title='bbox 2847 3313 3093 3384; x_wconf 89' lang='lat' dir='ltr'>apostoli</span> <span class='ocrx_word' id='word_1_380' title='bbox 3128 3313 3365 3369; x_wconf 88' lang='lat' dir='ltr'>solertia</span> <span class='ocrx_word' id='word_1_381' title='bbox 3394 3315 3566 3370; x_wconf 88' lang='lat' dir='ltr'>titulo</span> 
     </span>
    </p>
   </div>
   <div class='ocr_carea' id='block_1_64' title="bbox 1908 3396 3567 3473">
    <p class='ocr_par' dir='ltr' id='par_1_64' title="bbox 1908 3396 3567 3473">
     <span class='ocr_line' id='line_1_64' title="bbox 1908 3396 3567 3473; baseline 0.003 -22"><span class='ocrx_word' id='word_1_382' title='bbox 1908 3398 2170 3453; x_wconf 87' lang='lat' dir='ltr'>radiante</span> <span class='ocrx_word' id='word_1_383' title='bbox 2203 3399 2446 3454; x_wconf 85' lang='lat' dir='ltr'>Romam</span> <span class='ocrx_word' id='word_1_384' title='bbox 2481 3401 2797 3471; x_wconf 87' lang='lat' dir='ltr'>profectus,</span> <span class='ocrx_word' id='word_1_385' title='bbox 2822 3403 2951 3472; x_wconf 79' lang='lat' dir='ltr'>ejus</span> <span class='ocrx_word' id='word_1_386' title='bbox 2974 3420 3146 3473; x_wconf 85' lang='lat' dir='ltr'>quem</span> <span class='ocrx_word' id='word_1_387' title='bbox 3177 3404 3312 3457; x_wconf 88' lang='lat' dir='ltr'>totis</span> <span class='ocrx_word' id='word_1_388' title='bbox 3336 3396 3567 3458; x_wconf 80' lang='lat' dir='ltr'>visceri-</span> 
     </span>
    </p>
   </div>
   <div class='ocr_carea' id='block_1_65' title="bbox 1906 3487 3563 3563">
    <p class='ocr_par' dir='ltr' id='par_1_65' title="bbox 1906 3487 3563 3563">
     <span class='ocr_line' id='line_1_65' title="bbox 1906 3487 3563 3563; baseline 0.002 -22"><span class='ocrx_word' id='word_1_389' title='bbox 1906 3488 2017 3542; x_wconf 89' lang='lat' dir='ltr'>bus</span> <span class='ocrx_word' id='word_1_390' title='bbox 2039 3487 2352 3555; x_wconf 85' lang='lat' dir='ltr'>ambiebat,</span> <span class='ocrx_word' id='word_1_391' title='bbox 2378 3505 2595 3559; x_wconf 63' lang='lat' dir='ltr'>priean</span> <span class='ocrx_word' id='word_1_392' title='bbox 2607 3490 2748 3543; x_wconf 88' lang='lat' dir='ltr'>tiam</span> <span class='ocrx_word' id='word_1_393' title='bbox 2770 3491 3004 3561; x_wconf 78' lang='lat' dir='ltr'>expetit,</span> <span class='ocrx_word' id='word_1_394' title='bbox 3030 3495 3205 3562; x_wconf 89' lang='lat' dir='ltr'>atque</span> <span class='ocrx_word' id='word_1_395' title='bbox 3228 3492 3563 3563; x_wconf 69' lang='lat' dir='ltr'>apostolica:</span> 
     </span>
    </p>
   </div>
   <div class='ocr_carea' id='block_1_66' title="bbox 1908 3576 3561 3647">
    <p class='ocr_par' dir='ltr' id='par_1_66' title="bbox 1908 3576 3561 3647">
     <span class='ocr_line' id='line_1_66' title="bbox 1908 3576 3561 3647; baseline 0.004 -20"><span class='ocrx_word' id='word_1_396' title='bbox 1908 3576 2293 3643; x_wconf 74' lang='lat' dir='ltr'>institutionis</span> <span class='ocrx_word' id='word_1_397' title='bbox 2340 3577 2677 3645; x_wconf 86' lang='lat' dir='ltr'>magisterio</span> <span class='ocrx_word' id='word_1_398' title='bbox 2708 3594 2768 3631; x_wconf 91' lang='lat' dir='ltr'>se</span> <span class='ocrx_word' id='word_1_399' title='bbox 2819 3578 3062 3647; x_wconf 86' lang='lat' dir='ltr'>abjectis</span> <span class='ocrx_word' id='word_1_400' title='bbox 3097 3578 3374 3634; x_wconf 89' lang='lat' dir='ltr'>omnibus</span> <span class='ocrx_word' id='word_1_401' title='bbox 3415 3579 3561 3633; x_wconf 86' lang='lat' dir='ltr'>sub-</span> 
     </span>
    </p>
   </div>
   <div class='ocr_carea' id='block_1_67' title="bbox 1906 3662 3562 3736">
    <p class='ocr_par' dir='ltr' id='par_1_67' title="bbox 1906 3662 3562 3736">
     <span class='ocr_line' id='line_1_67' title="bbox 1906 3662 3562 3736; baseline 0.002 -18"><span class='ocrx_word' id='word_1_402' title='bbox 1906 3663 2071 3729; x_wconf 89' lang='lat' dir='ltr'>dens,</span> <span class='ocrx_word' id='word_1_403' title='bbox 2096 3664 2155 3717; x_wconf 90' lang='lat' dir='ltr'>in</span> <span class='ocrx_word' id='word_1_404' title='bbox 2178 3680 2311 3718; x_wconf 89' lang='lat' dir='ltr'>eum</span> <span class='ocrx_word' id='word_1_405' title='bbox 2333 3662 2536 3735; x_wconf 78' lang='lat' dir='ltr'>injecit</span> <span class='ocrx_word' id='word_1_406' title='bbox 2562 3664 2782 3734; x_wconf 89' lang='lat' dir='ltr'>oculos,</span> <span class='ocrx_word' id='word_1_407' title='bbox 2808 3665 2977 3736; x_wconf 83' lang='lat' dir='ltr'>cujus</span> <span class='ocrx_word' id='word_1_408' title='bbox 3005 3665 3247 3721; x_wconf 84' lang='lat' dir='ltr'>ardebat</span> <span class='ocrx_word' id='word_1_409' title='bbox 3272 3665 3562 3722; x_wconf 87' lang='lat' dir='ltr'>desiderio</span> 
     </span>
    </p>
   </div>
   <div class='ocr_carea' id='block_1_68' title="bbox 1906 3752 3561 3827">
    <p class='ocr_par' dir='ltr' id='par_1_68' title="bbox 1906 3752 3561 3827">
     <span class='ocr_line' id='line_1_68' title="bbox 1906 3752 3561 3827; baseline 0.002 -20"><span class='ocrx_word' id='word_1_410' title='bbox 1906 3753 2254 3808; x_wconf 83' lang='lat' dir='ltr'>sanctitatis.</span> <span class='ocrx_word' id='word_1_411' title='bbox 2277 3752 2497 3824; x_wconf 86' lang='lat' dir='ltr'>Insigni</span> <span class='ocrx_word' id='word_1_412' title='bbox 2540 3753 2735 3824; x_wconf 86' lang='lat' dir='ltr'>itaque</span> <span class='ocrx_word' id='word_1_413' title='bbox 2759 3753 3087 3809; x_wconf 86' lang='lat' dir='ltr'>divincrum</span> <span class='ocrx_word' id='word_1_414' title='bbox 3131 3771 3374 3826; x_wconf 89' lang='lat' dir='ltr'>operum</span> <span class='ocrx_word' id='word_1_415' title='bbox 3416 3771 3561 3827; x_wconf 73' lang='lat' dir='ltr'>prze~</span> 
     </span>
    </p>
   </div>
   <div class='ocr_carea' id='block_1_69' title="bbox 1906 3840 3564 3916">
    <p class='ocr_par' dir='ltr' id='par_1_69' title="bbox 1906 3840 3564 3916">
     <span class='ocr_line' id='line_1_69' title="bbox 1906 3840 3564 3916; baseline 0.002 -21"><span class='ocrx_word' id='word_1_416' title='bbox 1906 3841 2071 3896; x_wconf 90' lang='lat' dir='ltr'>conio</span> <span class='ocrx_word' id='word_1_417' title='bbox 2116 3846 2429 3913; x_wconf 70' lang='lat' dir='ltr'>praeeunte,</span> <span class='ocrx_word' id='word_1_418' title='bbox 2472 3840 2769 3898; x_wconf 75' lang='lat' dir='ltr'>catholicze</span> <span class='ocrx_word' id='word_1_419' title='bbox 2822 3842 3254 3899; x_wconf 89' lang='lat' dir='ltr'>informationis</span> <span class='ocrx_word' id='word_1_420' title='bbox 3301 3841 3564 3916; x_wconf 67' lang='lat' dir='ltr'>prmlegit</span> 
     </span>
    </p>
   </div>
   <div class='ocr_carea' id='block_1_70' title="bbox 1906 3929 3562 4003">
    <p class='ocr_par' dir='ltr' id='par_1_70' title="bbox 1906 3929 3562 4003">
     <span class='ocr_line' id='line_1_70' title="bbox 1906 3929 3562 4003; baseline 0.001 -20"><span class='ocrx_word' id='word_1_421' title='bbox 1906 3930 2251 4002; x_wconf 88' lang='lat' dir='ltr'>principem,</span> <span class='ocrx_word' id='word_1_422' title='bbox 2277 3931 2346 3984; x_wconf 87' lang='lat' dir='ltr'>de</span> <span class='ocrx_word' id='word_1_423' title='bbox 2375 3931 2545 4000; x_wconf 86' lang='lat' dir='ltr'>cujus</span> <span class='ocrx_word' id='word_1_424' title='bbox 2580 3930 2735 3985; x_wconf 84' lang='lat' dir='ltr'>fonte</span> <span class='ocrx_word' id='word_1_425' title='bbox 2769 3936 3027 3986; x_wconf 88' lang='lat' dir='ltr'>sumeret</span> <span class='ocrx_word' id='word_1_426' title='bbox 3057 3932 3213 4003; x_wconf 89' lang='lat' dir='ltr'>quod</span> <span class='ocrx_word' id='word_1_427' title='bbox 3239 3929 3562 3987; x_wconf 85' lang='lat' dir='ltr'>verissimis</span> 
     </span>
    </p>
   </div>
   <div class='ocr_carea' id='block_1_71' title="bbox 1908 4018 3431 4092">
    <p class='ocr_par' dir='ltr' id='par_1_71' title="bbox 1908 4018 3431 4092">
     <span class='ocr_line' id='line_1_71' title="bbox 1908 4018 3431 4092; baseline 0 -19"><span class='ocrx_word' id='word_1_428' title='bbox 1908 4018 2276 4087; x_wconf 88' lang='lat' dir='ltr'>testimoniis,</span> <span class='ocrx_word' id='word_1_429' title='bbox 2310 4025 2372 4073; x_wconf 88' lang='lat' dir='ltr'>ut</span> <span class='ocrx_word' id='word_1_430' title='bbox 2408 4020 2617 4091; x_wconf 86' lang='lat' dir='ltr'>patuit,</span> <span class='ocrx_word' id='word_1_431' title='bbox 2653 4020 3031 4091; x_wconf 88' lang='lat' dir='ltr'>postmodum</span> <span class='ocrx_word' id='word_1_432' title='bbox 3062 4020 3431 4092; x_wconf 84' lang='lat' dir='ltr'>approbaret.</span> 
     </span>
    </p>
   </div>
   <div class='ocr_carea' id='block_1_72' title="bbox 2549 4124 2916 4182">
    <p class='ocr_par' dir='ltr' id='par_1_72' title="bbox 2549 4124 2916 4182">
     <span class='ocr_line' id='line_1_72' title="bbox 2549 4124 2916 4182; baseline -0.003 -1"><span class='ocrx_word' id='word_1_433' title='bbox 2549 4124 2782 4182; x_wconf 78' lang='lat' dir='ltr'>CAPUT</span> <span class='ocrx_word' id='word_1_434' title='bbox 2820 4127 2916 4182; x_wconf 93' lang='lat' dir='ltr'><strong>IlI.</strong></span> 
     </span>
    </p>
   </div>
   <div class='ocr_carea' id='block_1_73' title="bbox 1910 4190 3568 4288">
    <p class='ocr_par' dir='ltr' id='par_1_73' title="bbox 1910 4190 3568 4288">
     <span class='ocr_line' id='line_1_73' title="bbox 1910 4190 3568 4288; baseline 0 -17"><span class='ocrx_word' id='word_1_435' title='bbox 1910 4215 2059 4283; x_wconf 82' lang='lat' dir='ltr'>Quod</span> <span class='ocrx_word' id='word_1_436' title='bbox 2092 4215 2274 4269; x_wconf 69' lang='lat' dir='ltr'>beatus</span> <span class='ocrx_word' id='word_1_437' title='bbox 2306 4215 2497 4270; x_wconf 77' lang='lat' dir='ltr'>Petrus</span> <span class='ocrx_word' id='word_1_438' title='bbox 2530 4232 2654 4288; x_wconf 76' lang='lat' dir='ltr'>cum</span> <span class='ocrx_word' id='word_1_439' title='bbox 2686 4216 2797 4270; x_wconf 77' lang='lat' dir='ltr'>sibi</span> <span class='ocrx_word' id='word_1_440' title='bbox 2822 4219 3055 4271; x_wconf 75' lang='lat' dir='ltr'>ascitum</span> <span class='ocrx_word' id='word_1_441' title='bbox 3081 4190 3205 4271; x_wconf 61' lang='lat' dir='ltr'>alim</span> <span class='ocrx_word' id='word_1_442' title='bbox 3236 4217 3367 4271; x_wconf 74' lang='lat' dir='ltr'>aliis</span> <span class='ocrx_word' id='word_1_443' title='bbox 3394 4217 3568 4288; x_wconf 81' lang='lat' dir='ltr'>perfe-</span> 
     </span>
    </p>
   </div>
   <div class='ocr_carea' id='block_1_74' title="bbox 2040 4286 3433 4358">
    <p class='ocr_par' dir='ltr' id='par_1_74' title="bbox 2040 4286 3433 4358">
     <span class='ocr_line' id='line_1_74' title="bbox 2040 4286 3433 4358; baseline 0.001 -19"><span class='ocrx_word' id='word_1_444' title='bbox 2040 4289 2298 4341; x_wconf 72' lang='lat' dir='ltr'>ctissimis</span> <span class='ocrx_word' id='word_1_445' title='bbox 2328 4289 2482 4351; x_wconf 78' lang='lat' dir='ltr'>viris,</span> <span class='ocrx_word' id='word_1_446' title='bbox 2516 4289 2572 4340; x_wconf 86' lang='lat' dir='ltr'>in</span> <span class='ocrx_word' id='word_1_447' title='bbox 2609 4286 2813 4342; x_wconf 76' lang='lat' dir='ltr'>Gallias</span> <span class='ocrx_word' id='word_1_448' title='bbox 2843 4289 2999 4358; x_wconf 77' lang='lat' dir='ltr'>eligit</span> <span class='ocrx_word' id='word_1_449' title='bbox 3026 4286 3433 4343; x_wconf 72' lang='lat' dir='ltr'>destinanduni.</span> 
     </span>
    </p>
   </div>
   <div class='ocr_carea' id='block_1_75' title="bbox 1976 4374 3563 4446">
    <p class='ocr_par' dir='ltr' id='par_1_75' title="bbox 1976 4374 3563 4446">
     <span class='ocr_line' id='line_1_75' title="bbox 1976 4374 3563 4446; baseline 0.001 -18"><span class='ocrx_word' id='word_1_450' title='bbox 1976 4374 2194 4429; x_wconf 79' lang='lat' dir='ltr'>Videns</span> <span class='ocrx_word' id='word_1_451' title='bbox 2226 4380 2422 4429; x_wconf 86' lang='lat' dir='ltr'>autem</span> <span class='ocrx_word' id='word_1_452' title='bbox 2454 4374 2662 4429; x_wconf 89' lang='lat' dir='ltr'>beatus</span> <span class='ocrx_word' id='word_1_453' title='bbox 2695 4375 2898 4429; x_wconf 88' lang='lat' dir='ltr'>Petrus</span> <span class='ocrx_word' id='word_1_454' title='bbox 2937 4375 3119 4431; x_wconf 89' lang='lat' dir='ltr'>futuri</span> <span class='ocrx_word' id='word_1_455' title='bbox 3151 4380 3467 4446; x_wconf 88' lang='lat' dir='ltr'>proventus</span> <span class='ocrx_word' id='word_1_456' title='bbox 3497 4391 3563 4429; x_wconf 89' lang='lat' dir='ltr'>ac</span> 
     </span>
    </p>
   </div>
   <div class='ocr_carea' id='block_1_76' title="bbox 1906 4462 3563 4534">
    <p class='ocr_par' dir='ltr' id='par_1_76' title="bbox 1906 4462 3563 4534">
     <span class='ocr_line' id='line_1_76' title="bbox 1906 4462 3563 4534; baseline -0.001 -16"><span class='ocrx_word' id='word_1_457' title='bbox 1906 4464 2192 4518; x_wconf 87' lang='lat' dir='ltr'>bonarum</span> <span class='ocrx_word' id='word_1_458' title='bbox 2213 4463 2497 4517; x_wconf 86' lang='lat' dir='ltr'>virtutum</span> <span class='ocrx_word' id='word_1_459' title='bbox 2520 4462 2577 4517; x_wconf 90' lang='lat' dir='ltr'>in</span> <span class='ocrx_word' id='word_1_460' title='bbox 2601 4479 2666 4516; x_wconf 90' lang='lat' dir='ltr'>eo</span> <span class='ocrx_word' id='word_1_461' title='bbox 2690 4463 2861 4534; x_wconf 86' lang='lat' dir='ltr'>signa</span> <span class='ocrx_word' id='word_1_462' title='bbox 2886 4463 3130 4527; x_wconf 86' lang='lat' dir='ltr'>radiare,</span> <span class='ocrx_word' id='word_1_463' title='bbox 3158 4467 3214 4517; x_wconf 91' lang='lat' dir='ltr'>et</span> <span class='ocrx_word' id='word_1_464' title='bbox 3236 4462 3563 4518; x_wconf 85' lang='lat' dir='ltr'>claritatem</span> 
     </span>
    </p>
   </div>
   <div class='ocr_carea' id='block_1_77' title="bbox 1907 4550 3558 4623">
    <p class='ocr_par' dir='ltr' id='par_1_77' title="bbox 1907 4550 3558 4623">
     <span class='ocr_line' id='line_1_77' title="bbox 1907 4550 3558 4623; baseline 0 -18"><span class='ocrx_word' id='word_1_465' title='bbox 1907 4568 2171 4623; x_wconf 60' lang='lat' dir='ltr'>superna:</span> <span class='ocrx_word' id='word_1_466' title='bbox 2208 4550 2615 4606; x_wconf 89' lang='lat' dir='ltr'>illustrationis</span> <span class='ocrx_word' id='word_1_467' title='bbox 2653 4551 2982 4606; x_wconf 88' lang='lat' dir='ltr'>manifestis</span> <span class='ocrx_word' id='word_1_468' title='bbox 3024 4551 3257 4606; x_wconf 90' lang='lat' dir='ltr'>indiciis</span> <span class='ocrx_word' id='word_1_469' title='bbox 3286 4551 3558 4617; x_wconf 88' lang='lat' dir='ltr'>emicare,</span> 
     </span>
    </p>
   </div>
   <div class='ocr_carea' id='block_1_78' title="bbox 1908 4639 3561 4711">
    <p class='ocr_par' dir='ltr' id='par_1_78' title="bbox 1908 4639 3561 4711">
     <span class='ocr_line' id='line_1_78' title="bbox 1908 4639 3561 4711; baseline 0 -18"><span class='ocrx_word' id='word_1_470' title='bbox 1908 4645 2068 4695; x_wconf 86' lang='lat' dir='ltr'>tanto</span> <span class='ocrx_word' id='word_1_471' title='bbox 2101 4640 2292 4694; x_wconf 85' lang='lat' dir='ltr'>areius</span> <span class='ocrx_word' id='word_1_472' title='bbox 2324 4641 2558 4694; x_wconf 84' lang='lat' dir='ltr'>beatum</span> <span class='ocrx_word' id='word_1_473' title='bbox 2591 4639 2782 4693; x_wconf 74' lang='lat' dir='ltr'>virum</span> <span class='ocrx_word' id='word_1_474' title='bbox 2806 4640 2876 4693; x_wconf 87' lang='lat' dir='ltr'>ad</span> <span class='ocrx_word' id='word_1_475' title='bbox 2900 4639 3130 4694; x_wconf 68' lang='lat' dir='ltr'>caeleste</span> <span class='ocrx_word' id='word_1_476' title='bbox 3156 4639 3561 4711; x_wconf 82' lang='lat' dir='ltr'>magisterium</span> 
     </span>
    </p>
   </div>
   <div class='ocr_carea' id='block_1_79' title="bbox 220 4711 3566 4806">
    <p class='ocr_par' dir='ltr' id='par_1_79' title="bbox 220 4711 3566 4806">
     <span class='ocr_line' id='line_1_79' title="bbox 220 4711 3566 4806; baseline 0.001 -27"><span class='ocrx_word' id='word_1_477' title='bbox 220 4725 292 4781; x_wconf 83' lang='lat' dir='ltr'>Ea</span> <span class='ocrx_word' id='word_1_478' title='bbox 320 4733 688 4801; x_wconf 85' lang='lat' dir='ltr'>tempestate,</span> <span class='ocrx_word' id='word_1_479' title='bbox 724 4734 789 4784; x_wconf 92' lang='lat' dir='ltr'>ut</span> <span class='ocrx_word' id='word_1_480' title='bbox 818 4730 1120 4801; x_wconf 85' lang='lat' dir='ltr'>scripturae</span> <span class='ocrx_word' id='word_1_481' title='bbox 1154 4731 1505 4786; x_wconf 88' lang='lat' dir='ltr'>documento</span> <span class='ocrx_word' id='word_1_482' title='bbox 1536 4734 1795 4806; x_wconf 85' lang='lat' dir='ltr'>percepi-</span> <span class='ocrx_word' id='word_1_483' title='bbox 1827 4711 1874 4776; x_wconf 82' lang='lat' dir='ltr'><strong>D</strong></span> <span class='ocrx_word' id='word_1_484' title='bbox 1907 4729 2267 4784; x_wconf 89' lang='lat' dir='ltr'>edocendum</span> <span class='ocrx_word' id='word_1_485' title='bbox 2291 4729 2402 4784; x_wconf 80' lang='lat' dir='ltr'>sibi</span> <span class='ocrx_word' id='word_1_486' title='bbox 2424 4728 2633 4784; x_wconf 80' lang='lat' dir='ltr'>virtute</span> <span class='ocrx_word' id='word_1_487' title='bbox 2660 4729 3045 4783; x_wconf 79' lang='lat' dir='ltr'>confessionis</span> <span class='ocrx_word' id='word_1_488' title='bbox 3069 4729 3566 4801; x_wconf 82' lang='lat' dir='ltr'>asciverat,quan-</span> 
     </span>
    </p>
   </div>
   <div class='ocr_carea' id='block_1_80' title="bbox 163 4818 1799 4887">
    <p class='ocr_par' dir='ltr' id='par_1_80' title="bbox 163 4818 1799 4887">
     <span class='ocr_line' id='line_1_80' title="bbox 163 4818 1799 4887; baseline 0.007 -21"><span class='ocrx_word' id='word_1_489' title='bbox 163 4825 299 4881; x_wconf 86' lang='lat' dir='ltr'>mus,</span> <span class='ocrx_word' id='word_1_490' title='bbox 322 4818 561 4887; x_wconf 89' lang='lat' dir='ltr'>quidam</span> <span class='ocrx_word' id='word_1_491' title='bbox 592 4823 806 4872; x_wconf 68' lang='lat' dir='ltr'>sanctae</span> <span class='ocrx_word' id='word_1_492' title='bbox 840 4818 1054 4873; x_wconf 86' lang='lat' dir='ltr'>indolis</span> <span class='ocrx_word' id='word_1_493' title='bbox 1087 4820 1274 4874; x_wconf 91' lang='lat' dir='ltr'>fuerat</span> <span class='ocrx_word' id='word_1_494' title='bbox 1305 4820 1663 4887; x_wconf 86' lang='lat' dir='ltr'>adolescens,</span> <span class='ocrx_word' id='word_1_495' title='bbox 1691 4841 1799 4877; x_wconf 86' lang='lat' dir='ltr'>no—</span> 
     </span>
    </p>
   </div>
   <div class='ocr_carea' id='block_1_81' title="bbox 164 4901 1795 4978">
    <p class='ocr_par' dir='ltr' id='par_1_81' title="bbox 164 4901 1795 4978">
     <span class='ocr_line' id='line_1_81' title="bbox 164 4901 1795 4978; baseline 0.009 -26"><span class='ocrx_word' id='word_1_496' title='bbox 164 4901 302 4957; x_wconf 85' lang='lat' dir='ltr'>mine</span> <span class='ocrx_word' id='word_1_497' title='bbox 332 4904 697 4974; x_wconf 86' lang='lat' dir='ltr'>Mansuetus,</span> <span class='ocrx_word' id='word_1_498' title='bbox 734 4906 1148 4963; x_wconf 85' lang='lat' dir='ltr'>transmarinis</span> <span class='ocrx_word' id='word_1_499' title='bbox 1198 4910 1462 4978; x_wconf 84' lang='lat' dir='ltr'>partibus</span> <span class='ocrx_word' id='word_1_500' title='bbox 1512 4911 1795 4966; x_wconf 85' lang='lat' dir='ltr'>nobilium</span> 
     </span>
    </p>
   </div>
   <div class='ocr_carea' id='block_1_82' title="bbox 163 4989 1795 5069">
    <p class='ocr_par' dir='ltr' id='par_1_82' title="bbox 163 4989 1795 5069">
     <span class='ocr_line' id='line_1_82' title="bbox 163 4989 1795 5069; baseline 0.007 -27"><span class='ocrx_word' id='word_1_501' title='bbox 163 4989 378 5057; x_wconf 87' lang='lat' dir='ltr'>quidem</span> <span class='ocrx_word' id='word_1_502' title='bbox 439 4995 793 5051; x_wconf 88' lang='lat' dir='ltr'>Scothorum</span> <span class='ocrx_word' id='word_1_503' title='bbox 842 4996 999 5050; x_wconf 84' lang='lat' dir='ltr'>clara</span> <span class='ocrx_word' id='word_1_504' title='bbox 1056 4997 1329 5068; x_wconf 75' lang='lat' dir='ltr'>progenie</span> <span class='ocrx_word' id='word_1_505' title='bbox 1391 5000 1645 5069; x_wconf 72' lang='lat' dir='ltr'>genitas,</span> <span class='ocrx_word' id='word_1_506' title='bbox 1696 5002 1795 5055; x_wconf 80' lang='lat' dir='ltr'>sed</span> 
     </span>
    </p>
   </div>
   <div class='ocr_carea' id='block_1_83' title="bbox 166 5080 1796 5157">
    <p class='ocr_par' dir='ltr' id='par_1_83' title="bbox 166 5080 1796 5157">
     <span class='ocr_line' id='line_1_83' title="bbox 166 5080 1796 5157; baseline 0.006 -26"><span class='ocrx_word' id='word_1_507' title='bbox 166 5080 358 5138; x_wconf 87' lang='lat' dir='ltr'>mentis</span> <span class='ocrx_word' id='word_1_508' title='bbox 388 5085 633 5157; x_wconf 72' lang='lat' dir='ltr'>egregiae</span> <span class='ocrx_word' id='word_1_509' title='bbox 667 5085 969 5140; x_wconf 87' lang='lat' dir='ltr'>nobilitate</span> <span class='ocrx_word' id='word_1_510' title='bbox 995 5087 1178 5140; x_wconf 90' lang='lat' dir='ltr'>multo</span> <span class='ocrx_word' id='word_1_511' title='bbox 1208 5088 1520 5156; x_wconf 83' lang='lat' dir='ltr'>pretiosius</span> <span class='ocrx_word' id='word_1_512' title='bbox 1553 5089 1796 5157; x_wconf 74' lang='lat' dir='ltr'>insigni-</span> 
     </span>
    </p>
   </div>
   <div class='ocr_carea' id='block_1_84' title="bbox 163 5168 1801 5246">
    <p class='ocr_par' dir='ltr' id='par_1_84' title="bbox 163 5168 1801 5246">
     <span class='ocr_line' id='line_1_84' title="bbox 163 5168 1801 5246; baseline 0.007 -25"><span class='ocrx_word' id='word_1_513' title='bbox 163 5168 387 5233; x_wconf 80' lang='lat' dir='ltr'>tus.Quo</span> <span class='ocrx_word' id='word_1_514' title='bbox 403 5173 672 5229; x_wconf 86' lang='lat' dir='ltr'>videlicet</span> <span class='ocrx_word' id='word_1_515' title='bbox 695 5179 902 5229; x_wconf 61' lang='lat' dir='ltr'>tenera:</span> <span class='ocrx_word' id='word_1_516' title='bbox 924 5176 1114 5229; x_wconf 85' lang='lat' dir='ltr'>adhuc</span> <span class='ocrx_word' id='word_1_517' title='bbox 1133 5175 1319 5229; x_wconf 66' lang='lat' dir='ltr'>aetatis</span> <span class='ocrx_word' id='word_1_518' title='bbox 1338 5192 1648 5246; x_wconf 81' lang='lat' dir='ltr'>progressu</span> <span class='ocrx_word' id='word_1_519' title='bbox 1670 5195 1801 5231; x_wconf 85' lang='lat' dir='ltr'>con-</span> 
     </span>
    </p>
   </div>
   <div class='ocr_carea' id='block_1_85' title="bbox 164 5252 1797 5335">
    <p class='ocr_par' dir='ltr' id='par_1_85' title="bbox 164 5252 1797 5335">
     <span class='ocr_line' id='line_1_85' title="bbox 164 5252 1797 5335; baseline 0.01 -30"><span class='ocrx_word' id='word_1_520' title='bbox 164 5252 560 5325; x_wconf 85' lang='lat' dir='ltr'>sistente,cum</span> <span class='ocrx_word' id='word_1_521' title='bbox 602 5264 887 5335; x_wconf 70' lang='lat' dir='ltr'>przesagio</span> <span class='ocrx_word' id='word_1_522' title='bbox 923 5264 1181 5318; x_wconf 88' lang='lat' dir='ltr'>nominis</span> <span class='ocrx_word' id='word_1_523' title='bbox 1213 5264 1639 5335; x_wconf 80' lang='lat' dir='ltr'>provehcbatur</span> <span class='ocrx_word' id='word_1_524' title='bbox 1676 5266 1797 5321; x_wconf 89' lang='lat' dir='ltr'>cul-</span> 
     </span>
    </p>
   </div>
   <div class='ocr_carea' id='block_1_86' title="bbox 164 5342 1800 5416">
    <p class='ocr_par' dir='ltr' id='par_1_86' title="bbox 164 5342 1800 5416">
     <span class='ocr_line' id='line_1_86' title="bbox 164 5342 1800 5416; baseline 0.01 -23"><span class='ocrx_word' id='word_1_525' title='bbox 164 5342 302 5399; x_wconf 88' lang='lat' dir='ltr'>mine</span> <span class='ocrx_word' id='word_1_526' title='bbox 318 5349 671 5416; x_wconf 87' lang='lat' dir='ltr'>sanctitatis,</span> <span class='ocrx_word' id='word_1_527' title='bbox 686 5352 952 5407; x_wconf 88' lang='lat' dir='ltr'>moribus</span> <span class='ocrx_word' id='word_1_528' title='bbox 964 5352 1243 5406; x_wconf 85' lang='lat' dir='ltr'>vocabulo</span> <span class='ocrx_word' id='word_1_529' title='bbox 1260 5354 1720 5408; x_wconf 87' lang='lat' dir='ltr'>consonantibus</span> <span class='ocrx_word' id='word_1_530' title='bbox 1738 5373 1800 5410; x_wconf 90' lang='lat' dir='ltr'>se</span> 
     </span>
    </p>
   </div>
   <div class='ocr_carea' id='block_1_87' title="bbox 165 5437 1795 5512">
    <p class='ocr_par' dir='ltr' id='par_1_87' title="bbox 165 5437 1795 5512">
     <span class='ocr_line' id='line_1_87' title="bbox 165 5437 1795 5512; baseline 0.008 -29"><span class='ocrx_word' id='word_1_531' title='bbox 165 5442 373 5504; x_wconf 85' lang='lat' dir='ltr'>semper</span> <span class='ocrx_word' id='word_1_532' title='bbox 401 5437 717 5493; x_wconf 88' lang='lat' dir='ltr'>sublimior</span> <span class='ocrx_word' id='word_1_533' title='bbox 741 5440 1018 5496; x_wconf 87' lang='lat' dir='ltr'>studebat</span> <span class='ocrx_word' id='word_1_534' title='bbox 1037 5440 1163 5495; x_wconf 84' lang='lat' dir='ltr'>fieri</span> <span class='ocrx_word' id='word_1_535' title='bbox 1196 5446 1509 5512; x_wconf 87' lang='lat' dir='ltr'>augmento</span> <span class='ocrx_word' id='word_1_536' title='bbox 1543 5442 1795 5512; x_wconf 87' lang='lat' dir='ltr'>pietatis.</span> 
     </span>
    </p>
   </div>
   <div class='ocr_carea' id='block_1_88' title="bbox 166 5518 1797 5602">
    <p class='ocr_par' dir='ltr' id='par_1_88' title="bbox 166 5518 1797 5602">
     <span class='ocr_line' id='line_1_88' title="bbox 166 5518 1797 5602; baseline 0.004 -22"><span class='ocrx_word' id='word_1_537' title='bbox 166 5518 257 5580; x_wconf 82' lang='lat' dir='ltr'>Qui</span> <span class='ocrx_word' id='word_1_538' title='bbox 278 5539 409 5579; x_wconf 89' lang='lat' dir='ltr'>cum</span> <span class='ocrx_word' id='word_1_539' title='bbox 436 5528 661 5583; x_wconf 61' lang='lat' dir='ltr'>caeteris</span> <span class='ocrx_word' id='word_1_540' title='bbox 683 5529 970 5584; x_wconf 89' lang='lat' dir='ltr'>bonorum</span> <span class='ocrx_word' id='word_1_541' title='bbox 993 5547 1235 5602; x_wconf 88' lang='lat' dir='ltr'>operum</span> <span class='ocrx_word' id='word_1_542' title='bbox 1254 5530 1466 5584; x_wconf 90' lang='lat' dir='ltr'>studiis</span> <span class='ocrx_word' id='word_1_543' title='bbox 1488 5548 1631 5585; x_wconf 71' lang='lat' dir='ltr'>verze</span> <span class='ocrx_word' id='word_1_544' title='bbox 1657 5533 1797 5587; x_wconf 82' lang='lat' dir='ltr'>exti-</span> 
     </span>
    </p>
   </div>
   <div class='ocr_carea' id='block_1_89' title="bbox 167 5607 1802 5691">
    <p class='ocr_par' dir='ltr' id='par_1_89' title="bbox 167 5607 1802 5691">
     <span class='ocr_line' id='line_1_89' title="bbox 167 5607 1802 5691; baseline 0.007 -27"><span class='ocrx_word' id='word_1_545' title='bbox 167 5607 296 5665; x_wconf 72' lang='lat' dir='ltr'>terat</span> <span class='ocrx_word' id='word_1_546' title='bbox 317 5618 541 5670; x_wconf 83' lang='lat' dir='ltr'>amator</span> <span class='ocrx_word' id='word_1_547' title='bbox 562 5616 925 5685; x_wconf 62' lang='lat' dir='ltr'>innocentia,</span> <span class='ocrx_word' id='word_1_548' title='bbox 942 5620 1023 5674; x_wconf 88' lang='lat' dir='ltr'>ita</span> <span class='ocrx_word' id='word_1_549' title='bbox 1041 5635 1273 5691; x_wconf 87' lang='lat' dir='ltr'>quoque</span> <span class='ocrx_word' id='word_1_550' title='bbox 1298 5624 1361 5673; x_wconf 90' lang='lat' dir='ltr'>ut</span> <span class='ocrx_word' id='word_1_551' title='bbox 1383 5620 1472 5674; x_wconf 90' lang='lat' dir='ltr'>sui</span> <span class='ocrx_word' id='word_1_552' title='bbox 1493 5621 1802 5676; x_wconf 87' lang='lat' dir='ltr'>commoda</span> 
     </span>
    </p>
   </div>
   <div class='ocr_carea' id='block_1_90' title="bbox 167 5701 1795 5782">
    <p class='ocr_par' dir='ltr' id='par_1_90' title="bbox 167 5701 1795 5782">
     <span class='ocr_line' id='line_1_90' title="bbox 167 5701 1795 5782; baseline 0.01 -32"><span class='ocrx_word' id='word_1_553' title='bbox 167 5701 510 5773; x_wconf 66' lang='lat' dir='ltr'>preteriens,</span> <span class='ocrx_word' id='word_1_554' title='bbox 573 5710 897 5763; x_wconf 80' lang='lat' dir='ltr'>exterarum</span> <span class='ocrx_word' id='word_1_555' title='bbox 968 5724 1177 5765; x_wconf 86' lang='lat' dir='ltr'>causas</span> <span class='ocrx_word' id='word_1_556' title='bbox 1241 5707 1523 5765; x_wconf 87' lang='lat' dir='ltr'>libentius</span> <span class='ocrx_word' id='word_1_557' title='bbox 1582 5714 1795 5782; x_wconf 78' lang='lat' dir='ltr'>ageret,</span> 
     </span>
    </p>
   </div>
   <div class='ocr_carea' id='block_1_91' title="bbox 1908 4816 3565 4889">
    <p class='ocr_par' dir='ltr' id='par_1_91' title="bbox 1908 4816 3565 4889">
     <span class='ocr_line' id='line_1_91' title="bbox 1908 4816 3565 4889; baseline 0.001 -16"><span class='ocrx_word' id='word_1_558' title='bbox 1908 4824 1966 4873; x_wconf 85' lang='lat' dir='ltr'>to</span> <span class='ocrx_word' id='word_1_559' title='bbox 1991 4820 2045 4871; x_wconf 88' lang='lat' dir='ltr'>in</span> <span class='ocrx_word' id='word_1_560' title='bbox 2072 4817 2319 4873; x_wconf 82' lang='lat' dir='ltr'>salutem</span> <span class='ocrx_word' id='word_1_561' title='bbox 2344 4818 2727 4883; x_wconf 84' lang='lat' dir='ltr'>credentium,</span> <span class='ocrx_word' id='word_1_562' title='bbox 2754 4816 3130 4889; x_wconf 54' lang='lat' dir='ltr'>praesentium</span> <span class='ocrx_word' id='word_1_563' title='bbox 3152 4818 3371 4873; x_wconf 81' lang='lat' dir='ltr'>scilicet</span> <span class='ocrx_word' id='word_1_564' title='bbox 3391 4835 3455 4873; x_wconf 84' lang='lat' dir='ltr'>ac</span> <span class='ocrx_word' id='word_1_565' title='bbox 3480 4820 3565 4875; x_wconf 87' lang='lat' dir='ltr'>fu-</span> 
     </span>
    </p>
   </div>
   <div class='ocr_carea' id='block_1_92' title="bbox 1911 4906 3562 4978">
    <p class='ocr_par' dir='ltr' id='par_1_92' title="bbox 1911 4906 3562 4978">
     <span class='ocr_line' id='line_1_92' title="bbox 1911 4906 3562 4978; baseline 0.001 -18"><span class='ocrx_word' id='word_1_566' title='bbox 1911 4913 2197 4967; x_wconf 79' lang='lat' dir='ltr'>turorum,</span> <span class='ocrx_word' id='word_1_567' title='bbox 2226 4906 2655 4976; x_wconf 78' lang='lat' dir='ltr'>multiplicibus</span> <span class='ocrx_word' id='word_1_568' title='bbox 2678 4906 2937 4961; x_wconf 75' lang='lat' dir='ltr'>veritatis</span> <span class='ocrx_word' id='word_1_569' title='bbox 2972 4908 3448 4978; x_wconf 89' lang='lat' dir='ltr'>cooperatoribus</span> <span class='ocrx_word' id='word_1_570' title='bbox 3473 4907 3562 4962; x_wconf 89' lang='lat' dir='ltr'>in-</span> 
     </span>
    </p>
   </div>
   <div class='ocr_carea' id='block_1_93' title="bbox 1910 4994 3563 5067">
    <p class='ocr_par' dir='ltr' id='par_1_93' title="bbox 1910 4994 3563 5067">
     <span class='ocr_line' id='line_1_93' title="bbox 1910 4994 3563 5067; baseline 0 -17"><span class='ocrx_word' id='word_1_571' title='bbox 1910 4998 2161 5067; x_wconf 79' lang='lat' dir='ltr'>digebat.</span> <span class='ocrx_word' id='word_1_572' title='bbox 2189 4995 2293 5058; x_wconf 78' lang='lat' dir='ltr'>Qui</span> <span class='ocrx_word' id='word_1_573' title='bbox 2316 4994 2581 5048; x_wconf 71' lang='lat' dir='ltr'>videlicet</span> <span class='ocrx_word' id='word_1_574' title='bbox 2618 4994 2996 5050; x_wconf 65' lang='lat' dir='ltr'>beatissimus</span> <span class='ocrx_word' id='word_1_575' title='bbox 3034 5001 3232 5066; x_wconf 80' lang='lat' dir='ltr'>pastor</span> <span class='ocrx_word' id='word_1_576' title='bbox 3264 4997 3563 5051; x_wconf 84' lang='lat' dir='ltr'>universa-</span> 
     </span>
    </p>
   </div>
   <div class='ocr_carea' id='block_1_94' title="bbox 1909 5084 3563 5155">
    <p class='ocr_par' dir='ltr' id='par_1_94' title="bbox 1909 5084 3563 5155">
     <span class='ocr_line' id='line_1_94' title="bbox 1909 5084 3563 5155; baseline -0.001 -14"><span class='ocrx_word' id='word_1_577' title='bbox 1909 5088 1981 5141; x_wconf 85' lang='lat' dir='ltr'>lis</span> <span class='ocrx_word' id='word_1_578' title='bbox 2015 5084 2280 5140; x_wconf 68' lang='lat' dir='ltr'>Ecclesiae</span> <span class='ocrx_word' id='word_1_579' title='bbox 2323 5090 2508 5138; x_wconf 87' lang='lat' dir='ltr'>totum</span> <span class='ocrx_word' id='word_1_580' title='bbox 2554 5085 2841 5138; x_wconf 84' lang='lat' dir='ltr'>mundum</span> <span class='ocrx_word' id='word_1_581' title='bbox 2876 5101 3048 5155; x_wconf 87' lang='lat' dir='ltr'>quem</span> <span class='ocrx_word' id='word_1_582' title='bbox 3084 5102 3117 5137; x_wconf 89' lang='lat' dir='ltr'>a</span> <span class='ocrx_word' id='word_1_583' title='bbox 3147 5085 3394 5140; x_wconf 89' lang='lat' dir='ltr'>Domino</span> <span class='ocrx_word' id='word_1_584' title='bbox 3423 5085 3563 5140; x_wconf 86' lang='lat' dir='ltr'>Jesu</span> 
     </span>
    </p>
   </div>
   <div class='ocr_carea' id='block_1_95' title="bbox 1909 5173 3565 5243">
    <p class='ocr_par' dir='ltr' id='par_1_95' title="bbox 1909 5173 3565 5243">
     <span class='ocr_line' id='line_1_95' title="bbox 1909 5173 3565 5243; baseline -0.002 -12"><span class='ocrx_word' id='word_1_585' title='bbox 1909 5176 2138 5231; x_wconf 82' lang='lat' dir='ltr'>Christo</span> <span class='ocrx_word' id='word_1_586' title='bbox 2171 5173 2280 5226; x_wconf 85' lang='lat' dir='ltr'>sibi</span> <span class='ocrx_word' id='word_1_587' title='bbox 2315 5173 2600 5227; x_wconf 88' lang='lat' dir='ltr'>creditum</span> <span class='ocrx_word' id='word_1_588' title='bbox 2632 5180 2953 5243; x_wconf 84' lang='lat' dir='ltr'>acceperat,</span> <span class='ocrx_word' id='word_1_589' title='bbox 2979 5173 3313 5227; x_wconf 68' lang='lat' dir='ltr'>daemonum</span> <span class='ocrx_word' id='word_1_590' title='bbox 3354 5173 3565 5228; x_wconf 86' lang='lat' dir='ltr'>errori-</span> 
     </span>
    </p>
   </div>
   <div class='ocr_carea' id='block_1_96' title="bbox 1910 5260 3566 5333">
    <p class='ocr_par' dir='ltr' id='par_1_96' title="bbox 1910 5260 3566 5333">
     <span class='ocr_line' id='line_1_96' title="bbox 1910 5260 3566 5333; baseline -0.002 -13"><span class='ocrx_word' id='word_1_591' title='bbox 1910 5266 2020 5320; x_wconf 89' lang='lat' dir='ltr'>bus</span> <span class='ocrx_word' id='word_1_592' title='bbox 2046 5262 2277 5332; x_wconf 79' lang='lat' dir='ltr'>involvi,</span> <span class='ocrx_word' id='word_1_593' title='bbox 2295 5278 2360 5315; x_wconf 92' lang='lat' dir='ltr'>ac</span> <span class='ocrx_word' id='word_1_594' title='bbox 2385 5261 2689 5316; x_wconf 88' lang='lat' dir='ltr'>subditum</span> <span class='ocrx_word' id='word_1_595' title='bbox 2708 5278 2834 5315; x_wconf 88' lang='lat' dir='ltr'>esse</span> <span class='ocrx_word' id='word_1_596' title='bbox 2857 5260 3253 5333; x_wconf 82' lang='lat' dir='ltr'>illacrymans,</span> <span class='ocrx_word' id='word_1_597' title='bbox 3272 5260 3566 5333; x_wconf 86' lang='lat' dir='ltr'>perfectis-</span> 
     </span>
    </p>
   </div>
   <div class='ocr_carea' id='block_1_97' title="bbox 1910 5348 3564 5423">
    <p class='ocr_par' dir='ltr' id='par_1_97' title="bbox 1910 5348 3564 5423">
     <span class='ocr_line' id='line_1_97' title="bbox 1910 5348 3564 5423; baseline -0.004 -15"><span class='ocrx_word' id='word_1_598' title='bbox 1910 5354 2093 5409; x_wconf 86' lang='lat' dir='ltr'>simos</span> <span class='ocrx_word' id='word_1_599' title='bbox 2121 5366 2385 5423; x_wconf 87' lang='lat' dir='ltr'>quosque</span> <span class='ocrx_word' id='word_1_600' title='bbox 2406 5349 2585 5404; x_wconf 86' lang='lat' dir='ltr'>divini</span> <span class='ocrx_word' id='word_1_601' title='bbox 2614 5349 2768 5403; x_wconf 81' lang='lat' dir='ltr'>verbi</span> <span class='ocrx_word' id='word_1_602' title='bbox 2809 5366 3101 5420; x_wconf 67' lang='lat' dir='ltr'>praecones</span> <span class='ocrx_word' id='word_1_603' title='bbox 3134 5349 3439 5415; x_wconf 86' lang='lat' dir='ltr'>ordinavit,</span> <span class='ocrx_word' id='word_1_604' title='bbox 3461 5348 3564 5419; x_wconf 84' lang='lat' dir='ltr'>qui</span> 
     </span>
    </p>
   </div>
   <div class='ocr_carea' id='block_1_98' title="bbox 1911 5435 3564 5510">
    <p class='ocr_par' dir='ltr' id='par_1_98' title="bbox 1911 5435 3564 5510">
     <span class='ocr_line' id='line_1_98' title="bbox 1911 5435 3564 5510; baseline -0.004 -13"><span class='ocrx_word' id='word_1_605' title='bbox 1911 5460 1944 5497; x_wconf 89' lang='lat' dir='ltr'>a</span> <span class='ocrx_word' id='word_1_606' title='bbox 1975 5460 2035 5497; x_wconf 91' lang='lat' dir='ltr'>se</span> <span class='ocrx_word' id='word_1_607' title='bbox 2068 5442 2126 5495; x_wconf 93' lang='lat' dir='ltr'>in</span> <span class='ocrx_word' id='word_1_608' title='bbox 2160 5439 2407 5495; x_wconf 88' lang='lat' dir='ltr'>Galliam</span> <span class='ocrx_word' id='word_1_609' title='bbox 2432 5438 2718 5510; x_wconf 89' lang='lat' dir='ltr'>dirigendi</span> <span class='ocrx_word' id='word_1_610' title='bbox 2748 5437 2960 5494; x_wconf 88' lang='lat' dir='ltr'>virtute</span> <span class='ocrx_word' id='word_1_611' title='bbox 2992 5440 3328 5495; x_wconf 75' lang='lat' dir='ltr'>constantia:</span> <span class='ocrx_word' id='word_1_612' title='bbox 3351 5440 3407 5492; x_wconf 90' lang='lat' dir='ltr'>et</span> <span class='ocrx_word' id='word_1_613' title='bbox 3428 5435 3564 5492; x_wconf 81' lang='lat' dir='ltr'>fidei</span> 
     </span>
    </p>
   </div>
   <div class='ocr_carea' id='block_1_99' title="bbox 1911 5525 3560 5601">
    <p class='ocr_par' dir='ltr' id='par_1_99' title="bbox 1911 5525 3560 5601">
     <span class='ocr_line' id='line_1_99' title="bbox 1911 5525 3560 5601; baseline -0.004 -15"><span class='ocrx_word' id='word_1_614' title='bbox 1911 5530 2250 5587; x_wconf 87' lang='lat' dir='ltr'>testimonio</span> <span class='ocrx_word' id='word_1_615' title='bbox 2282 5528 2665 5599; x_wconf 87' lang='lat' dir='ltr'>comprobati,</span> <span class='ocrx_word' id='word_1_616' title='bbox 2686 5526 3008 5583; x_wconf 88' lang='lat' dir='ltr'>Galliarum</span> <span class='ocrx_word' id='word_1_617' title='bbox 3031 5527 3277 5601; x_wconf 88' lang='lat' dir='ltr'>populos</span> <span class='ocrx_word' id='word_1_618' title='bbox 3298 5525 3398 5597; x_wconf 89' lang='lat' dir='ltr'>qui</span> <span class='ocrx_word' id='word_1_619' title='bbox 3413 5526 3560 5595; x_wconf 85' lang='lat' dir='ltr'>jugo</span> 
     </span>
    </p>
   </div>
   <div class='ocr_carea' id='block_1_100' title="bbox 1910 5613 3563 5682">
    <p class='ocr_par' dir='ltr' id='par_1_100' title="bbox 1910 5613 3563 5682">
     <span class='ocr_line' id='line_1_100' title="bbox 1910 5613 3563 5682; baseline -0.005 -7"><span class='ocrx_word' id='word_1_620' title='bbox 1910 5621 2264 5676; x_wconf 86' lang='lat' dir='ltr'>tenebantur</span> <span class='ocrx_word' id='word_1_621' title='bbox 2293 5616 2509 5673; x_wconf 85' lang='lat' dir='ltr'>diaboli</span> <span class='ocrx_word' id='word_1_622' title='bbox 2540 5620 2825 5682; x_wconf 87' lang='lat' dir='ltr'>eruerent,</span> <span class='ocrx_word' id='word_1_623' title='bbox 2850 5620 2905 5670; x_wconf 91' lang='lat' dir='ltr'>et</span> <span class='ocrx_word' id='word_1_624' title='bbox 2935 5616 3009 5670; x_wconf 87' lang='lat' dir='ltr'>ad</span> <span class='ocrx_word' id='word_1_625' title='bbox 3038 5616 3219 5670; x_wconf 90' lang='lat' dir='ltr'>divini</span> <span class='ocrx_word' id='word_1_626' title='bbox 3250 5613 3443 5668; x_wconf 88' lang='lat' dir='ltr'>cultus</span> <span class='ocrx_word' id='word_1_627' title='bbox 3473 5627 3563 5667; x_wconf 83' lang='lat' dir='ltr'>sa-</span> 
     </span>
    </p>
   </div>
   <div class='ocr_carea' id='block_1_101' title="bbox 1912 5703 3554 5778">
    <p class='ocr_par' dir='ltr' id='par_1_101' title="bbox 1912 5703 3554 5778">
     <span class='ocr_line' id='line_1_101' title="bbox 1912 5703 3554 5778; baseline -0.005 -10"><span class='ocrx_word' id='word_1_628' title='bbox 1912 5712 2212 5768; x_wconf 83' lang='lat' dir='ltr'>cramenta</span> <span class='ocrx_word' id='word_1_629' title='bbox 2268 5709 2665 5778; x_wconf 87' lang='lat' dir='ltr'>provocarent.</span> <span class='ocrx_word' id='word_1_630' title='bbox 2708 5705 2790 5761; x_wconf 83' lang='lat' dir='ltr'><strong>Ex</strong></span> <span class='ocrx_word' id='word_1_631' title='bbox 2840 5703 3019 5775; x_wconf 82' lang='lat' dir='ltr'>hujus</span> <span class='ocrx_word' id='word_1_632' title='bbox 3067 5703 3262 5773; x_wconf 84' lang='lat' dir='ltr'>itaque</span> <span class='ocrx_word' id='word_1_633' title='bbox 3311 5713 3554 5760; x_wconf 82' lang='lat' dir='ltr'>numero</span> 
     </span>
    </p>
   </div>
  </div>
