3912 6362
340 362 459 422 623

1440 360 1769 421 ADSONIS
1814 354 2244 417 DEBVENSIS
2295 358 2646 417 ABBATlS.

3647 357 3790 417 624

338 494 563 565 collegii
599 490 832 550 beatum
856 495 1208 559 Maternum,
1230 494 1541 547 'i‘revericm
1565 491 1813 545 civitatis
1846 506 1988 559 pon-
2018 488 2074 554 Α
2105 488 2175 540 ad
2217 489 2612 561 cognitionem
2649 490 2766 545 veri
2801 489 2901 544 Dei
2936 508 2969 544 a
3000 489 3519 561 superstitionibus
3551 490 3791 545 (ῙΠΞΙῚἸΟ-

336 583 577 648 tiﬁccm,
615 584 1091 654 Ithemorumque
1132 587 1403 636 sanctum
1435 580 1740 646 Sinicium,
1778 578 1995 633 Medio-

333 673 714 726 matricorum
747 689 881 726 vero
912 671 1296 739 Clementem,
1332 669 1579 725 Felicem
1613 675 1787 739 atque
1818 666 1996 722 Coele-

335 763 509 827 stem,
534 759 881 815 Memmium
907 764 1101 814 autem
1126 758 1643 813 Catalaunensium
1676 757 1859 812 fuisse
1880 774 1995 811 non

333 846 860 902 dubitamus.Cum
892 848 1109 920 quibus
1138 848 1311 901 etiam
1346 848 1499 901 hunc
1533 848 1771 901 beatum
1802 846 1996 898 virum

335 936 621 990 consortis
673 936 986 999 ministerii
1018 936 1301 1008 collegam
1355 937 1764 1006 deputaverat:
1800 939 1998 1004 utpote

336 1024 509 1095 longo
532 1023 862 1096 apostolica:
898 1025 1285 1080 sublimitatis
1316 1024 1589 1079 exercitio
1613 1025 1910 1088 edoctum,
1935 1039 1999 1075 ac

338 1113 591 1168 caelestis
618 1113 939 1185 magisterii
966 1114 1323 1185 experientia
1346 1114 1403 1168 in
1433 1114 1659 1169 cunctis
1694 1116 2000 1166 adsummc

339 1203 806 1273 con‘iprohatum.

984 1311 1217 1364 CAPUT
1267 1310 1356 1364 1V.

345 1400 505 1470 Quod
536 1400 626 1453 hic
655 1401 810 1470 prius
850 1418 879 1453 (ι
923 1400 1070 1453 beato
1108 1401 1265 1453 Petro
1307 1401 1418 1468 ipse
1454 1399 1759 1465 m'dinutus,
1800 1398 2003 1452 Gallius

556 1474 854 1541 ingrcsms,
888 1472 1222 1525 Laur/corum
1256 1472 1443 1525 urbem
1475 1470 1809 1540 aggreditur.

413 1562 595 1625 Quem
630 1558 896 1613 videlicet
931 1560 1175 1629 majoris
1222 1558 1527 1629 dignitatis
1559 1565 1611 1611 et
1645 1558 1844 1630 gratiae
1878 1573 2005 1612 esse

340 1649 677 1716 decernens,
712 1648 1065 1719 pontificalis
1107 1648 1477 1703 auctoritatis
1521 1646 1823 1719 privilegio
1868 1664 2010 1718 Praz-

341 1736 610 1801 munivit,
636 1740 699 1789 ut
719 1735 1151 1807 przedicationis
1176 1736 1384 1789 divina:
1421 1735 1887 1790 emolumentum
1913 1752 2004 1790 sa-

2107 593 2249 631 num
2287 579 2620 645 revocabat;
2655 578 2876 649 eligens
2910 580 3105 650 potius
3136 579 3385 635 diversis
3407 579 3789 634 cruciatibus

2108 682 2174 720 ac
2197 667 2504 738 suppliciis
2527 684 2739 738 corpus
2762 684 2890 722 esse
2924 668 3295 733 tradendum,
3315 684 3495 739 quam
3530 668 3589 723 id
3616 667 3791 739 quod

2107 754 2261 810 beati
2285 755 2529 826 apostoli
2558 756 2823 828 magistri
2843 756 2932 811 sui
2959 754 3148 810 edicto
3166 761 3522 825 susceperat,
3543 760 3792 812 (eterna:

2110 842 2317 898 salutis
2337 844 2734 900 ministerium
2756 845 3096 901 declinaret.
3119 845 3381 899 Instabat
3400 846 3585 917 igitur
3604 862 3797 918 nego-

2108 932 2188 986 tio
2213 939 2652 1002 perseveranter
2674 935 2827 1005 quod
2855 938 3126 1004 coeperat.
3143 935 3402 1005 Cumque
3433 934 3793 1005 supradicto

2110 1023 2342 1092 negotio
2376 1022 2681 1077 indefessa:
2705 1022 2951 1077 solertiae
2976 1023 3203 1076 dierum
3231 1023 3576 1093 subigerent
3594 1023 3799 1077 curri-

2111 1110 2241 1164 cula
2274 1110 2619 1181 plurimum,
2656 1111 2910 1166 rumoris
2960 1111 3140 1182 hujus
3188 1110 3468 1165 solemnis
3502 1112 3797 1182 frequen-

2110 1200 2192 1253 tia
2223 1200 2293 1253 ad
2328 1201 2599 1255 notitiam
2633 1202 2847 1272 regina:
2886 1203 3195 1272 profertur,
3231 1200 3323 1254 cui
3360 1199 3687 1255 familiares
3721 1219 3794 1254 ac

2113 1288 2413 1343 domestici
2444 1289 2777 1361 adjungunt
2806 1290 2945 1344 talia
2976 1291 3310 1355 referentes,
3340 1290 3545 1343 adesse
3577 1289 3797 1343 videli-

2113 1382 2203 1431 cet
2235 1378 2576 1447 quemdam,
2610 1379 2798 1449 patria
2843 1379 3080 1449 quidem
3132 1378 3528 1449 peregrinum,
3564 1395 3795 1448 genere

2116 1466 2406 1536 ignotum,
2448 1468 2625 1522 atl‘atu
2676 1467 3050 1534 dissimilem,
3086 1467 3246 1519 vultu
3297 1471 3353 1521 et
3402 1466 3609 1520 habitu
3663 1466 3793 1520 sibi

2114 1556 2348 1626 penitus
2374 1573 2486 1610 non
2514 1574 2641 1612 esse
2665 1557 3370 1626 consortem,conditione
3398 1560 3595 1611 tamen
3619 1555 3798 1610 Chri-

2115 1644 2319 1699 stiana:
2343 1646 2475 1699 ﬁdei
2498 1662 2626 1701 esse
2649 1644 2954 1712 cultorem,
2982 1645 3053 1699 ab
3084 1644 3258 1699 Italize
3293 1645 3527 1716 penitus
3550 1644 3802 1700 venien-

2117 1738 2257 1802 tem,
2292 1734 2363 1789 al)
2398 1750 2462 1789 eo
2496 1750 2670 1805 quem
2714 1735 3111 1789 Romanorum
3154 1750 3290 1805 pars
3342 1734 3601 1787 maxima
3632 1750 3793 1789 veras

340 1825 654 1879 cerdotatis
686 1824 860 1879 ofﬁcii
915 1826 1266 1895 praecederet
1326 1829 1781 1880 sacramentum.
1819 1824 2005 1896 Impc-
2038 1858 2086 1922 B
2118 1822 2250 1877 fidei
2285 1822 2629 1895 signiferum
2653 1828 2708 1878 et
2740 1840 2950 1894 papam
2976 1823 3273 1893 sequitur;
3310 1840 3371 1877 se
3395 1839 3429 1877 a
3452 1823 3619 1878 Petro
3651 1838 3796 1880 esse

341 1913 496 1967 rium
529 1914 726 1984 itaque
774 1914 1042 1986 magistri
1085 1915 1401 1969 eminentis
1444 1919 1753 1969 exsecutus
1785 1914 1884 1984 Iul.
1921 1930 2010 1972 ex.

343 2001 632 2072 sequitur]
705 2002 954 2073 perfecte
1024 2002 1387 2074 discipulus,
1462 2009 1725 2058 armatus
1795 2003 2004 2068 edicto,

347 2090 673 2144 instructus
704 2090 954 2162 eloquio,
981 2092 1255 2147 obediens
1296 2093 1354 2145 in
1398 2093 1725 2164 prmceptis,
1764 2092 1916 2147 [idus
1950 2092 2007 2145 in

347 2177 860 2249 promissionibus,
896 2178 1082 2233 Roma
1131 2196 1424 2249 egressus,
1477 2197 1578 2250 per
1629 2180 2007 2251 longissimos

341 2267 468 2338 jam
500 2266 638 2321 dicti
670 2267 898 2323 itineris
929 2270 1227 2322 anfractus
1250 2286 1282 2321 a
1305 2268 1472 2322 beato
1508 2269 1671 2323 Petro
1696 2268 2003 2339 corporali,

350 2372 465 2410 non
499 2356 715 2411 mentis
748 2356 966 2410 intuitu
994 2362 1318 2427 separatus,
1340 2356 1655 2428 longinque
1678 2359 2007 2429 peregrina-

357 2444 493 2499 tioni
530 2461 631 2515 pro
655 2444 867 2499 Christi
896 2462 1071 2515 regno
1105 2462 1164 2500 se
1202 2445 1350 2500 ultro
1384 2446 1722 2516 subjiciens,
1753 2446 2009 2501 Lcucho-

350 2549 481 2587 rum
516 2533 679 2589 urbis
703 2551 763 2589 se
787 2535 1012 2605 civibus
1035 2534 1251 2601 intulit,
1280 2535 1335 2588 in
1359 2535 1560 2589 omnia
1581 2534 2003 2606 suppliciorum

348 2623 693 2693 perferenda
714 2629 1071 2694 praiparatus
1095 2640 1325 2693 genera.
1353 2625 1485 2690 Quae
1509 2623 1775 2679 videlicet
1804 2624 2006 2679 civitas

348 2712 520 2782 aquis
546 2712 786 2784 irrigua,
818 2712 1053 2783 pascuis
1090 2712 1404 2780 uberrima,
1439 2730 1743 2767 murorum
1776 2714 2003 2769 ambitu

339 2799 625 2870 jucunda,
645 2801 793 2855 seris
810 2805 867 2855 et
881 2800 1144 2855 turribus
1162 2818 1329 2855 secus
1351 2802 1610 2872 undique
1630 2803 2001 2872 praemunita,

346 2888 633 2943 idolorum
670 2893 863 2944 tamen
896 2890 1169 2944 sordibus
1192 2908 1613 2961 usquequaque
1642 2890 1861 2961 polluta
1888 2892 2003 2946 fue-

345 2983 435 3032 rat
456 2984 511 3032 ct
533 2979 795 3032 confusa.
816 2979 999 3033 Metas
1024 2978 1219 3048 itaque
1240 2980 1476 3049 prml'atc
1499 2979 1751 3033 civitatis
1770 2980 2000 3034 Christo

346 3066 491 3120 duce
536 3084 599 3119 ac
646 3066 798 3120 beati
834 3066 981 3119 Petri
1018 3066 1227 3135 przevia
1277 3065 1621 3119 auctoritate
1673 3066 1996 3137 ingressus,

346 3153 713 3208 barbaricam
748 3152 1187 3207 multitudinem
1230 3153 1375 3207 nihil
1408 3154 1650 3219 veritus,
1683 3171 1828 3208 verae
1862 3156 1995 3211 {idci

2122 1913 2371 1967 missum
2392 1912 2674 1967 veraciter
2691 1916 3068 1980 asserentcm,
3090 1914 3270 1966 Deum
3294 1910 3421 1967 coeli
3444 1911 3797 1967 hominum-

2120 2017 2231 2071 que
2263 2003 2539 2057 factorem
2574 2002 2789 2073 apertis
2824 2004 2995 2071 atque
3020 2001 3277 2057 assiduis
3307 2001 3547 2057 vocibus
3576 2000 3797 2072 praedis

2120 2096 2370 2146 cantem.

2189 2179 2451 2250 Cumque
2483 2180 2602 2234 haec
2634 2185 2689 2235 et
2719 2180 2937 2235 similia
2970 2180 3049 2235 rei
3082 2197 3238 2233 novre
3277 2178 3666 2234 admiratione
3703 2193 3797 2233 re-

2120 2269 2439 2323 ferentibus
2461 2270 2671 2341 regina)
2695 2269 2930 2341 gentilis
2955 2269 3187 2323 animus
3220 2268 3415 2340 aliquo
3440 2269 3614 2323 modo
3640 2269 3791 2324 licc-

2118 2361 2336 2412 tcrctur
2358 2360 2428 2414 ad
2463 2358 2843 2425 audiendum,
2868 2358 3130 2413 absentis
3165 2358 3321 2429 regis
3343 2358 3433 2411 sui
3458 2357 3646 2413 libera
3682 2374 3794 2429 po-

2118 2446 2229 2503 sita
2264 2447 2558 2516 facultate,
2594 2453 2814 2504 secreto
2866 2466 2972 2501 usa
3005 2447 3259 2502 cubiculi
3294 2448 3484 2502 virum
3519 2448 3620 2503 Dei
3664 2448 3794 2502 sibi

2117 2539 2387 2608 percepit
2431 2537 2912 2605 intromitti.Quze
2946 2543 3053 2601 est,
3094 2537 3363 2608 inquens,
3388 2536 3509 2590 hrec
3544 2554 3699 2592 nova
3736 2542 3797 2591 et

2117 2625 2401 2681 hactenus
2434 2626 2602 2681 nobis
2644 2625 2905 2680 inaudita
2948 2624 3173 2696 religio,
3208 2642 3383 2696 quam
3437 2630 3791 2681 nostrorum

2116 2714 2357 2770 cultura:
2388 2715 2639 2770 duorum
2687 2714 3079 2786 superduccre
3130 2714 3409 2785 gestiens,
3442 2714 3559 2769 alia
3603 2716 3791 2770 nobis

2114 2803 2358 2859 colenda
2404 2802 2740 2869 denuntias,
2775 2819 2900 2872 quae
2937 2818 3121 2871 usque
3156 2802 3211 2854 in
3264 2818 3524 2872 prmsens
3574 2802 3786 2874 generi

2112 2896 2311 2947 nostro
2327 2895 2384 2946 et
2404 2890 2697 2961 incognita
2719 2893 3064 2960 permanent
3080 2893 3137 2942 et
3158 2888 3415 2943 inculta?
3434 2889 3788 2961 lntelligens

2111 2983 2307 3033 autem
2330 2979 2415 3033 vir
2438 2979 2642 3032 beatus
2664 2976 3050 3030 intentionem
3075 2976 3285 3046 regina:
3310 2978 3699 3046 sciscitantis,
3727 2985 3789 3035 et

2109 3084 2274 3137 spem
2294 3066 2514 3120 habens
2537 3065 2594 3119 in
2627 3065 2841 3119 cavitae
2872 3064 3271 3133 regenerantis
3296 3081 3308 3118 :
3338 3066 3784 3139 Deum,inquit,

2110 3171 2295 3209 unum
2330 3159 2386 3209 et
2416 3171 2617 3208 verum
2646 3154 2703 3206 in
2730 3151 3105 3206 distinctione
3134 3153 3314 3206 trium
3342 3171 3741 3225 personarum
3770 3175 3784 3212 :

345 3248 779 3296 sacramentum
806 3241 1221 3296 etCliristiame
1246 3242 1547 3313 religionis
1570 3241 1795 3296 cultum
1815 3244 1999 3314 genti-
2028 3217 2070 3282 C
2112 3243 2297 3298 Patris
2328 3242 2571 3310 scilicet,
2602 3242 2753 3309 Filii,
2780 3259 2845 3296 ac
2868 3241 3123 3310 Spiritus
3151 3242 3362 3309 sancti,
3396 3245 3789 3301 omniumre-

344 3330 455 3386 bus
486 3331 800 3408 przedicare
833 3330 1007 3401 coepit
1031 3346 1045 3383 :
1072 3328 1225 3383 idola
1253 3346 1401 3384 vana
1422 3347 1571 3398 esse,
1597 3331 1775 3386 surda
1796 3336 1851 3386 et
1874 3350 1997 3387 mu-

344 3426 424 3488 ta,
460 3436 639 3474 manu
670 3420 863 3491 potius
918 3420 1069 3473 facta
1106 3418 1414 3473 hominum
1447 3424 1504 3473 et
1533 3426 1863 3475 commento
1896 3421 1992 3494 [aL

342 3508 860 3581 ccemcnto],quam
881 3525 1015 3563 vere
1046 3508 1288 3564 rationis
1311 3508 1619 3564 existentia
1650 3510 1992 3581 primordio,

343 3599 489 3655 nihil
525 3598 704 3654 divini
750 3597 1044 3666 habentia,
1078 3614 1184 3651 nec
1230 3597 1300 3652 ad
1353 3597 1583 3653 beatam
1634 3598 1992 3666 felicitatem,

342 3705 469 3760 qua:
527 3687 679 3743 hanc
724 3684 1029 3742 mortalem
1081 3686 1260 3741 vitam
1312 3692 1582 3743 secutura
1630 3692 1736 3754 est,
1771 3687 1992 3760 aliquid

340 3777 676 3845 attinentia;
711 3792 899 3831 unum
932 3775 1116 3831 Deum
1168 3775 1363 3847 potius
1394 3775 1774 3848 colerent,qui
1812 3782 1994 3833 terras

338 3872 396 3923 et
426 3865 613 3922 maria
642 3865 1024 3935 condidisset,
1048 3865 1147 3936 qui
1172 3863 1299 3920 0031i
1331 3865 1755 3921 sublimitatem
1788 3884 1893 3921 sua
1915 3868 1996 3922 di-

336 3957 494 4012 tione
522 3959 766 4022 teneret,
793 3953 891 4024 qui
924 3954 1265 4025 corporibus
1288 3954 1467 4009 vitam
1494 3960 1627 4024 post
1651 3960 1895 4010 mortem
1921 3959 1992 4010 fe-

335 4045 510 4101 licius
535 4048 834 4115 przestarct
855 4041 1083 4096 vivendi
1112 4042 1479 4108 facultatem;
1504 4047 1801 4098 tantorum
1827 4046 1995 4100 l'also-

337 4151 469 4191 rum
492 4134 735 4188 deorum
759 4130 1051 4186 culturam
1076 4130 1378 4185 horrendze
1398 4132 1672 4187 vanitatis
1697 4150 1822 4189 esse
1848 4134 1996 4188 ludi-

336 4225 484 4290 bria,
502 4223 833 4277 animarum
857 4220 1183 4291 dispendia,
1202 4220 1547 4291 perennium
1566 4225 1989 4277 tormentorum

336 4314 481 4369 nihil
516 4311 673 4366 aliud
707 4327 883 4382 quam
918 4309 1115 4363 futura
1149 4309 1534 4364 irritamenta.

998 4417 1228 4472 CAPUT
1268 4417 1335 4470 V.

406 4512 551 4580 Quod
586 4512 700 4581 regi
729 4517 778 4564 et
804 4509 1262 4581 Tl’glﬂﬂtﬂfﬂlOll,
1287 4516 1337 4560 et
1370 4507 1916 4581 urbis.principibus,

500 4600 673 4638 unum
703 4590 754 4636 ct
788 4597 970 4635 verum
1000 4580 1169 4633 Deum
1203 4580 1470 4634 instanti?
1499 4585 1810 4638 amumllul.

400 4676 534 4729 Erat
560 4678 700 4725 tunc
735 4668 1012 4741 temporis
1047 4672 1367 4723 memorata
1396 4669 1597 4724 civitas
1628 4671 1976 4741 populorum

327 4763 543 4831 stipata
572 4760 836 4825 catervis,
864 4775 1059 4811 rerum
1094 4758 1388 4812 ditissima
1417 4758 1622 4829 copiis,
1642 4777 1705 4814 ac
1740 4761 1977 4817 diversa:

325 4848 704 4921 supellectilis
742 4850 949 4902 rel‘crta
994 4846 1383 4901 COIIlHlL‘I‘CliS.
1419 4848 1536 4902 ltcx
1576 4866 1805 4919 quoque
1837 4868 1974 4922 gen-

324 4938 445 4995 tilis
479 4942 535 4991 et
573 4936 914 4990 barbaricus
946 4952 1079 4989 cum
1123 4953 1229 4989 sua
1270 4937 1537 5008 conjuge,
1574 4938 1684 4992 Leo
1718 4940 1973 5008 nomine,

320 5027 507 5082 Deum
542 5024 839 5096 ignorans,
874 5040 1008 5078 cum
1040 5023 1197 5077 omni
1250 5024 1462 5095 populo
1496 5041 1601 5080 suo
1634 5026 1973 5083 idololatria:

320 5114 576 5171 cultibus
610 5112 980 5183 subjugatus.
1015 5112 1099 5165 Ad
1134 5129 1307 5181 quem
1351 5130 1484 5168 cum
1527 5114 1785 5185 perlatus
1820 5125 1974 5174 esset

319 5202 505 5260 sancti
538 5202 643 5256 viri
677 5202 983 5268 adventus,
1019 5205 1074 5255 et
1105 5217 1280 5270 quam
1320 5218 1423 5271 per
1464 5202 1711 5275 populos
1742 5209 1973 5262 serebat

318 5290 497 5348 divini
531 5288 861 5362 praedicatio
894 5288 1074 5354 verbi,
1100 5288 1315 5359 sprevit
1338 5293 1393 5344 ct
1422 5291 1647 5359 abnuit,
1682 5298 1737 5348 et
1765 5308 1965 5351 verum

314 5386 537 5438 aeternae
570 5377 802 5433 deitatis
853 5392 1175 5447 praeconem
1217 5378 1395 5431 surda
1426 5395 1564 5433 aure
1614 5384 1963 5450 praeteribat,

310 5470 413 5525 Vir
441 5474 637 5525 autem
685 5465 919 5522 Domini
964 5464 1205 5518 instanti
1241 5466 1573 5521 constantia
1624 5468 1961 5539 reluctatus,

306 5556 490 5632 propis
534 5556 750 5613 moenia
780 5553 1029 5610 civitatis
1062 5552 1278 5624 exigua:
1324 5553 1703 5612 habitationis
1737 5560 1846 5615 sibi
1883 5579 1962 5617 re.

307 5649 631 5726 ceptorium
662 5642 1034 5724 praeparavit,
1068 5646 1425 5714 cunctosque
1460 5644 1531 5701 ad
1568 5662 1630 5705 se
1664 5650 1961 5713 venientes

2112 3350 2241 3386 rum
2268 3330 2754 3386 incommutabile
2776 3330 3157 3401 principium,
3184 3330 3280 3400 qui
3317 3336 3403 3385 est
3425 3332 3552 3384 fons
3579 3338 3640 3385 et
3670 3336 3788 3389 ori-

2108 3440 2180 3494 go
2204 3423 2517 3486 bonorum,
2540 3439 2574 3475 a
2596 3438 2711 3492 quo
2732 3437 2905 3475 omne
2923 3436 3110 3491 genus
3130 3418 3463 3472 mortalium
3480 3420 3786 3480 existendi

2107 3511 2367 3583 sumpsit
2398 3510 2658 3577 initium,
2685 3510 2855 3579 cujus
2880 3512 3136 3579 potestas
3160 3524 3261 3561 nec
3292 3508 3465 3579 coepit
3486 3525 3644 3576 esse,
3671 3530 3783 3568 nec

2107 3601 2323 3657 desinit
2371 3600 2430 3655 in
2480 3604 2797 3664 mternum;
2849 3613 2953 3670 per
3005 3613 3179 3668 quem
3229 3597 3497 3667 percunti
3545 3602 3779 3657 mundo

2106 3698 2332 3746 aeternae
2384 3688 2805 3760 redemptionis
2850 3686 3008 3741 venit
3056 3684 3403 3754 remedium,
3448 3693 3775 3760 postquam

2105 3782 2258 3837 Deus
2281 3786 2337 3834 et
2358 3778 2644 3834 Dominus
2677 3781 2873 3832 noster
2894 3777 3066 3831 Jesus
3084 3774 3351 3831 Christus
3376 3774 3559 3831 Filius
3583 3778 3775 3833 omni-

2106 3869 2361 3943 potentis
2394 3868 2579 3922 Patris
2611 3867 2681 3921 de
2713 3865 2873 3920 ccelis
2905 3865 3146 3930 missus,
3180 3864 3252 3918 ad
3286 3868 3470 3919 terras
3502 3882 3606 3936 per
3639 3858 3769 3923 ute-

2105 3976 2234 4015 rum
2260 3959 2488 4012 intacta:
2510 3955 2769 4026 Virginis
2792 3970 2965 4009 carne
2981 3954 3228 4007 vestitus
3249 3951 3531 4019 humana,
3553 3959 3769 4010 morta-

2102 4049 2260 4103 libus
2292 4046 2539 4102 visibilis
2571 4050 2864 4110 ostensus,
2891 4042 3165 4114 plurimis
3191 4046 3247 4096 et
3274 4040 3561 4096 mirandis
3581 4042 3767 4098 virtu-

2102 4144 2228 4194 tum
2264 4137 2449 4208 signis
2473 4134 2820 4198 declaratus,
2845 4132 2915 4186 ad
2943 4130 3218 4186 ultimum
3247 4134 3311 4184 ut
3333 4129 3546 4185 diaboli
3574 4132 3767 4186 exclu-

2104 4227 2264 4280 deret
2280 4220 2830 4287 dominationcm,in
2854 4235 3023 4274 cruce
3046 4218 3385 4273 Judmorum
3410 4218 3761 4274 inﬁdelitate

2104 4318 2424 4385 spontaneo
2444 4309 2879 4383 dispensatione
2913 4308 3003 4363 sui
3033 4307 3259 4362 consilii
3292 4324 3757 4380 appensus,pre-

2102 4405 2180 4460 tio
2205 4403 2316 4458 fusi
2344 4399 2648 4473 sanguinis
2670 4399 2739 4454 ab
2774 4416 2963 4454 errore
2998 4398 3330 4451 da'monum
3355 4413 3453 4451 eos
3486 4397 3755 4465 absolvit,

2101 4511 2248 4566 quos
2266 4493 2392 4547 vita:
2416 4489 2687 4561 perennis
2709 4487 2966 4542 hmredes
2992 4488 3217 4540 futuros
3243 4485 3590 4557 pra-finivit?
3608 4486 3755 4551 Quid

2016 4592 2063 4656 D
2095 4586 2263 4659 plura
2278 4581 2305 4635 ?
2328 4578 2547 4649 Regina
2572 4575 2833 4643 credidit,
2861 4578 2915 4628 et
2938 4574 3049 4629 nisi
3074 4574 3283 4645 pagani
3314 4573 3466 4645 regis
3492 4579 3751 4643 potestas

2090 4672 2445 4736 obstitisset,
2494 4664 2754 4738 legitimo
2803 4681 3027 4719 annexa
3078 4663 3456 4717 matrimonio
3509 4662 3750 4735 purgari

2090 4784 2202 4821 non
2238 4761 2545 4817 desisteret
2576 4758 2732 4811 fonte
2773 4754 3037 4809 salutari.
3074 4754 3294 4807 Tamen
3339 4769 3469 4823 rege
3501 4751 3750 4807 aliarum

2089 4870 2284 4909 rerum
2318 4846 2622 4903 eventibus
2655 4848 2711 4900 et
2742 4844 2899 4900 curis
2930 4841 3244 4914 applicato,
3276 4842 3506 4912 quoties
3540 4841 3749 4912 regina:

2088 4944 2239 4999 seria
2272 4940 2604 5010 opportuna
2645 4934 3043 4999 considerant,
3081 4931 3269 4985 virum
3322 4929 3421 4985 Dei
3473 4930 3750 5000 frequen-

2084 5033 2201 5087 tius
2234 5028 2508 5093 ascitum,
2532 5025 2697 5097 viam
2732 5022 2940 5079 salutis
2989 5020 3326 5075 intendebat
3376 5024 3615 5073 strenue
3648 5018 3747 5074 de-

2088 5121 2538 5175 monstrantem.

2728 5219 2958 5277 CAPUT
3004 5218 3100 5272 VI.

2082 5314 2228 5384 Quod
2260 5314 2403 5382 regis
2433 5312 2585 5381 ﬁlius
2613 5312 2878 5381 parvulus
2910 5311 3021 5384 ritu
3041 5308 3214 5384 gentis
3248 5306 3573 5384 instruitur;
3605 5302 3747 5384 etde

2148 5373 2466 5443 consisulori'o
2498 5373 2626 5454 cjusl
2658 5384 2836 5436 vicino
2866 5380 3013 5454 urbi,
3041 5373 3112 5433 iul
3144 5377 3283 5449 quod
3328 5392 3469 5447 safpc
3514 5373 3745 5430 canibus

2146 5458 2399 5529 impulsw
2428 5451 2662 5524 agrestes
2692 5456 2831 5523 ferae
2861 5451 3218 5522 confluerent.

2144 5566 2280 5621 Erat
2312 5560 2488 5633 igitur
2518 5559 2611 5615 his
2643 5558 2919 5632 parvulus
2966 5556 3144 5625 filius,
3180 5556 3279 5628 qui
3324 5552 3744 5609 instituebatur

2072 5654 2144 5711 ad
2166 5653 2346 5711 ritum
2368 5652 2679 5724 parentum
2703 5650 3110 5722 profanorum,
3132 5646 3304 5719 cujus
3326 5641 3597 5702 videlicet
3633 5642 3744 5703 exi'
