3912 6358
323 366 443 431 627

324 591 485 662 plere
507 591 827 647 decreveris
851 593 1005 662 quod
1031 592 1417 663 spopondisti,
1443 594 1625 647 aderit
1649 610 1879 665 quoque
1900 594 1978 648 di-

322 679 458 735 vina
490 680 818 743 clementia,
852 696 978 750 qua:
1013 679 1116 733 tibi
1152 680 1343 734 adhuc
1375 680 1563 735 valeat
1595 682 1779 737 multo
1836 701 1976 755 pra)-

322 772 480 824 starc
510 770 751 840 majora.
778 768 923 821 Nam
948 785 1051 839 ego
1081 770 1152 822 ad
1181 768 1285 822 hoc
1313 770 1457 835 veni,
1486 772 1556 824 ad
1581 770 1686 825 hoc
1721 774 1979 843 peregri-

322 859 619 913 nationem
653 862 879 911 tantam
910 858 1241 928 assumpsi,
1269 864 1332 911 ut
1356 875 1457 928 per
1478 876 1569 913 me
1595 861 1756 915 vobis
1792 866 1979 931 pateat

323 945 771 1017 ccelestisjanua
794 945 977 1017 regni.
996 948 1038 999 A
1066 945 1326 1017 principe
1348 947 1741 1017 apostolorum
1761 951 1980 1007 missus

323 1034 535 1091 salutis
566 1040 768 1090 vestrm
808 1035 1039 1106 negotia
1100 1051 1440 1105 prosequor,
1473 1040 1797 1091 vestrarum
1833 1055 1976 1110 gau»

322 1125 468 1180 dens
489 1123 652 1178 lucra
683 1122 1012 1178 animarum
1049 1141 1265 1193 qua-ro.
1289 1124 1453 1178 Tune
1481 1130 1661 1194 pater,
1695 1131 1749 1180 ct
1783 1129 1977 1182 cuncti

322 1213 421 1284 qui
443 1212 1071 1269 aderant.unanimiter
1089 1214 1454 1283 profitentur,
1478 1213 1763 1267 abdicatis
1784 1215 1976 1282 idolis,

318 1301 440 1357 veri
464 1301 563 1357 Dei
601 1302 827 1356 futuros
862 1317 923 1356 sc
956 1318 1083 1355 esse
1131 1298 1401 1363 cultores,
1438 1302 1485 1355 si
1537 1302 1584 1355 is
1620 1304 1717 1374 qui
1745 1304 1979 1375 jacebat
2025 1351 2039 1363 .

322 1389 850 1461 exanimis,5piritu
885 1390 1186 1455 redeunte,
1211 1394 1639 1444 monstraretur
1669 1398 1795 1461 post
1822 1411 1979 1448 mor-

321 1484 443 1533 tem
467 1479 537 1533 ad
565 1494 811 1550 superos
834 1494 1004 1550 posse
1028 1476 1333 1547 respirare.
1360 1476 1503 1532 Hinc
1527 1485 1764 1534 sanctus
1798 1484 1982 1551 ponti-

321 1567 649 1637 fex,plenus
674 1583 907 1637 semper
928 1566 1249 1620 visceribus
1274 1567 1528 1637 pietatis,
1563 1568 1615 1622 id
1643 1571 1793 1639 quod
1821 1574 1979 1641 pete-

321 1656 498 1710 batur
529 1673 632 1727 per
684 1655 966 1726 Spiritum
1030 1654 1303 1726 intelligit
1349 1657 1730 1727 Operandum.
1765 1658 1977 1713 Iterum

314 1760 475 1816 genu
502 1744 669 1810 ﬂexo,
694 1744 751 1798 in
772 1743 1095 1798 orationem
1131 1743 1336 1797 divinze
1369 1745 1661 1815 majestati
1694 1746 1981 1818 supplica-

320 1837 489 1888 turus
548 1832 715 1887 humi
774 1832 1189 1903 prosternitur,
1221 1836 1277 1887 et
1306 1832 1672 1890 Christianos
1723 1835 1818 1907 qui
1854 1841 1981 1891 tum

318 1921 465 1976 forte
493 1921 659 1992 pauci
695 1921 1014 1975 admodum
1049 1937 1292 1976 numero
1317 1922 1579 1985 aderant,
1617 1923 1770 1978 idem
1794 1924 1981 1980 facere

318 2009 468 2064 votis
491 2008 827 2064 coelestibus
848 2008 1219 2080 prtemunivit
1242 2010 1398 2079 (forte
1424 2012 1770 2081 praemonuit)
1794 2033 1812 2079 ;
1845 2030 1976 2068 cum

321 2097 584 2152 oratione
613 2096 841 2168 expleta
862 2102 1133 2151 mortuus
1157 2101 1392 2167 repente
1423 2097 1581 2152 vitali
1618 2099 1756 2154 ﬂatu
1790 2118 1978 2156 mem-

323 2185 446 2240 bris
480 2185 835 2251 concutitur,
870 2188 1044 2255 atque
1072 2185 1142 2239 ad
1177 2186 1363 2240 sancti
1425 2186 1530 2240 viri
1573 2187 1884 2259 imperium
1919 2190 1978 2244 in

322 2274 500 2345 pedes
525 2273 789 2346 erigitur,
820 2277 876 2328 et
906 2273 1134 2328 cunctis
1168 2272 1600 2330 admirantibus
1641 2278 1789 2349 patri
1820 2279 1976 2334 inco-

321 2361 501 2419 lumis
533 2362 817 2418 redditur.

964 2512 1196 2568 CAPUT
1246 2513 1331 2568 IX.

320 2639 481 2713 Quod
527 2639 595 2693 ad
653 2640 1126 2713 rcsuscz'tationcmr
1170 2641 1350 2710 pueri,
1386 2656 1566 2713 omnes
1611 2657 1731 2711 [m’B
1779 2644 1975 2713 gaudio

386 2712 517 2781 ﬂere
546 2714 816 2782 ruperant,
851 2710 992 2766 etde
1023 2712 1152 2765 locis
1203 2711 1507 2782 pwnalibus
1555 2710 1647 2767 alii
1675 2710 1857 2783 fuerat
1884 2715 1973 2770 de-

386 2791 628 2854 putatus.

389 2945 553 3000 Tunc
586 2942 841 2998 universi
873 2943 973 3014 qui
1007 2943 1078 2997 ad
1113 2943 1221 2997 hoc
1254 2943 1654 3013 spectaculum
1694 2961 1974 3001 convene-

317 3038 470 3103 rant,
488 3032 800 3087 manifesta
828 3031 927 3085 Dei
960 3030 1171 3084 virtute
1195 3030 1330 3084 flere
1354 3048 1466 3100 pra:
1490 3024 1724 3101 gaudio,
1761 3048 1973 3089 nomen

314 3121 527 3177 Christi
565 3121 622 3173 in
654 3134 965 3173 commune
996 3116 1183 3181 fateri,
1218 3124 1276 3170 et
1304 3117 1469 3170 illum
1525 3134 1639 3186 pra}
1698 3119 1973 3176 omnibus

313 3226 440 3265 esse
476 3206 809 3269 colendum,
836 3206 937 3276 qui
969 3203 1198 3259 cunctis
1229 3203 1576 3259 mortalibus
1606 3206 1967 3277 spiraculum

310 3296 441 3351 vitae
462 3295 705 3362 dedit,et
727 3297 860 3365 post
891 3292 1131 3347 letlialia
1162 3292 1365 3347 funera
1398 3295 1966 3366 mortuorum,spiri-

311 3390 412 3440 tus
462 3382 708 3454 imperio
766 3386 1013 3448 coercet,
1049 3384 1224 3451 atque
1265 3380 1497 3447 iterum,
1534 3398 1667 3437 cum
1697 3382 1964 3451 voluerit,

310 3472 582 3529 redivivis
603 3471 946 3543 corporibus
969 3470 1040 3525 ad
1066 3487 1309 3542 superos
1333 3471 1584 3525 revocari
1602 3472 1965 3542 jubet.Tunc

310 3560 500 3618 fidelis
557 3559 790 3616 Domini
846 3558 1119 3613 sacerdos
1159 3558 1231 3613 ad
1266 3558 1684 3613 resuscitatum
1715 3576 1964 3631 puerum

309 3667 625 3706 conversus
658 3665 670 3702 :
706 3647 947 3713 Accede,
1004 3646 1217 3717 inquit,
1272 3646 1533 3718 prOpius,
1568 3652 1626 3702 et
1656 3665 1757 3718 per
1788 3652 1967 3706 temet

306 3755 515 3795 enarra
545 3737 886 3810 parentibus
917 3735 1058 3806 quid
1091 3734 1324 3799 videris,
1358 3734 1443 3790 vel
1476 3736 1575 3790 ubi
1610 3736 1963 3804 fueris,cun-

305 3829 415 3884 ctis
446 3825 621 3883 simul
648 3830 914 3897 patenter
945 3824 1204 3879 ostende.
1240 3824 1403 3878 Tunc
1427 3823 1541 3891 ille,
1563 3828 1627 3878 ut
1658 3841 1856 3880 recens
1889 3827 1961 3882 ab

304 3915 506 3971 inferis
527 3898 801 3988 prodien's
834 3916 1154 3969 emerserat
1187 3911 1434 3982 umbris,
1469 3913 1534 3966 ad
1574 3919 1778 3968 nutum
1806 3916 1961 3969 anti-

304 4004 459 4059 stitis
480 4019 581 4057 ora
606 4002 921 4067 resolvens,
947 4006 1121 4072 atque
1145 4019 1177 4055 a
1200 4004 1395 4055 tenero
1429 4005 1658 4071 pectore
1690 4001 1806 4056 alta
1837 4020 1962 4058 sus-

302 4089 453 4162 piria
484 4091 743 4158 trahens,
777 4088 957 4143 libere
992 4087 1165 4158 coepit
1197 4088 1419 4142 edicere
1470 4088 1610 4158 quid
1644 4087 1699 4142 in
1736 4089 1959 4146 inferno

302 4178 531 4252 positus
560 4177 647 4233 vel
683 4182 946 4233 senserat
973 4176 1060 4232 vel
1092 4176 1335 4230 vidisset
1361 4194 1373 4241 ;
1401 4175 1588 4231 multa
1617 4177 1881 4234 videlicet
1903 4185 1960 4234 et

301 4266 757 4323 innumerabilia
775 4271 1203 4321 tormentorum
1226 4266 1617 4335 genera,iuter
1639 4271 1959 4324 tartaraeos

300 4357 466 4431 ignes
490 4357 917 4411 ﬂammivomos
940 4356 1132 4426 vigore
1157 4359 1476 4424 serpentes,
1500 4354 1817 4411 immensas
1842 4374 1958 4413 reo-

298 4462 430 4501 rum
456 4444 867 4500 multitudines
898 4443 1141 4499 diversis
1168 4442 1473 4514 suppliciis
1498 4444 1956 4515 mancipatos.ac

298 4534 645 4590 miserorum
667 4534 910 4605 spiritus
930 4534 1082 4587 inter
1101 4532 1370 4587 flammas
1394 4538 1449 4585 et
1473 4532 1689 4603 frigora
1707 4541 1957 4590 coarcta-

298 4628 390 4679 tos
413 4623 665 4680 stridore
698 4624 963 4689 deficere,
997 4626 1173 4692 atque
1205 4638 1271 4676 ex
1303 4638 1407 4675 suo
1442 4621 1669 4676 defectu
1702 4623 1771 4676 ad
1808 4624 1954 4678 redi-

293 4712 423 4767 viva
452 4711 663 4767 iterum
698 4711 970 4766 incendia
1003 4709 1284 4775 renovari,
1321 4710 1420 4764 ubi
1468 4710 1534 4763 ad
1578 4710 1758 4766 vitam
1794 4712 1955 4767 nulla

294 4800 788 4869 recuperatio,scd
815 4799 1080 4854 omnium
1114 4797 1400 4852 bonorum
1425 4798 1790 4864 oblivio,sola
1817 4816 1954 4869 pree-

293 4885 548 4939 sentium
582 4901 887 4955 pinnarum
919 4884 1330 4940 inenarrabilis
1362 4886 1759 4952 cruciatio;ad
1774 4904 1951 4958 quam

289 4973 415 5044 ipse
437 4990 666 5043 quoque
699 4991 797 5029 rex
817 4980 873 5028 et
896 4973 1116 5045 regina,
1152 4990 1475 5044 omnesque
1518 4974 1950 5045 quipraisentes

290 5061 553 5130 aderant,
589 5060 789 5132 procul
824 5062 1001 5116 dubio
1031 5066 1229 5117 essent
1262 5062 1616 5132 perventuri,
1652 5062 1762 5117 nisi
1797 5064 1949 5119 beati

290 5147 575 5205 antistitis
633 5149 807 5204 dictis
849 5155 907 5204 et
939 5148 1106 5205 factis
1158 5150 1484 5216 crederent,
1520 5154 1575 5204 et
1605 5150 1946 5207 Christiana:

286 5235 418 5291 ﬁdei
454 5235 605 5291 colla
632 5238 1040 5308 subjugarcnt,
1062 5254 1240 5308 seque
1268 5236 1464 5307 ipsum
1497 5239 1566 5291 ad
1603 5240 1808 5294 eadem
1836 5258 1950 5311 pce-

288 5340 496 5378 narum
532 5323 658 5379 loca
689 5325 1007 5379 deductum
1042 5332 1330 5396 perpetua:
1367 5326 1763 5382 damnationis
1796 5333 1949 5383 tene-

285 5411 408 5468 bris
437 5411 621 5468 fuisse
654 5414 1019 5484 deputatum,
1038 5414 1146 5467 nisi
1178 5413 1325 5467 beati
1352 5414 1701 5469 confessoris
1726 5415 1939 5470 Christi

284 5500 457 5555 citius
479 5500 821 5555 intercessio
854 5501 1242 5564 subvenisset,
1270 5518 1395 5570 qua)
1429 5517 1560 5554 eum
1595 5519 1627 5556 a
1660 5502 1936 5574 malignis

277 5588 583 5661 spiritibus
617 5596 789 5660 atque
814 5590 886 5644 ab
922 5589 1307 5644 infernalibus
1357 5588 1629 5646 claustris
1662 5590 1928 5661 eriperet.

269 5681 326 5740 et
361 5679 431 5735 ad
466 5695 707 5749 superos
742 5685 1051 5733 revocaret.

1436 372 1768 434 ADSONIS
1811 370 2248 435 DERVENSIS
2298 374 2627 437 ABBATIS

325 506 496 569 trem,
531 519 741 574 corpus
774 502 1035 556 examine
1082 503 1237 573 quod
1287 504 1502 573 petisti.
1537 504 1593 557 Si
1638 510 1829 558 tamen
1862 504 1969 559 im-
2000 505 2055 571 Α

3627 370 3754 435 628

2746 508 2976 563 CAPUT
3019 508 3079 563 Χ.

2093 605 2259 673 Quod,
2290 623 2457 678 piu’ro
2482 608 2760 678 baptisato,
2796 624 2976 661 omnes
3010 606 3193 661 indole.
3222 607 3539 678 projz'riunt,
3572 614 3624 662 et
3654 607 3748 662 ba-

2159 681 2428 749 ptismatis
2477 687 2874 734 sacramentum
2908 682 2965 732 in
2992 694 3277 733 commune
3326 680 3663 751 suscipiunt,
3697 687 3751 735 et

2161 754 2417 805 unanimi
2450 760 2561 806 voto
2596 753 2649 805 in
2698 752 2875 806 salem
2929 751 3284 822 episcopalem
3313 750 3375 804 Β.
3407 750 3750 807 Mansuc’tum

2162 826 2512 877 constituunt.

2164 919 2292 973 I-lzec-
2314 919 2391 974 ita
2414 927 2465 974 et
2502 920 2669 990 plura
2701 920 2915 975 similia
2950 926 3294 991 prosecutus
3318 922 3384 975 ad
3412 922 3589 992 pedes
3620 938 3752 975 san-

2090 1008 2165 1062 cti
2197 1009 2603 1077 gemebundus
2636 1027 2780 1080 puer
2809 1010 3231 1074 substernitur,
3264 1014 3320 1064 et
3350 1010 3507 1063 fonte
3538 1009 3750 1065 salutis

2090 1096 2250 1151 ablui
2280 1096 2584 1151 humiliter
2605 1114 2668 1151 ac
2692 1098 2894 1153 devote
2918 1098 3240 1168 profitetur.
3280 1099 3510 1153 Patrem
3538 1115 3603 1152 ac
3632 1115 3753 1153 ma-

2091 1190 2241 1239 trem
2274 1191 2627 1256 ezeterosque
2658 1203 2906 1256 quorum
2941 1185 3245 1240 sollicitior
3277 1187 3482 1252 fuerat,
3505 1193 3570 1240 ut
3590 1187 3750 1241 idem

2091 1274 2347 1328 facerent
2378 1276 2525 1328 votis
2555 1278 2609 1329 et
2642 1273 2883 1329 monitis
2916 1274 3131 1345 quibus
3166 1278 3390 1344 poterat
3438 1275 3748 1341 suadebat,

2092 1362 2291 1433 dicens
2323 1379 2497 1417 suum
2530 1363 2867 1434 pontificem
2902 1380 2933 1416 a
2966 1362 3081 1416 Deo
3142 1362 3325 1416 fuisse
3385 1363 3749 1417 destinatum

2092 1450 2309 1515 urbi,in
2336 1451 2585 1505 salutem
2620 1450 2844 1505 venisse
2881 1450 3123 1515 civibus,
3147 1455 3439 1520 pastorem
3474 1454 3752 1504 sanctum

2092 1539 2421 1594 animarum
2449 1546 2729 1594 rectorem
2754 1543 2927 1610 atque
2960 1539 3261 1594 custodem
3287 1539 3480 1593 divina
3502 1538 3755 1610 disposi-

2090 1628 2245 1682 tione
2270 1634 2324 1682 et
2347 1627 2669 1699 apostolica
2700 1628 3069 1683 institutione
3101 1626 3350 1682 electum
3379 1645 3391 1692 ;
3423 1628 3593 1699 cujus
3626 1628 3754 1699 ipse

2090 1721 2147 1771 et
2176 1721 2295 1771 tota
2317 1718 2711 1772 communiter
2731 1716 2937 1772 civitas
2962 1715 3286 1771 salvaretur
3305 1717 3755 1772 adventu.Tunc

2091 1804 2270 1877 igitur
2298 1805 2453 1860 inter
2484 1806 2659 1860 verba
2690 1805 2942 1877 pueri,et
2975 1803 3477 1859 evidentissimum
3502 1805 3757 1861 resusci-

2091 1894 2327 1949 tationis
2350 1895 2477 1964 ejus
2498 1894 2647 1948 virtu
2658 1899 2797 1957 tem,
2822 1898 2996 1949 tanta:
3016 1893 3287 1949 novitatis
3313 1892 3547 1949 insolito
3569 1894 3753 1950 mira-

2088 1982 2218 2037 culo
2240 1984 2549 2056 stupefacti
2577 1999 2800 2049 omnes,
2826 1982 3088 2037 videntes
3112 1982 3486 2037 manifestam
3512 1983 3617 2038 Dei
3642 1983 3757 2038 vir-

2087 2074 2291 2137 tutem,
2314 2072 2403 2126 cui
2430 2072 2702 2126 resistere
2731 2077 2787 2125 et
2819 2071 2875 2125 in
2911 2070 3106 2142 aliquo
3138 2072 3535 2127 contradicere
3574 2087 3752 2127 nemo

2088 2177 2289 2215 eorum
2348 2165 2595 2231 poterat,
2632 2158 2786 2213 idola
2840 2164 3152 2230 respuunt,
3203 2176 3334 2214 aras
3378 2160 3751 2226 subvertunt,

2087 2254 2327 2304 cunctas
2352 2247 2567 2304 diaboli
2589 2248 2855 2304 officinas
2877 2253 3276 2319 prosternunt,
3302 2255 3359 2304 ot
3384 2266 3595 2306 manus
3619 2267 3753 2323 pro-

2085 2340 2389 2393 tendentcs
2410 2337 2624 2392 Christi
2648 2354 2857 2392 nomen
2893 2338 3287 2393 communiter
3320 2336 3659 2404 inclamare,
3696 2344 3755 2395 et

2086 2426 2290 2482 laudes
2322 2427 2382 2481 in
2415 2426 2558 2481 coelo
2585 2442 2899 2497 personare
2948 2432 3263 2498 coeperant.
3297 2426 3517 2483 Deinde
3570 2427 3756 2485 claris

2085 2515 2323 2570 vocibus
2336 2514 3109 2586 erumpentes,baptismatis
3123 2517 3751 2589 saeramcntum,quod

2086 2605 2248 2676 prius
2273 2605 2647 2677 pertinaciter
2669 2604 3042 2670 recusabant,
3074 2602 3378 2659 humiliter
3413 2621 3616 2661 omnes
3647 2624 3753 2661 ex-

2085 2694 2403 2765 postulant.
2424 2694 2587 2747 Tunc
2609 2710 2743 2747 vero
2767 2693 3093 2747 secundum
3117 2692 3467 2748 catholicam
3491 2694 3754 2767 discipli-

2086 2799 2222 2839 nam
2256 2799 2290 2837 a
2320 2782 2487 2837 beato
2520 2781 2785 2836 antistite
2841 2786 3055 2835 sancta:
3105 2780 3238 2835 fidei
3282 2781 3548 2853 regulam
3579 2784 3753 2855 prius

2085 2871 2297 2933 edocti,
2332 2887 2399 2924 ac
2428 2869 2641 2925 deinde
2672 2869 2921 2940 gratiam
2963 2868 3339 2941 baptismatis
3371 2876 3512 2926 sunt
3541 2888 3752 2929 conse-

2085 2960 2333 3026 cuti,rex
2353 2958 2577 3013 scilicet
2600 2962 2657 3013 et
2680 2958 2903 3029 regina,
2928 2958 3240 3029 omnisque
3269 2975 3473 3015 eorum
3497 2960 3751 3024 familia,

2084 3047 2275 3103 omnis
2307 3046 2579 3100 militaris
2611 3045 2770 3109 ordo,
2807 3046 3082 3100 universa
3135 3046 3494 3102 rusticorum
3549 3050 3756 3105 multi-

2082 3136 2244 3201 tudo,
2278 3141 2336 3188 et
2366 3135 2583 3189 factum
2620 3138 2708 3187 est
2737 3133 3019 3203 gaudium
3058 3150 3341 3204 magnum
3378 3136 3434 3190 in
3472 3137 3573 3193 illa
3604 3139 3753 3194 civi-

1999 3242 2042 3309 ρ
2083 3231 2217 3280 tate.
2252 3224 2418 3278 Tunc
2456 3222 2650 3277 omnis
2679 3221 3127 3276 candidatorum
3160 3222 3355 3291 turba,
3390 3228 3449 3278 et
3478 3226 3755 3285 caelestes

2080 3317 2136 3371 in
2161 3313 2331 3369 laude
2356 3310 2566 3367 Christi
2590 3310 3100 3375 cohortes,novum
3114 3310 3534 3381 redemptionis
3551 3329 3669 3385 gen
3682 3334 3754 3373 us

2077 3402 2291 3474 adepti,
2328 3406 2383 3456 et
2401 3403 2629 3454 vetusto
2654 3396 2894 3469 anguini
2933 3398 3212 3470 tegminis
3237 3396 3508 3469 squalore
3531 3419 3753 3474 exspo-

2074 3494 2222 3559 liati,
2273 3491 2532 3546 divinam
2591 3488 2912 3560 potentiam
2972 3488 3355 3552 admirantes,
3390 3492 3447 3543 et
3479 3489 3748 3561 gloriosa

2075 3582 2226 3638 be'ati
2260 3577 2549 3636 Mansueti
2580 3576 2790 3632 merita
2821 3576 3133 3649 magnifice
3163 3576 3573 3647 praedicantes,
3610 3583 3743 3650 pari

2071 3675 2201 3727 voto
2226 3670 2469 3742 parique
2501 3682 2793 3721 consensu
2826 3670 3098 3720 sanctum
3131 3664 3323 3720 virum
3346 3667 3529 3721 totius
3550 3668 3748 3726 Eccle-

2073 3761 2170 3815 siae
2203 3772 2507 3814 summum
2540 3760 2825 3810 rectorem
2850 3753 3078 3825 eligunt
3096 3771 3161 3810 ac
3186 3759 3481 3826 pastorem
3500 3757 3739 3826 justum

2070 3865 2220 3912 esse,
2255 3845 2355 3918 qui
2385 3846 2457 3900 ad
2493 3845 2673 3899 totius
2708 3844 2904 3913 populi
2950 3842 3204 3897 salutem
3262 3849 3521 3910 venerat,
3554 3846 3741 3902 totius

2069 3936 2346 3991 electione
2378 3931 2579 4004 populi
2630 3930 2884 4003 pastoris
2910 3931 3049 4001 jura
3080 3935 3303 3985 teneret
3330 3948 3343 3998 ;
3380 3948 3446 3987 ac
3479 3932 3563 3986 sic
3596 3934 3739 3987 uni-

2067 4025 2217 4079 versi
2261 4022 2677 4083 acclamantcs,
2711 4020 2868 4073 hunc
2927 4037 3053 4073 esse
3115 4020 3382 4091 dignum,
3419 4018 3573 4075 hunc
3605 4037 3737 4078 esse

2068 4113 2413 4185 gloriosum,
2432 4110 2589 4164 hunc
2616 4126 2717 4180 per
2736 4108 2935 4163 omnia
2956 4107 3186 4162 civibus
3210 4109 3583 4180 profuturum
3615 4127 3733 4165 non

2058 4203 2185 4273 jam
2210 4199 2377 4272 quasi
2405 4198 2806 4269 peregrinum,
2826 4196 2925 4251 sed
2951 4200 3233 4267 tanquam
3271 4202 3566 4267 pastorem
3603 4214 3735 4268 pro-

2066 4290 2259 4361 prium
2284 4286 2616 4359 apostolica:
2650 4285 2984 4356 praefultum
3011 4284 3313 4355 privilegio
3337 4284 3730 4357 dignitatis,in

2066 4378 2262 4433 sedem
2297 4380 2562 4431 statuunt
2596 4373 2949 4445 pontiﬁcalis
2984 4373 3245 4427 honoris.

2707 4470 2939 4525 CAPUT
2995 4470 3082 4526 XI.

1986 4611 2034 4677 D
2066 4572 2224 4646 Quod
2254 4589 2355 4626 rer
2383 4573 2437 4625 in
2461 4586 2644 4626 omnes
2673 4585 2790 4624 sua:
2818 4568 3047 4623 ditionis
3070 4574 3250 4639 partes
3281 4570 3476 4624 salutis
3508 4571 3728 4642 verbum

2138 4645 2462 4677 annnam...-
2492 4644 2714 4677 ωηο...]
2767 4648 2818 4677 pl
2846 4640 2985 4677 ιηιηιθ
3030 4641 3065 4677 ιι
3127 4640 3429 4677 Μηηεηιιηη
3682 4651 3728 4677 οι

2135 4645 2462 4698 onnuntiurt
2483 4644 2733 4712 jusserit,
2767 4648 2818 4695 et
2846 4640 2985 4709 quod
3024 4641 3087 4693 Β.
3121 4640 3429 4695 Mansuetus
3475 4640 3653 4711 signis
3680 4651 3732 4698 et

2137 4716 2426 4769 virtutibus
2458 4714 2787 4779 declaratus,
2819 4712 2954 4766 duas
3018 4712 3269 4766 basilicas
3321 4715 3467 4767 intra
3525 4716 3726 4769 menta

2134 4786 2287 4841 urbis
2317 4791 2758 4841 construxerunt.

2133 4884 2295 4938 Tunc
2326 4900 2421 4937 rex
2460 4886 2516 4937 et
2562 4880 2857 4952 principes
2915 4880 3043 4951 ejus
3085 4880 3214 4951 jam
3273 4880 3559 4936 catholica
3614 4882 3726 4938 fide

2061 4971 2309 5035 fundati,
2354 4987 2456 5043 per
2515 4986 2718 5024 omnes
2781 4969 3204 5025 dominationis
3266 4986 3383 5024 sua:
3440 4970 3724 5026 terminos

2059 5060 2227 5133 longe
2251 5059 2481 5130 lateque
2513 5058 2757 5113 verbum
2790 5057 2999 5112 salutis
3032 5056 3261 5113 cunctis
3293 5056 3507 5113 inferre
3530 5059 3726 5129 praeei-

2058 5150 2250 5221 piunt,
2275 5149 2355 5203 ita
2376 5145 2637 5202 volentes
2662 5145 3044 5217 nolentesque
3076 5151 3178 5202 aut
3207 5162 3337 5201 vere
3371 5151 3723 5202 convertan-

2058 5244 2170 5303 tur,
2206 5240 2308 5291 aut
2356 5235 2547 5307 patria
2584 5233 3005 5305 propellantur,
3043 5250 3147 5289 nec
3180 5232 3337 5289 ullus
3371 5234 3522 5288 infra
3551 5234 3722 5290 relin-

2057 5333 2271 5398 quatur
2301 5325 2399 5395 qui
2431 5328 2534 5379 aut
2565 5341 2680 5378 nou
2706 5323 3162 5393 baptizetur,aut
3184 5339 3297 5375 non
3331 5321 3719 5393 baptizandus

2054 5416 2124 5469 ad
2152 5415 2324 5468 fidem
2352 5413 2673 5467 imbuatur.
2710 5411 2803 5465 Sic
2837 5411 3017 5484 igitur
3046 5411 3133 5465 vir
3165 5410 3265 5466 Dei
3298 5409 3519 5466 electus
3548 5411 3716 5481 prius

2048 5504 2288 5574 quidem
2316 5502 2509 5556 Roma:
2533 5502 2846 5572 episcopus
2868 5504 3283 5565 consecratus;
3312 5504 3442 5571 post
3461 5516 3618 5571 vero,
3652 5501 3710 5556 in

2041 5591 2233 5646 verbis
2257 5590 2722 5661 praecedentibus
2748 5594 2924 5659 patet,
2944 5588 3197 5660 generali
3223 5587 3581 5660 populorum
3613 5606 3712 5644 ca-

2040 5680 2388 5735 clamatione
2422 5679 2607 5749 signis
2643 5684 2818 5748 atque
2845 5677 3129 5749 prodigiis
3161 5677 3233 5734 ad
3268 5675 3554 5747 pontificii
3581 5675 3713 5735 cul-
