3912 6364
140 408 262 475 629

967 407 1069 474 DE
1111 411 1296 475 VITA
1343 410 1405 474 S.
1452 410 1854 476 MANSL'ETI
1900 413 2110 476 LIBRI
2153 415 2334 478 DUO.
2382 452 2460 462 —
2501 415 2649 479 LIB.
2692 413 2740 478 I.

3442 411 3562 479 630

139 565 274 605 men
305 544 674 603 Louchorum
701 543 861 600 urbis
885 553 1534 617 assumptus,sermone
1561 566 1670 601 non
1699 563 1795 618 po-
1828 549 1881 613 Α
1915 568 2156 603 numero
2181 551 2576 621 apostolorum
2603 548 3410 622 eligiturprimus,confessor
3433 552 3560 608 Filii

140 643 258 696 test
285 634 704 708 comprehendi
740 641 960 705 quanta
981 640 1035 690 et
1060 635 1260 706 qualia
1282 636 1566 690 divinitus
1589 638 1805 691 meruit

140 727 403 784 liberari.
436 722 837 780 Misericordia
869 741 1122 795 namque
1154 728 1207 779 et
1241 725 1428 796 pietas
1481 743 1712 796 semper
1744 725 1802 780 in

141 819 269 888 ejus
299 832 400 871 ore
431 819 489 869 et
509 817 706 868 mente
726 813 1205 882 versabatur,nec
1229 813 1579 886 episcopalis
1603 820 1799 870 aucto-

141 907 286 962 ritas
318 902 550 976 pristini
585 901 798 974 rigoris
830 906 886 956 et
917 902 1287 956 abstinentia
1335 902 1497 964 frena
1546 903 1799 968 resolvit,

143 994 600 1064 noctesdiesque
614 992 956 1046 continuata
973 992 1156 1046 oratio
1176 1007 1327 1062 smpe
1347 992 1798 1047 consummavit.

144 1085 335 1140 Motus
367 1081 550 1137 animi
570 1085 735 1136 tanta
758 1079 1207 1135 mansuetudine
1227 1081 1641 1142 coarctavit,ut
1665 1099 1798 1136 cum

147 1169 621 1237 sciretmisercri,
638 1169 1096 1236 nesciretirasci,
1112 1169 1506 1240 omnibusque
1521 1169 1798 1235 clemens,

146 1261 540 1331 omnibusque.
571 1257 926 1315 misericors.
961 1259 1410 1312 Advenientium
1459 1276 1592 1312 vero
1626 1261 1797 1314 mise-

146 1352 261 1406 rias
291 1349 372 1405 ita
404 1348 753 1420 perferebat,
781 1352 844 1401 ut
876 1347 1213 1417 quicunque
1249 1364 1500 1402 moerens
1521 1349 1794 1408 venisset.

147 1439 407 1511 apprime
439 1435 779 1492 consolatus
824 1435 1008 1490 laetior
1057 1437 1294 1490 rediret.
1329 1436 1661 1506 Languores
1695 1454 1796 1491 au-

145 1533 260 1584 tem
274 1544 423 1600 aagre
439 1543 501 1580 se
514 1525 859 1580 habentium
882 1541 994 1578 non
1019 1525 1204 1578 solum
1229 1541 1337 1579 sua
1358 1525 1792 1590 intercessione,

146 1619 241 1674 sed
273 1618 452 1671 etiam
489 1615 642 1670 beati
678 1614 826 1668 Petri
861 1614 1118 1686 Apostoli
1163 1618 1400 1684 accepta
1451 1614 1796 1688 auctoritate

143 1705 319 1763 libere
343 1703 618 1762 curabat.
656 1703 744 1758 Ita
773 1706 972 1773 pastor
999 1703 1057 1757 in
1091 1701 1322 1774 populis
1353 1720 1481 1757 vere
1532 1704 1796 1757 medicus

145 1794 573 1870 agnoscebatur
600 1808 730 1848 esse
748 1789 978 1847 salutis.
993 1791 1152 1847 Sicut
1173 1798 1368 1846 autem
1390 1792 1446 1846 in
1465 1793 1646 1862 gestis
1668 1793 1794 1863 ejus

143 1900 265 1957 qua:
290 1881 485 1938 multo
506 1884 642 1937 ante
660 1897 766 1934 nos
784 1880 1112 1952 conscripta
1131 1883 1290 1947 sunt,
1306 1879 1570 1935 studioso
1595 1880 1792 1936 lectori
1825 1915 1873 1982 Β

143 1970 412 2045 perfacile
445 1972 540 2026 est
571 1969 839 2030 inveniri,
865 1969 1203 2032 emundata,
1225 1971 1291 2022 ut
1311 1985 1491 2040 supra
1514 1968 1792 2034 diximus,

143 2062 338 2118 eadem
353 2057 730 2116 Leuchorum
745 2057 885 2112 urbe
898 2057 1054 2112 omni
1074 2056 1362 2112 idolorum
1384 2059 1795 2129 superstitiosa

145 2149 438 2222 spurcitia,
475 2145 784 2202 aediﬁcavit
814 2146 968 2200 intra
1000 2146 1212 2200 mnia
1234 2146 1484 2201 civitatis
1509 2149 1792 2219 templum

144 2238 404 2303 Domino,
424 2235 486 2291 in
510 2235 732 2292 honore
752 2233 1016 2289 videlicet
1042 2235 1344 2306 genitricis
1366 2235 1462 2290 Dei
1487 2240 1541 2289 et
1564 2236 1792 2290 Domini

149 2327 318 2384 nostri
349 2326 494 2383 Jesu
542 2323 758 2380 Christi
811 2340 876 2380 ac
926 2329 1216 2395 perpetute
1275 2323 1520 2395 virginis
1578 2324 1794 2393 Mariae,

149 2433 361 2474 necnon
411 2419 472 2471 et
520 2413 708 2470 sancti
771 2413 1216 2484 protomartyris
1269 2413 1572 2485 Stephani.
1622 2413 1793 2468 Aliud

147 2522 269 2562 vero
298 2502 594 2576 templum
616 2501 942 2557 construxit
964 2517 1030 2556 ex
1052 2499 1232 2556 latere
1257 2501 1314 2556 in
1343 2507 1505 2573 parte
1527 2502 1792 2566 australi,

145 2595 291 2667 quod
325 2591 582 2650 solemni
633 2589 984 2662 populorum
1041 2589 1369 2660 frequentia
1417 2591 1704 2646 dedicavit
1736 2591 1794 2646 in

150 2683 355 2740 honore
379 2687 438 2738 et
469 2680 844 2736 veneratione
874 2678 1058 2733 sancti
1091 2678 1335 2733 Joannis
1368 2680 1657 2750 Baptistm,
1697 2681 1792 2735 ubi

152 2773 356 2828 dicitur
385 2771 459 2826 ad
495 2769 730 2825 Fontes.
758 2768 974 2823 Deinde
997 2771 1190 2822 autem
1216 2783 1319 2839 per
1339 2785 1572 2823 omnem
1597 2770 1799 2824 dioece-

155 2864 230 2920 sis
259 2879 373 2920 suae
406 2858 772 2934 provinciam
807 2856 1092 2928 plurimas
1125 2856 1452 2912 construxit
1481 2858 1794 2925 ecclesias;

154 2951 425 3008 ordinatis
457 2945 821 3023 presbyteris
854 2951 910 3000 et
941 2945 1308 3012 diaconibus,
1328 2946 1426 3002 ubi
1451 2947 1660 3002 divintc
1683 2963 1799 3002 ma-

148 3039 339 3111 jestati
369 3037 574 3094 debita
600 3034 733 3091 laus
762 3034 1047 3100 redditur,
1067 3039 1121 3089 et
1142 3033 1506 3106 gloriﬁcatur
1526 3035 1680 3092 Deus
1701 3036 1800 3092 ad-

155 3127 425 3186 mirabilis
456 3128 523 3183 in
546 3124 767 3181 sanctis
793 3123 940 3188 suis,
959 3138 1146 3194 usque
1168 3123 1224 3177 in
1251 3129 1594 3196 praesentem
1617 3125 1794 3180 diem.

155 3219 214 3274 In
238 3233 302 3274 eo
329 3233 464 3274 vero
503 3214 630 3272 loco
658 3211 760 3268 ubi
805 3212 1064 3284 primum
1115 3211 1448 3279 adveniens,
1484 3229 1550 3268 eo
1599 3213 1797 3268 minus

156 3305 210 3362 in
237 3304 520 3362 suburbio
570 3283 827 3358 civitatis
877 3300 1009 3365 sibi,
1043 3305 1108 3356 ut
1157 3299 1434 3367 diximus,
1470 3301 1794 3373 hospitium
1825 3283 1870 3350 ο

161 3395 592 3468 ρι’ωριιιιιινθιοει,
647 3389 876 3446 diurnis
934 3389 1173 3462 quidem
1227 3389 1288 3444 in
1338 3388 1569 3446 civitate
1619 3390 1794 3447 divini

160 3483 426 3556 pabulum
458 3479 624 3537 verbi
657 3478 818 3553 gregi
861 3477 974 3536 sibi
1023 3479 1340 3534 commisso
1386 3477 1635 3535 sollicite
1689 3481 1798 3535 mi-

162 3571 466 3638 nistrabat;
500 3567 808 3626 nocturnis
837 3572 1033 3624 autem
1061 3567 1445 3638 temporibus,
1471 3573 1535 3622 ut
1557 3567 1801 3624 liberius

162 3661 392 3716 orationi
425 3661 696 3723 instaret,
731 3657 803 3713 ad
836 3657 990 3712 idem
1023 3661 1306 3727 tanquam
1350 3657 1652 3713 conscium
1687 3659 1799 3714 sibi

161 3747 554 3806 habitaculum
613 3745 1026 3802 revertebatur.
1081 3745 1192 3801 Ubi
1239 3745 1463 3802 scilicet
1517 3745 1800 3818 lacryma-

163 3853 282 3894 rum
335 3835 646 3894 affluentia
701 3834 984 3899 diluebat,
1030 3835 1077 3890 si
1139 3834 1280 3907 quid
1340 3835 1495 3890 circa
1549 3834 1800 3892 aliorum

166 3925 395 3984 salutem
414 3927 760 3996 occupatus,
781 3923 890 3980 sibi
915 3923 1103 3995 ipsius
1121 3923 1349 3980 diurnis
1373 3924 1582 3996 spatiis
1604 3925 1801 3981 minus

165 4016 396 4087 perfecte
428 4017 824 4090 procurasset.
1409 4010 1430 4025 '

773 4118 1008 4175 CAPUT
1057 4118 1176 4176 XII.

171 4209 301 4277 Quod
362 4214 503 4268 cives
587 4209 921 4265 Tullensium
997 4211 1110 4262 sint
1171 4210 1288 4280 ejus
1351 4210 1677 4280 apostolatus
1745 4211 1799 4264 in

227 4283 456 4346 Domini,
517 4289 574 4338 et
626 4280 692 4336 de
755 4281 1058 4336 constantia
1121 4287 1173 4334 et
1235 4279 1484 4335 doctrina
1539 4283 1598 4335 Β.
1658 4283 1805 4336 Petri

232 4354 480 4426 Apostoti.

230 4459 423 4516 Tantis
468 4459 654 4533 igitur
696 4473 762 4513 ac
811 4457 1054 4524 talibus,
1087 4462 1150 4512 ut
1199 4457 1595 4530 praediximus,
1629 4457 1802 4530 longo

173 4549 432 4621 temporis
461 4546 739 4605 exercitio
771 4547 1004 4602 divinus
1035 4552 1307 4618 operator
1335 4547 1703 4603 incessanter
1722 4547 1805 4602 in-

1917 639 2013 693 Dei
2049 640 2254 704 factus,
2284 641 2522 694 humani
2549 640 2777 712 generis
2808 643 3005 710 pastor
3025 638 3267 705 electus,
3299 640 3570 696 Ecclesiae

1914 727 2388 795 fundamentum,
2421 727 2833 784 clavicularius
2856 728 3016 800 regni
3043 729 3570 796 ccelorum,Christi

1914 817 2146 873 Domini
2180 818 2544 872 confessione
2566 818 2867 890 probatus,
2892 818 3162 890 passione
3185 820 3564 891 postmodum

1913 911 2244 968 coronatus,
2279 906 2590 966 Galatiam,
2618 907 2892 973 Pontum,
2915 906 3571 978 Cappadociam,Bithy—

1914 998 2094 1060 niam,
2129 997 2322 1051 Asiam
2360 1002 2534 1067 atque
2568 995 2791 1050 Italiam
2827 996 3174 1067 evangelicis
3195 997 3361 1067 plene
3385 997 3566 1068 reple-

1911 1092 2068 1139 verat
2104 1086 2472 1139 documentis
2506 1102 2518 1138 :
2555 1084 2654 1154 qui
2687 1100 2821 1138 cum
2853 1085 2962 1138 sub
2988 1085 3161 1155 priori
3185 1085 3426 1139 Claudio
3450 1086 3565 1140 Ca3-

1913 1165 2040 1228 eare
2071 1174 2488 1228 Antiochenam
2521 1174 2629 1226 ﬁde
2671 1172 2956 1228 catholica
3001 1174 3257 1245 primum
3310 1175 3561 1244 perfecte

1911 1264 2214 1318 fundasset
2251 1262 2587 1326 Eeclesiam,
2621 1279 2868 1332 eamque
2887 1279 2988 1331 per
3009 1266 3227 1331 septem
3253 1261 3560 1318 continuos

1910 1357 2135 1425 regeret
2154 1369 2358 1414 annos,
2377 1352 2630 1406 Simonis
2657 1350 2806 1419 Magi
2831 1350 3560 1420 versutias,quiveritatem

1911 1441 2241 1512 apostolica‘
2262 1438 3156 1509 institutionisubiquelocorum
3183 1437 3564 1508 fugitans,sa-

1911 1549 1994 1584 na!
2029 1530 2306 1584 doctrinm
2342 1529 2534 1582 radios
2567 1527 2690 1582 suis
2717 1527 2973 1582 tenebris
2999 1525 3291 1582 maculare
3314 1530 3561 1583 conaba-

1909 1623 2037 1682 tur;
2065 1617 2285 1689 Spiritu
2321 1622 2523 1672 sancto
2547 1617 2787 1671 edoctus
2815 1617 3456 1685 perveniens,eumdem
3483 1620 3565 1674 Si-

1908 1723 2141 1762 monem
2168 1707 2403 1778 Magum
2428 1705 2672 1760 Romam
2695 1708 3037 1775 persecutus
3076 1703 3425 1776 ingreditur,
3461 1707 3565 1762 ibi-

1905 1811 2019 1868 que
2051 1794 2330 1849 electione
2363 1791 2623 1848 ﬁdelium
2648 1796 2847 1864 pastor
2867 1790 3132 1848 Ecclesia:
3159 1793 3559 1854 factus.Evan-

1904 1883 2120 1956 gelium
2156 1879 2710 1955 prmdicansyiginti
2725 1884 2782 1934 et
2795 1878 3238 1951 quinqueannis
3249 1882 3379 1953 ejus
3393 1883 3556 1938 urbis

1904 1974 2093 2028 tenuit
2126 1971 2541 2044 principatum.
2576 1969 2786 2025 Contra
2807 1970 2979 2040 cujus
3001 1969 3390 2026 clarissimam
3415 1989 3561 2044 prai-

1905 2062 2275 2126 dicationem,
2311 2065 2377 2116 ut
2408 2059 2664 2115 historiae
2696 2059 2973 2122 referunt,
3001 2059 3156 2114 idem
3177 2059 3377 2114 Simon
3402 2059 3559 2116 Anti-

1904 2150 2107 2206 christi
2142 2149 2474 2205 membrum
2505 2148 2712 2219 utique
2743 2146 3174 2213 factus,rabido
3196 2164 3292 2204 ore
3315 2166 3557 2205 consur-

1906 2257 2069 2314 gens,
2105 2238 2349 2294 Neronis
2379 2243 2438 2294 et
2463 2237 2729 2310 Agrippae
2782 2237 3036 2308 prmfecti
3092 2237 3239 2294 fisus
3291 2239 3556 2307 audacia,

1906 2329 2286 2402 apostolicam
2343 2325 2725 2382 assertionem
2790 2325 2878 2382 sui
2933 2326 3216 2398 pravitate
3270 2328 3558 2384 mendacii

1906 2419 2254 2491 impugnare
2270 2433 2383 2472 non
2405 2415 2650 2481 destitit,
2665 2414 2824 2470 unde
2845 2413 3089 2487 magicis
3111 2417 3335 2472 artibus
3350 2417 3560 2474 cmlum

1908 2507 2296 2564 conscendere
2346 2504 2606 2570 molitus,
2639 2503 2855 2559 virtute
2902 2508 2960 2559 et
3011 2505 3272 2562 oratione
3312 2507 3374 2562 B.
3411 2507 3562 2563 Petri

1907 2596 2178 2669 apostoli,
2217 2596 2358 2650 dum
2419 2595 2606 2650 fertur
2651 2607 2754 2666 per
2802 2610 2955 2656 aera,
3005 2594 3076 2649 ad
3125 2598 3310 2651 terras
3359 2612 3563 2652 amens

1907 2687 2127 2742 corruit
2160 2685 2217 2738 in
2249 2689 2443 2756 partes
2499 2680 2838 2740 elidendus:
2871 2682 3086 2753 quibus
3133 2683 3300 2750 actis,
3336 2684 3560 2741 Nerone

1897 2776 2166 2845 jubente,
2201 2771 2567 2844 proscriptus
2598 2773 2759 2822 sexto
2793 2774 2851 2824 et
2883 2769 3182 2826 tricesimo
3221 2786 3378 2826 anno
3425 2777 3559 2843 post

1908 2864 2239 2938 passionem
2272 2859 2505 2914 Domini
2546 2859 2603 2912 in
2655 2857 2797 2912 urbe
2847 2857 3049 2925 Roma,
3085 2863 3151 2914 ut
3196 2859 3321 2931 ipse
3369 2861 3558 2918 voluit

1908 2956 2181 3010 deorsum
2213 2947 2546 3012 cruciﬁxus,
2570 2950 2703 3018 post
2724 2945 3106 3018 apostolicum
3141 2949 3418 3005 meritum
3451 2967 3557 3007 su-

1907 3053 2219 3116 pernorum
2251 3035 2530 3093 calorum
2559 3049 2741 3106 regna
2769 3033 3099 3108 ingreditur
3125 3035 3378 3110 glorioso
3401 3055 3554 3098 mar-

1906 3131 2037 3204 tyrii
2070 3127 2357 3201 sanguine
2385 3124 2706 3182 laureatos.

2522 3213 2756 3272 CAPUT
2794 3213 2942 3272 XIII.

2443 3306 2516 3361 De
2543 3303 2693 3361 obitu
2723 3303 2866 3360 beati
2894 3305 3024 3360 viri.

1978 3397 2158 3468 Cujus
2191 3395 2249 3450 in
2283 3400 2404 3450 toto
2436 3399 2724 3448 terrarum
2757 3393 2896 3448 orbe
2928 3392 3137 3449 merito
3189 3395 3560 3456 recolendam

1909 3488 2119 3542 beatus
2148 3486 2490 3540 Mansuetus
2519 3485 2799 3554 tanquam
2854 3480 3185 3538 ﬁdissimus
3231 3484 3564 3557 discipulus

1910 3572 2174 3645 magistri
2209 3571 2452 3627 audiens
2483 3569 2854 3642 passionem;
2888 3568 3014 3624 loco
3035 3586 3152 3642 quo
3181 3572 3566 3642 praediximus

1910 3665 2146 3719 beatum
2166 3661 2357 3714 virum
2381 3675 2497 3714 non
2520 3657 2692 3730 longe
2712 3656 2786 3712 ab
2809 3656 2952 3712 urbe
2976 3673 3080 3729 pro
3103 3660 3363 3731 tempore
3379 3661 3565 3720 fuisse

1911 3750 2291 3824 hospitatum,
2325 3761 2500 3818 quem
2531 3745 2705 3801 etiam
2742 3743 2890 3799 sacri
2921 3744 3154 3801 oratorii
3178 3746 3306 3818 jam
3331 3748 3562 3821 pridem

1911 3840 2081 3896 titulo
2114 3837 2526 3893 illustraverat.
2557 3833 2902 3889 nobiliorem
2935 3833 3242 3890 ecclesiam
3275 3837 3559 3907 condidit,

1912 3944 2090 4002 quam
2119 3924 2386 3982 videlicet
2417 3923 2473 3978 in
2508 3923 2725 3978 honore
2774 3925 2831 3978 et
2879 3923 3162 3980 memoria
3204 3925 3356 3982 beati
3409 3925 3560 3984 Petri

1913 4015 2159 4090 apostoli
2177 4014 2268 4070 sui
2287 4012 2490 4084 utique
2507 4010 2877 4084 przeceptoris
2893 4015 3182 4082 statuens,
3196 4014 3346 4070 sacri
3364 4016 3566 4087 pigno-

1913 4109 1995 4163 ris
2024 4107 2171 4178 cjus,
2208 4119 2382 4176 quam
2417 4117 2615 4156 secum
2641 4100 2910 4156 attulisse
2931 4101 3134 4168 fertur,
3159 4101 3565 4163 benedictione

1913 4193 2304 4256 consecravit;
2333 4189 2431 4246 ubi
2468 4189 2691 4246 scilicet
2721 4189 2929 4246 diebus
2953 4206 3019 4246 ac
3041 4190 3314 4248 noctibus
3335 4200 3567 4265 peracto

1913 4280 2268 4357 praedicandi
2301 4279 2492 4336 ofﬁcio
2524 4278 2894 4344 conveniens,
2929 4295 2993 4333 ac
3044 4277 3151 4334 soli
3198 4281 3316 4337 Deo
3362 4298 3568 4340 vacare

1914 4373 2274 4434 desiderans,
2291 4369 2488 4442 plures
2511 4371 2709 4440 postea
2730 4381 2910 4438 agens
2933 4383 3136 4433 annos,
3153 4367 3566 4426 multitudines

1915 4459 2250 4517 ﬁdeliumin
2264 4455 2478 4512 Christi
2499 4455 2612 4510 ﬁde
2631 4453 3010 4526 colligens,ad
3037 4455 3394 4512 consortium
3420 4457 3574 4528 pra?

1914 4549 2078 4606 misit
2107 4545 2471 4618 angelorum.
2502 4542 2765 4614 Cumque
2787 4543 2914 4613 jam
2948 4541 3048 4598 Dei
3079 4540 3300 4600 athleta
3343 4545 3566 4604 electus

173 4634 390 4705 sistens,
420 4635 657 4709 fatigari
687 4652 803 4690 non
836 4639 1084 4707 poterat,
1119 4651 1294 4706 quem
1327 4637 1512 4691 sancti
1549 4637 1804 4708 Spiritus
1835 4654 1880 4718 D
1912 4637 2119 4710 plenus
2151 4638 2304 4691 esset
2334 4632 2583 4696 dierum,
2619 4635 2675 4686 et
2705 4635 2986 4703 provecta:
3026 4630 3239 4718 aetatis,
3272 4633 3478 4689 multis
3510 4639 3568 4690 et

173 4719 342 4780 fervor
360 4724 752 4790 accendebat;
783 4723 904 4795 qui,
922 4725 1246 4779 secundum
1273 4724 1532 4796 Apostoli
1555 4726 1801 4793 dictum,

175 4813 226 4866 et
251 4812 297 4867 si
325 4812 455 4870 aliis
484 4830 604 4870 non
633 4819 759 4868 erat
781 4813 1101 4885 apostolus,
1121 4812 1258 4868 huic
1280 4817 1476 4869 tamen
1501 4813 1652 4886 plebi
1675 4831 1808 4870 vere

177 4901 456 4969 apostolus
487 4902 714 4960 exstitit
742 4902 791 4972 (ι
819 4901 940 4957 Cor.
977 4917 1052 4964 ix,
1084 4903 1346 4973 2),quam
1371 4903 1495 4975 ipse
1519 4907 1602 4960 tot
1623 4902 1808 4974 signis

177 4989 334 5060 atque
360 4990 698 5056 virtutibus,
730 4993 817 5047 tot
844 4990 1063 5047 laboris
1084 4995 1142 5046 et
1163 4989 1459 5046 instantia;
1491 5009 1608 5048 suae
1633 4992 1808 5048 sudo-

179 5073 326 5134 ribus
353 5078 467 5136 Deo
497 5079 828 5152 acquisivit,
853 5083 910 5134 et
932 5079 1202 5150 quamvis
1224 5079 1488 5135 moribus
1511 5081 1730 5136 nostris
1753 5086 1810 5136 et

179 5167 518 5224 conversioni
551 5167 738 5224 multa
767 5169 972 5225 deesse
1005 5167 1384 5232 senserimus,
1417 5184 1543 5240 quae
1596 5168 1692 5224 ille
1724 5169 1814 5224 vir

179 5247 365 5310 beatus
387 5259 443 5311 et
463 5256 666 5312 docuit
681 5263 734 5313 et
752 5256 1022 5323 excoluit,
1039 5257 1208 5329 signa
1228 5261 1424 5314 tamen
1445 5257 1810 5330 apostolatus

181 5337 292 5406 ejus
320 5359 423 5400 nos
452 5361 660 5401 omnes
689 5345 749 5400 in
779 5346 1028 5401 Domino
1051 5362 1258 5401 sumus
1281 5345 1630 5418 (Ibid,),quia
1651 5348 1806 5419 quod

182 5421 266 5480 ille
292 5429 361 5483 ab
387 5429 514 5502 ipso
547 5433 908 5504 primordiali
933 5437 1148 5489 sanctae
1169 5440 1228 5488 et
1247 5433 1594 5490 universalis
1616 5435 1808 5490 Eccle-

182 5511 269 5568 sia:
297 5521 549 5592 sumpsit
575 5523 903 5590 exordium,
938 5522 1047 5578 hoc
1079 5524 1456 5594 postmodum
1471 5525 1666 5598 generi
1682 5542 1813 5579 nos-

183 5601 261 5657 tro
286 5603 464 5664 libera
494 5611 838 5668 auctoritate
870 5612 1266 5684 perfudit,ﬁde
1299 5613 1496 5684 potius
1547 5619 1810 5670 armatus

186 5701 342 5756 quam
363 5694 817 5756 ferro.Preterea
838 5699 1047 5756 beatus
1071 5699 1275 5756 Petrus
1298 5700 1728 5772 apostolus,qui
1750 5702 1812 5758 in

1915 4725 2144 4782 diurnis
2193 4723 2479 4778 honorum
2538 4733 2779 4791 operum
2837 4717 3153 4774 sudoribus
3200 4723 3258 4776 et
3295 4719 3565 4780 laborum

1915 4813 2229 4876 exercitiis,
2252 4814 2318 4866 ut.
2338 4807 2738 4882 praediximus,
2764 4806 3062 4878 fatigatus,
3087 4807 3405 4868 virtutibus
3432 4829 3572 4884 quo-

1917 4917 2032 4976 que
2063 4908 2122 4958 et
2151 4897 2570 4956 miraculorum
2611 4895 2798 4970 signis
2846 4895 3166 4954 admodum
3215 4899 3568 4972 declaratus,

1917 4997 2199 5064 tanquam
2233 4985 2422 5044 fidelis
2470 5003 2672 5042 servus
2703 4989 2761 5042 et
2791 4985 3070 5058 prudens,
3105 4986 3204 5060 qui
3252 4987 3572 5048 Dominicis

1918 5079 2151 5136 familiae
2173 5091 2514 5134 mensuram
2537 5074 2715 5131 tritici
2737 5075 2798 5130 in
2821 5079 3081 5147 tempore
3107 5092 3213 5132 suo
3234 5085 3575 5152 erogaverat

1921 5171 2070 5238 (Luc.
2104 5185 2204 5235 xu,
2238 5167 2349 5238 32),
2385 5166 2456 5222 ad
2489 5163 2891 5236 accupiendam
2922 5169 3148 5220 aeternae
3169 5183 3576 5242 recompensa-

1919 5259 2098 5316 tionis
2131 5257 2456 5312 mercedem
2505 5254 2753 5310 Domino
2789 5253 3038 5326 jubente
3082 5259 3344 5325 vocatus,
3379 5259 3572 5315 carnis

1920 5364 2093 5403 onere
2123 5345 2386 5418 deposito
2409 5360 2471 5399 m
2503 5343 2800 5399 Nonarum
2832 5343 3266 5414 Septembrium
3299 5346 3573 5418 spiritum

1921 5435 2063 5492 coelo
2093 5435 2370 5500 reddidit,
2401 5439 2458 5489 et
2488 5433 2698 5489 stolam
2731 5433 2910 5488 beatae
2941 5432 3405 5491 immortalitatis
3437 5451 3570 5492 cum

1921 5522 2167 5580 Domino
2181 5539 2287 5578 suo
2300 5522 2633 5596 perenniter
2655 5526 3006 5594 regnaturus
3030 5523 3376 5596 accepit,ubi
3401 5527 3573 5582 modo

1922 5615 2136 5688 gaudet
2167 5611 2508 5685 angelorum
2540 5611 2786 5669 coetibus
2817 5611 3125 5678 admistus,
3161 5615 3337 5684 atque
3377 5614 3569 5670 ovium

1923 5717 2164 5760 suarum
2183 5702 2372 5757 adhuc
2385 5701 2444 5757 in
2457 5702 2628 5758 terris
2645 5702 3004 5773 degentium,
3022 5698 3206 5756 multo
3223 5701 3413 5771 magis
3431 5717 3570 5772 prai-
