  <div class='ocr_page' id='page_1' title='image "/cluster/home/n/w/nwhite01/storage/ocr_20150623/136-137/uc1.31175019686917/997.png"; bbox 0 0 3912 6362; ppageno 0'>
   <div class='ocr_carea' id='block_1_1' title="bbox 357 363 470 425">
    <p class='ocr_par' dir='ltr' id='par_1_1' title="bbox 357 363 470 425">
     <span class='ocr_line' id='line_1_1' title="bbox 357 363 470 425; baseline 0.018 -2"><span class='ocrx_word' id='word_1_1' title='bbox 357 363 470 425; x_wconf 86' lang='grc'>631</span> 
     </span>
    </p>
   </div>
   <div class='ocr_carea' id='block_1_2' title="bbox 1474 364 2672 428">
    <p class='ocr_par' dir='ltr' id='par_1_2' title="bbox 1474 364 2672 428">
     <span class='ocr_line' id='line_1_2' title="bbox 1474 364 2672 428; baseline 0.003 -3"><span class='ocrx_word' id='word_1_2' title='bbox 1474 366 1805 425; x_wconf 78' lang='lat' dir='ltr'>ADSONlS</span> <span class='ocrx_word' id='word_1_3' title='bbox 1851 364 2289 426; x_wconf 75' lang='lat' dir='ltr'>DEBVENSIS</span> <span class='ocrx_word' id='word_1_4' title='bbox 2334 366 2672 428; x_wconf 85' lang='lat' dir='ltr'>ABBATIS</span> 
     </span>
    </p>
   </div>
   <div class='ocr_carea' id='block_1_3' title="bbox 3658 371 3775 434">
    <p class='ocr_par' dir='ltr' id='par_1_3' title="bbox 3658 371 3775 434">
     <span class='ocr_line' id='line_1_3' title="bbox 3658 371 3775 434; baseline 0.026 -3"><span class='ocrx_word' id='word_1_5' title='bbox 3658 371 3775 434; x_wconf 76' lang='lat'>632</span> 
     </span>
    </p>
   </div>
   <div class='ocr_carea' id='block_1_4' title="bbox 358 497 3779 571">
    <p class='ocr_par' dir='ltr' id='par_1_4' title="bbox 358 497 3779 571">
     <span class='ocr_line' id='line_1_4' title="bbox 358 497 3779 571; baseline 0.002 -16"><span class='ocrx_word' id='word_1_6' title='bbox 358 500 616 556; x_wconf 82' lang='lat' dir='ltr'>stantius</span> <span class='ocrx_word' id='word_1_7' title='bbox 649 503 704 553; x_wconf 87' lang='lat' dir='ltr'>et</span> <span class='ocrx_word' id='word_1_8' title='bbox 735 497 1026 570; x_wconf 89' lang='lat' dir='ltr'>potentius</span> <span class='ocrx_word' id='word_1_9' title='bbox 1060 497 1409 553; x_wconf 79' lang='lat' dir='ltr'>intercessor</span> <span class='ocrx_word' id='word_1_10' title='bbox 1438 497 1697 566; x_wconf 71' lang='lat' dir='ltr'>effectus,</span> <span class='ocrx_word' id='word_1_11' title='bbox 1731 498 1802 552; x_wconf 89' lang='lat' dir='ltr'>ad</span> <span class='ocrx_word' id='word_1_12' title='bbox 1837 498 2006 568; x_wconf 86' lang='lat' dir='ltr'>cujus</span> <span class='ocrx_word' id='word_1_13' title='bbox 2035 497 2092 565; x_wconf 76' lang='grc' dir='ltr'><strong>Α</strong></span> <span class='ocrx_word' id='word_1_14' title='bbox 2122 515 2236 552; x_wconf 92' lang='lat' dir='ltr'>non</span> <span class='ocrx_word' id='word_1_15' title='bbox 2260 504 2317 554; x_wconf 92' lang='lat' dir='ltr'>et</span> <span class='ocrx_word' id='word_1_16' title='bbox 2340 516 2517 571; x_wconf 87' lang='lat' dir='ltr'>quam</span> <span class='ocrx_word' id='word_1_17' title='bbox 2550 500 2719 556; x_wconf 87' lang='lat' dir='ltr'>multi</span> <span class='ocrx_word' id='word_1_18' title='bbox 2754 501 2998 559; x_wconf 88' lang='lat' dir='ltr'>diversis</span> <span class='ocrx_word' id='word_1_19' title='bbox 3020 507 3076 558; x_wconf 93' lang='lat' dir='ltr'>et</span> <span class='ocrx_word' id='word_1_20' title='bbox 3102 502 3637 560; x_wconf 81' lang='lat' dir='ltr'>innumerabilibus</span> <span class='ocrx_word' id='word_1_21' title='bbox 3658 504 3779 563; x_wconf 83' lang='lat' dir='ltr'>lan-</span> 
     </span>
    </p>
   </div>
   <div class='ocr_carea' id='block_1_5' title="bbox 355 586 2008 659">
    <p class='ocr_par' dir='ltr' id='par_1_5' title="bbox 355 586 2008 659">
     <span class='ocr_line' id='line_1_5' title="bbox 355 586 2008 659; baseline -0.002 -15"><span class='ocrx_word' id='word_1_22' title='bbox 355 588 765 659; x_wconf 86' lang='lat' dir='ltr'>exsequiarum</span> <span class='ocrx_word' id='word_1_23' title='bbox 800 586 1059 640; x_wconf 84' lang='lat' dir='ltr'>solemne</span> <span class='ocrx_word' id='word_1_24' title='bbox 1108 587 1527 639; x_wconf 83' lang='lat' dir='ltr'>emmnercium</span> <span class='ocrx_word' id='word_1_25' title='bbox 1572 588 1696 656; x_wconf 89' lang='lat' dir='ltr'>jam</span> <span class='ocrx_word' id='word_1_26' title='bbox 1749 586 1860 640; x_wconf 88' lang='lat' dir='ltr'>diei</span> <span class='ocrx_word' id='word_1_27' title='bbox 1895 604 2008 641; x_wconf 89' lang='lat' dir='ltr'>non</span> 
     </span>
    </p>
   </div>
   <div class='ocr_carea' id='block_1_6' title="bbox 352 674 2009 749">
    <p class='ocr_par' dir='ltr' id='par_1_6' title="bbox 352 674 2009 749">
     <span class='ocr_line' id='line_1_6' title="bbox 352 674 2009 749; baseline -0.001 -17"><span class='ocrx_word' id='word_1_28' title='bbox 352 681 547 749; x_wconf 85' lang='lat' dir='ltr'>potest</span> <span class='ocrx_word' id='word_1_29' title='bbox 577 680 793 747; x_wconf 87' lang='lat' dir='ltr'>quanta</span> <span class='ocrx_word' id='word_1_30' title='bbox 825 674 1143 728; x_wconf 74' lang='lat' dir='ltr'>multitudo</span> <span class='ocrx_word' id='word_1_31' title='bbox 1179 674 1439 728; x_wconf 81' lang='lat' dir='ltr'>tidelium</span> <span class='ocrx_word' id='word_1_32' title='bbox 1472 682 2009 747; x_wconf 85' lang='lat' dir='ltr'>convenerat,quos</span> 
     </span>
    </p>
   </div>
   <div class='ocr_carea' id='block_1_7' title="bbox 348 762 2010 835">
    <p class='ocr_par' dir='ltr' id='par_1_7' title="bbox 348 762 2010 835">
     <span class='ocr_line' id='line_1_7' title="bbox 348 762 2010 835; baseline 0.001 -16"><span class='ocrx_word' id='word_1_33' title='bbox 348 765 617 820; x_wconf 91' lang='lat' dir='ltr'>videlicet</span> <span class='ocrx_word' id='word_1_34' title='bbox 646 763 769 835; x_wconf 89' lang='lat' dir='ltr'>ipse</span> <span class='ocrx_word' id='word_1_35' title='bbox 792 762 1010 817; x_wconf 84' lang='lat' dir='ltr'>laboris</span> <span class='ocrx_word' id='word_1_36' title='bbox 1026 763 1113 816; x_wconf 71' lang='lat' dir='ltr'>sui</span> <span class='ocrx_word' id='word_1_37' title='bbox 1132 762 1413 818; x_wconf 89' lang='lat' dir='ltr'>instantia</span> <span class='ocrx_word' id='word_1_38' title='bbox 1429 763 1486 817; x_wconf 88' lang='lat' dir='ltr'>in</span> <span class='ocrx_word' id='word_1_39' title='bbox 1506 764 1656 819; x_wconf 72' lang='lat' dir='ltr'>illius</span> <span class='ocrx_word' id='word_1_40' title='bbox 1679 764 2010 835; x_wconf 83' lang='lat' dir='ltr'>adeptionis</span> 
     </span>
    </p>
   </div>
   <div class='ocr_carea' id='block_1_8' title="bbox 348 851 2008 926">
    <p class='ocr_par' dir='ltr' id='par_1_8' title="bbox 348 851 2008 926">
     <span class='ocr_line' id='line_1_8' title="bbox 348 851 2008 926; baseline 0.001 -18"><span class='ocrx_word' id='word_1_41' title='bbox 348 870 451 926; x_wconf 89' lang='lat' dir='ltr'>per</span> <span class='ocrx_word' id='word_1_42' title='bbox 482 852 734 923; x_wconf 78' lang='lat' dir='ltr'>Spiritus</span> <span class='ocrx_word' id='word_1_43' title='bbox 766 851 952 908; x_wconf 79' lang='lat' dir='ltr'>sancti</span> <span class='ocrx_word' id='word_1_44' title='bbox 984 853 1235 923; x_wconf 82' lang='lat' dir='ltr'>gratiam</span> <span class='ocrx_word' id='word_1_45' title='bbox 1282 852 1697 908; x_wconf 78' lang='lat' dir='ltr'>transfuderat.</span> <span class='ocrx_word' id='word_1_46' title='bbox 1732 855 2008 909; x_wconf 83' lang='lat' dir='ltr'>Cerneres</span> 
     </span>
    </p>
   </div>
   <div class='ocr_carea' id='block_1_9' title="bbox 346 942 2010 1014">
    <p class='ocr_par' dir='ltr' id='par_1_9' title="bbox 346 942 2010 1014">
     <span class='ocr_line' id='line_1_9' title="bbox 346 942 2010 1014; baseline -0.001 -16"><span class='ocrx_word' id='word_1_47' title='bbox 346 942 635 998; x_wconf 85' lang='lat' dir='ltr'>maximas</span> <span class='ocrx_word' id='word_1_48' title='bbox 670 942 1017 1013; x_wconf 88' lang='lat' dir='ltr'>populorum</span> <span class='ocrx_word' id='word_1_49' title='bbox 1053 946 1314 996; x_wconf 84' lang='lat' dir='ltr'>catervas</span> <span class='ocrx_word' id='word_1_50' title='bbox 1348 942 1603 1012; x_wconf 86' lang='lat' dir='ltr'>nonjam</span> <span class='ocrx_word' id='word_1_51' title='bbox 1640 943 1929 1014; x_wconf 85' lang='lat' dir='ltr'>peregrini</span> <span class='ocrx_word' id='word_1_52' title='bbox 1954 948 2010 997; x_wconf 89' lang='lat' dir='ltr'>et</span> 
     </span>
    </p>
   </div>
   <div class='ocr_carea' id='block_1_10' title="bbox 349 1030 2009 1105">
    <p class='ocr_par' dir='ltr' id='par_1_10' title="bbox 349 1030 2009 1105">
     <span class='ocr_line' id='line_1_10' title="bbox 349 1030 2009 1105; baseline -0.001 -18"><span class='ocrx_word' id='word_1_53' title='bbox 349 1032 555 1105; x_wconf 84' lang='lat' dir='ltr'>ignoti,</span> <span class='ocrx_word' id='word_1_54' title='bbox 580 1032 677 1087; x_wconf 86' lang='lat' dir='ltr'>sed</span> <span class='ocrx_word' id='word_1_55' title='bbox 714 1031 929 1103; x_wconf 83' lang='lat' dir='ltr'>proprii</span> <span class='ocrx_word' id='word_1_56' title='bbox 966 1031 1148 1102; x_wconf 80' lang='lat' dir='ltr'>patris</span> <span class='ocrx_word' id='word_1_57' title='bbox 1170 1036 1224 1084; x_wconf 89' lang='lat' dir='ltr'>et</span> <span class='ocrx_word' id='word_1_58' title='bbox 1248 1031 1498 1101; x_wconf 78' lang='lat' dir='ltr'>pastoris</span> <span class='ocrx_word' id='word_1_59' title='bbox 1524 1030 1612 1086; x_wconf 90' lang='lat' dir='ltr'>sui</span> <span class='ocrx_word' id='word_1_60' title='bbox 1640 1033 1803 1086; x_wconf 84' lang='lat' dir='ltr'>triste</span> <span class='ocrx_word' id='word_1_61' title='bbox 1830 1032 2009 1087; x_wconf 76' lang='lat' dir='ltr'>funus</span> 
     </span>
    </p>
   </div>
   <div class='ocr_carea' id='block_1_11' title="bbox 350 1119 2006 1194">
    <p class='ocr_par' dir='ltr' id='par_1_11' title="bbox 350 1119 2006 1194">
     <span class='ocr_line' id='line_1_11' title="bbox 350 1119 2006 1194; baseline -0.001 -17"><span class='ocrx_word' id='word_1_62' title='bbox 350 1120 1115 1194; x_wconf 82' lang='lat' dir='ltr'>stipasse,etlamentabilcs</span> <span class='ocrx_word' id='word_1_63' title='bbox 1138 1119 1443 1191; x_wconf 69' lang='lat' dir='ltr'>exz&#39;equias</span> <span class='ocrx_word' id='word_1_64' title='bbox 1468 1121 1727 1191; x_wconf 83' lang='lat' dir='ltr'>undique</span> <span class='ocrx_word' id='word_1_65' title='bbox 1754 1123 2006 1192; x_wconf 87' lang='lat' dir='ltr'>quodam</span> 
     </span>
    </p>
   </div>
   <div class='ocr_carea' id='block_1_12' title="bbox 352 1210 2007 1283">
    <p class='ocr_par' dir='ltr' id='par_1_12' title="bbox 352 1210 2007 1283">
     <span class='ocr_line' id='line_1_12' title="bbox 352 1210 2007 1283; baseline 0.001 -19"><span class='ocrx_word' id='word_1_66' title='bbox 352 1212 522 1283; x_wconf 83' lang='lat' dir='ltr'>quasi</span> <span class='ocrx_word' id='word_1_67' title='bbox 558 1210 875 1282; x_wconf 67' lang='lat' dir='ltr'>przecinctu</span> <span class='ocrx_word' id='word_1_68' title='bbox 911 1210 1175 1263; x_wconf 83' lang='lat' dir='ltr'>ﬂentium</span> <span class='ocrx_word' id='word_1_69' title='bbox 1199 1214 1373 1280; x_wconf 87' lang='lat' dir='ltr'>atque</span> <span class='ocrx_word' id='word_1_70' title='bbox 1394 1210 1717 1264; x_wconf 73' lang='lat' dir='ltr'>dolentium</span> <span class='ocrx_word' id='word_1_71' title='bbox 1744 1210 2007 1266; x_wconf 75' lang='lat' dir='ltr'>confusio</span> 
     </span>
    </p>
   </div>
   <div class='ocr_carea' id='block_1_13' title="bbox 350 1298 2006 1371">
    <p class='ocr_par' dir='ltr' id='par_1_13' title="bbox 350 1298 2006 1371">
     <span class='ocr_line' id='line_1_13' title="bbox 350 1298 2006 1371; baseline -0.003 -12"><span class='ocrx_word' id='word_1_72' title='bbox 350 1303 555 1359; x_wconf 82' lang='lat' dir='ltr'>ordine</span> <span class='ocrx_word' id='word_1_73' title='bbox 589 1300 883 1356; x_wconf 84' lang='lat' dir='ltr'>micuisse.</span> <span class='ocrx_word' id='word_1_74' title='bbox 919 1301 1003 1355; x_wconf 91' lang='lat' dir='ltr'>Ita</span> <span class='ocrx_word' id='word_1_75' title='bbox 1033 1298 1417 1370; x_wconf 59' lang='lat' dir='ltr'>praeeuntium</span> <span class='ocrx_word' id='word_1_76' title='bbox 1442 1304 1615 1371; x_wconf 89' lang='lat' dir='ltr'>atque</span> <span class='ocrx_word' id='word_1_77' title='bbox 1638 1301 2006 1370; x_wconf 78' lang='lat' dir='ltr'>sequentium</span> 
     </span>
    </p>
   </div>
   <div class='ocr_carea' id='block_1_14' title="bbox 352 1388 2009 1471">
    <p class='ocr_par' dir='ltr' id='par_1_14' title="bbox 352 1388 2009 1471">
     <span class='ocr_line' id='line_1_14' title="bbox 352 1388 2009 1471; baseline -0.002 -24"><span class='ocrx_word' id='word_1_78' title='bbox 352 1392 588 1465; x_wconf 89' lang='lat' dir='ltr'>agmine</span> <span class='ocrx_word' id='word_1_79' title='bbox 618 1406 808 1462; x_wconf 91' lang='lat' dir='ltr'>usque</span> <span class='ocrx_word' id='word_1_80' title='bbox 839 1390 912 1444; x_wconf 89' lang='lat' dir='ltr'>ad</span> <span class='ocrx_word' id='word_1_81' title='bbox 944 1388 1137 1471; x_wconf 83' lang='lat' dir='ltr'>locum</span> <span class='ocrx_word' id='word_1_82' title='bbox 1185 1388 1436 1459; x_wconf 85' lang='lat' dir='ltr'>sepulcri</span> <span class='ocrx_word' id='word_1_83' title='bbox 1490 1406 1701 1461; x_wconf 89' lang='lat' dir='ltr'>corpus</span> <span class='ocrx_word' id='word_1_84' title='bbox 1751 1390 2009 1444; x_wconf 83' lang='lat' dir='ltr'>defertur</span> 
     </span>
    </p>
   </div>
   <div class='ocr_carea' id='block_1_15' title="bbox 351 1477 2008 1549">
    <p class='ocr_par' dir='ltr' id='par_1_15' title="bbox 351 1477 2008 1549">
     <span class='ocr_line' id='line_1_15' title="bbox 351 1477 2008 1549; baseline -0.003 -11"><span class='ocrx_word' id='word_1_85' title='bbox 351 1481 643 1545; x_wconf 85' lang='lat' dir='ltr'>exanime,</span> <span class='ocrx_word' id='word_1_86' title='bbox 676 1484 733 1535; x_wconf 91' lang='lat' dir='ltr'>et</span> <span class='ocrx_word' id='word_1_87' title='bbox 763 1479 823 1534; x_wconf 90' lang='lat' dir='ltr'>in</span> <span class='ocrx_word' id='word_1_88' title='bbox 855 1496 920 1533; x_wconf 91' lang='lat' dir='ltr'>eo</span> <span class='ocrx_word' id='word_1_89' title='bbox 952 1477 1075 1533; x_wconf 89' lang='lat' dir='ltr'>loco</span> <span class='ocrx_word' id='word_1_90' title='bbox 1108 1495 1222 1548; x_wconf 89' lang='lat' dir='ltr'>quo</span> <span class='ocrx_word' id='word_1_91' title='bbox 1255 1494 1389 1532; x_wconf 90' lang='lat' dir='ltr'>eum</span> <span class='ocrx_word' id='word_1_92' title='bbox 1444 1478 1823 1549; x_wconf 63' lang='lat' dir='ltr'>praediximus</span> <span class='ocrx_word' id='word_1_93' title='bbox 1854 1479 2008 1533; x_wconf 87' lang='lat' dir='ltr'>beati</span> 
     </span>
    </p>
   </div>
   <div class='ocr_carea' id='block_1_16' title="bbox 352 1563 2010 1641">
    <p class='ocr_par' dir='ltr' id='par_1_16' title="bbox 352 1563 2010 1641">
     <span class='ocr_line' id='line_1_16' title="bbox 352 1563 2010 1641; baseline -0.004 -15"><span class='ocrx_word' id='word_1_94' title='bbox 352 1570 503 1626; x_wconf 90' lang='lat' dir='ltr'>Petri</span> <span class='ocrx_word' id='word_1_95' title='bbox 534 1566 933 1641; x_wconf 83' lang='lat' dir='ltr'>apostolorum</span> <span class='ocrx_word' id='word_1_96' title='bbox 968 1564 1252 1637; x_wconf 86' lang='lat' dir='ltr'>principis</span> <span class='ocrx_word' id='word_1_97' title='bbox 1274 1563 1493 1619; x_wconf 91' lang='lat' dir='ltr'>honore</span> <span class='ocrx_word' id='word_1_98' title='bbox 1516 1569 1571 1619; x_wconf 92' lang='lat' dir='ltr'>et</span> <span class='ocrx_word' id='word_1_99' title='bbox 1592 1564 1798 1619; x_wconf 90' lang='lat' dir='ltr'>merito</span> <span class='ocrx_word' id='word_1_100' title='bbox 1822 1564 2010 1620; x_wconf 86' lang='lat' dir='ltr'>Eccle-</span> 
     </span>
    </p>
   </div>
   <div class='ocr_carea' id='block_1_17' title="bbox 350 1652 2007 1727">
    <p class='ocr_par' dir='ltr' id='par_1_17' title="bbox 350 1652 2007 1727">
     <span class='ocr_line' id='line_1_17' title="bbox 350 1652 2007 1727; baseline -0.004 -12"><span class='ocrx_word' id='word_1_101' title='bbox 350 1659 500 1715; x_wconf 92' lang='lat' dir='ltr'>siam</span> <span class='ocrx_word' id='word_1_102' title='bbox 532 1658 855 1722; x_wconf 88' lang='lat' dir='ltr'>dedicasse,</span> <span class='ocrx_word' id='word_1_103' title='bbox 889 1652 1235 1727; x_wconf 85' lang='lat' dir='ltr'>dignissime</span> <span class='ocrx_word' id='word_1_104' title='bbox 1264 1653 1518 1707; x_wconf 88' lang='lat' dir='ltr'>traditur</span> <span class='ocrx_word' id='word_1_105' title='bbox 1558 1652 2007 1724; x_wconf 74' lang='lat' dir='ltr'>sepulturae.Ubi</span> 
     </span>
    </p>
   </div>
   <div class='ocr_carea' id='block_1_18' title="bbox 349 1741 2009 1802">
    <p class='ocr_par' dir='ltr' id='par_1_18' title="bbox 349 1741 2009 1802">
     <span class='ocr_line' id='line_1_18' title="bbox 349 1741 2009 1802; baseline -0.002 -1"><span class='ocrx_word' id='word_1_106' title='bbox 349 1746 506 1802; x_wconf 89' lang='lat' dir='ltr'>enim</span> <span class='ocrx_word' id='word_1_107' title='bbox 536 1750 620 1799; x_wconf 91' lang='lat' dir='ltr'>tot</span> <span class='ocrx_word' id='word_1_108' title='bbox 649 1744 1040 1800; x_wconf 86' lang='lat' dir='ltr'>certaminum</span> <span class='ocrx_word' id='word_1_109' title='bbox 1072 1746 1129 1797; x_wconf 91' lang='lat' dir='ltr'>et</span> <span class='ocrx_word' id='word_1_110' title='bbox 1173 1741 1443 1797; x_wconf 89' lang='lat' dir='ltr'>laborum</span> <span class='ocrx_word' id='word_1_111' title='bbox 1495 1747 2009 1798; x_wconf 86' lang='lat' dir='ltr'>consummavcrat</span> 
     </span>
    </p>
   </div>
   <div class='ocr_carea' id='block_1_19' title="bbox 2119 587 3777 663">
    <p class='ocr_par' dir='ltr' id='par_1_19' title="bbox 2119 587 3777 663">
     <span class='ocr_line' id='line_1_19' title="bbox 2119 587 3777 663; baseline 0.007 -24"><span class='ocrx_word' id='word_1_112' title='bbox 2119 587 2402 658; x_wconf 88' lang='lat' dir='ltr'>guoribus</span> <span class='ocrx_word' id='word_1_113' title='bbox 2430 588 2622 643; x_wconf 78' lang='lat' dir='ltr'>infecti</span> <span class='ocrx_word' id='word_1_114' title='bbox 2659 590 2866 645; x_wconf 88' lang='lat' dir='ltr'>salutis</span> <span class='ocrx_word' id='word_1_115' title='bbox 2891 592 3107 663; x_wconf 82' lang='lat' dir='ltr'>gaudia</span> <span class='ocrx_word' id='word_1_116' title='bbox 3126 593 3337 648; x_wconf 91' lang='lat' dir='ltr'>horum</span> <span class='ocrx_word' id='word_1_117' title='bbox 3363 592 3694 650; x_wconf 85' lang='lat' dir='ltr'>interventu</span> <span class='ocrx_word' id='word_1_118' title='bbox 3716 612 3777 651; x_wconf 86' lang='lat' dir='ltr'>se</span> 
     </span>
    </p>
   </div>
   <div class='ocr_carea' id='block_1_20' title="bbox 2120 678 3781 754">
    <p class='ocr_par' dir='ltr' id='par_1_20' title="bbox 2120 678 3781 754">
     <span class='ocr_line' id='line_1_20' title="bbox 2120 678 3781 754; baseline 0.007 -25"><span class='ocrx_word' id='word_1_119' title='bbox 2120 678 2415 748; x_wconf 73' lang='lat' dir='ltr'>gaudeant</span> <span class='ocrx_word' id='word_1_120' title='bbox 2444 679 2512 733; x_wconf 88' lang='lat' dir='ltr'>ad</span> <span class='ocrx_word' id='word_1_121' title='bbox 2550 678 2781 749; x_wconf 84' lang='lat' dir='ltr'>propria</span> <span class='ocrx_word' id='word_1_122' title='bbox 2814 681 3117 750; x_wconf 86' lang='lat' dir='ltr'>retulisse;</span> <span class='ocrx_word' id='word_1_123' title='bbox 3142 684 3212 737; x_wconf 92' lang='lat' dir='ltr'>ad</span> <span class='ocrx_word' id='word_1_124' title='bbox 3240 699 3492 754; x_wconf 90' lang='lat' dir='ltr'>quorum</span> <span class='ocrx_word' id='word_1_125' title='bbox 3515 683 3781 740; x_wconf 82' lang='lat' dir='ltr'>videlicet</span> 
     </span>
    </p>
   </div>
   <div class='ocr_carea' id='block_1_21' title="bbox 2122 767 3783 844">
    <p class='ocr_par' dir='ltr' id='par_1_21' title="bbox 2122 767 3783 844">
     <span class='ocr_line' id='line_1_21' title="bbox 2122 767 3783 844; baseline 0.007 -26"><span class='ocrx_word' id='word_1_126' title='bbox 2122 767 2534 836; x_wconf 85' lang='lat' dir='ltr'>patrocinium,</span> <span class='ocrx_word' id='word_1_127' title='bbox 2569 784 2770 839; x_wconf 76' lang='lat' dir='ltr'>regum</span> <span class='ocrx_word' id='word_1_128' title='bbox 2796 785 2861 822; x_wconf 88' lang='lat' dir='ltr'>ac</span> <span class='ocrx_word' id='word_1_129' title='bbox 2884 770 3217 842; x_wconf 88' lang='lat' dir='ltr'>principum</span> <span class='ocrx_word' id='word_1_130' title='bbox 3242 771 3495 842; x_wconf 84' lang='lat' dir='ltr'>legimus</span> <span class='ocrx_word' id='word_1_131' title='bbox 3518 772 3783 844; x_wconf 85' lang='lat' dir='ltr'>frequen-</span> 
     </span>
    </p>
   </div>
   <div class='ocr_carea' id='block_1_22' title="bbox 2120 854 3781 931">
    <p class='ocr_par' dir='ltr' id='par_1_22' title="bbox 2120 854 3781 931">
     <span class='ocr_line' id='line_1_22' title="bbox 2120 854 3781 931; baseline 0.007 -24"><span class='ocrx_word' id='word_1_132' title='bbox 2120 854 2262 908; x_wconf 89' lang='lat' dir='ltr'>tiam</span> <span class='ocrx_word' id='word_1_133' title='bbox 2310 855 2681 923; x_wconf 83' lang='lat' dir='ltr'>contluxisse,</span> <span class='ocrx_word' id='word_1_134' title='bbox 2718 874 2783 911; x_wconf 91' lang='lat' dir='ltr'>ac</span> <span class='ocrx_word' id='word_1_135' title='bbox 2818 858 2957 911; x_wconf 86' lang='lat' dir='ltr'>viris</span> <span class='ocrx_word' id='word_1_136' title='bbox 3009 858 3134 913; x_wconf 83' lang='lat' dir='ltr'>suis</span> <span class='ocrx_word' id='word_1_137' title='bbox 3185 861 3357 915; x_wconf 86' lang='lat' dir='ltr'>xenia</span> <span class='ocrx_word' id='word_1_138' title='bbox 3405 860 3663 931; x_wconf 90' lang='lat' dir='ltr'>plurima</span> <span class='ocrx_word' id='word_1_139' title='bbox 3708 865 3781 918; x_wconf 87' lang='lat' dir='ltr'>ad</span> 
     </span>
    </p>
   </div>
   <div class='ocr_carea' id='block_1_23' title="bbox 2120 942 3781 1022">
    <p class='ocr_par' dir='ltr' id='par_1_23' title="bbox 2120 942 3781 1022">
     <span class='ocr_line' id='line_1_23' title="bbox 2120 942 3781 1022; baseline 0.004 -25"><span class='ocrx_word' id='word_1_140' title='bbox 2120 942 2542 999; x_wconf 80' lang='lat' dir='ltr'>sublevandam</span> <span class='ocrx_word' id='word_1_141' title='bbox 2576 962 2876 1000; x_wconf 83' lang='lat' dir='ltr'>servorum</span> <span class='ocrx_word' id='word_1_142' title='bbox 2908 946 3009 1001; x_wconf 86' lang='lat' dir='ltr'>Dei</span> <span class='ocrx_word' id='word_1_143' title='bbox 3041 952 3097 1002; x_wconf 91' lang='lat' dir='ltr'>et</span> <span class='ocrx_word' id='word_1_144' title='bbox 3136 965 3461 1019; x_wconf 87' lang='lat' dir='ltr'>pauperum</span> <span class='ocrx_word' id='word_1_145' title='bbox 3514 948 3781 1022; x_wconf 80' lang='lat' dir='ltr'>indigen-</span> 
     </span>
    </p>
   </div>
   <div class='ocr_carea' id='block_1_24' title="bbox 2118 1031 3782 1110">
    <p class='ocr_par' dir='ltr' id='par_1_24' title="bbox 2118 1031 3782 1110">
     <span class='ocr_line' id='line_1_24' title="bbox 2118 1031 3782 1110; baseline 0.005 -25"><span class='ocrx_word' id='word_1_146' title='bbox 2118 1031 2258 1086; x_wconf 88' lang='lat' dir='ltr'>tiam</span> <span class='ocrx_word' id='word_1_147' title='bbox 2294 1033 2495 1087; x_wconf 81' lang='lat' dir='ltr'>devote</span> <span class='ocrx_word' id='word_1_148' title='bbox 2529 1034 2870 1101; x_wconf 83' lang='lat' dir='ltr'>contulisse,</span> <span class='ocrx_word' id='word_1_149' title='bbox 2906 1035 3005 1090; x_wconf 91' lang='lat' dir='ltr'>ubi</span> <span class='ocrx_word' id='word_1_150' title='bbox 3036 1036 3211 1091; x_wconf 85' lang='lat' dir='ltr'>etiam</span> <span class='ocrx_word' id='word_1_151' title='bbox 3240 1036 3486 1092; x_wconf 83' lang='lat' dir='ltr'>diversis</span> <span class='ocrx_word' id='word_1_152' title='bbox 3507 1039 3782 1110; x_wconf 86' lang='lat' dir='ltr'>tempori-</span> 
     </span>
    </p>
   </div>
   <div class='ocr_carea' id='block_1_25' title="bbox 2120 1121 3779 1185">
    <p class='ocr_par' dir='ltr' id='par_1_25' title="bbox 2120 1121 3779 1185">
     <span class='ocr_line' id='line_1_25' title="bbox 2120 1121 3779 1185; baseline 0.006 -12"><span class='ocrx_word' id='word_1_153' title='bbox 2120 1121 2251 1185; x_wconf 80' lang='lat' dir='ltr'>bus,</span> <span class='ocrx_word' id='word_1_154' title='bbox 2319 1123 2568 1177; x_wconf 85' lang='lat' dir='ltr'>miritiea</span> <span class='ocrx_word' id='word_1_155' title='bbox 2628 1128 2768 1176; x_wconf 91' lang='lat' dir='ltr'>sunt</span> <span class='ocrx_word' id='word_1_156' title='bbox 2827 1129 3062 1180; x_wconf 87' lang='lat' dir='ltr'>ostensa</span> <span class='ocrx_word' id='word_1_157' title='bbox 3119 1126 3404 1180; x_wconf 84' lang='lat' dir='ltr'>virtutum</span> <span class='ocrx_word' id='word_1_158' title='bbox 3465 1128 3779 1183; x_wconf 83' lang='lat' dir='ltr'>amborum</span> 
     </span>
    </p>
   </div>
   <div class='ocr_carea' id='block_1_26' title="bbox 2119 1211 3777 1287">
    <p class='ocr_par' dir='ltr' id='par_1_26' title="bbox 2119 1211 3777 1287">
     <span class='ocr_line' id='line_1_26' title="bbox 2119 1211 3777 1287; baseline 0.004 -23"><span class='ocrx_word' id='word_1_159' title='bbox 2119 1211 2345 1264; x_wconf 87' lang='lat' dir='ltr'>meritis</span> <span class='ocrx_word' id='word_1_160' title='bbox 2380 1211 2657 1281; x_wconf 79' lang='lat' dir='ltr'>insignia.</span> <span class='ocrx_word' id='word_1_161' title='bbox 2692 1213 2799 1267; x_wconf 88' lang='lat' dir='ltr'>Sed</span> <span class='ocrx_word' id='word_1_162' title='bbox 2835 1213 2923 1268; x_wconf 79' lang='lat' dir='ltr'>vel</span> <span class='ocrx_word' id='word_1_163' title='bbox 2957 1219 3194 1286; x_wconf 86' lang='lat' dir='ltr'>propter</span> <span class='ocrx_word' id='word_1_164' title='bbox 3248 1215 3600 1287; x_wconf 88' lang='lat' dir='ltr'>irruptiones</span> <span class='ocrx_word' id='word_1_165' title='bbox 3646 1218 3777 1272; x_wconf 75' lang='lat' dir='ltr'>bar~</span> 
     </span>
    </p>
   </div>
   <div class='ocr_carea' id='block_1_27' title="bbox 2119 1299 3779 1376">
    <p class='ocr_par' dir='ltr' id='par_1_27' title="bbox 2119 1299 3779 1376">
     <span class='ocr_line' id='line_1_27' title="bbox 2119 1299 3779 1376; baseline 0.005 -24"><span class='ocrx_word' id='word_1_166' title='bbox 2119 1299 2328 1353; x_wconf 88' lang='lat' dir='ltr'>barum</span> <span class='ocrx_word' id='word_1_167' title='bbox 2356 1300 2643 1370; x_wconf 79' lang='lat' dir='ltr'>gentium,</span> <span class='ocrx_word' id='word_1_168' title='bbox 2677 1300 2763 1355; x_wconf 80' lang='lat' dir='ltr'>vel</span> <span class='ocrx_word' id='word_1_169' title='bbox 2796 1306 2950 1356; x_wconf 89' lang='lat' dir='ltr'>certe</span> <span class='ocrx_word' id='word_1_170' title='bbox 2984 1307 3221 1375; x_wconf 87' lang='lat' dir='ltr'>propter</span> <span class='ocrx_word' id='word_1_171' title='bbox 3249 1303 3603 1376; x_wconf 88' lang='lat' dir='ltr'>scriptorum</span> <span class='ocrx_word' id='word_1_172' title='bbox 3650 1305 3779 1361; x_wconf 88' lang='lat' dir='ltr'>ino-</span> 
     </span>
    </p>
   </div>
   <div class='ocr_carea' id='block_1_28' title="bbox 2120 1386 3850 1463">
    <p class='ocr_par' dir='ltr' id='par_1_28' title="bbox 2120 1386 3850 1463">
     <span class='ocr_line' id='line_1_28' title="bbox 2120 1386 3850 1463; baseline 0.005 -23"><span class='ocrx_word' id='word_1_173' title='bbox 2120 1386 2437 1458; x_wconf 85' lang='lat' dir='ltr'>piam,sine</span> <span class='ocrx_word' id='word_1_174' title='bbox 2469 1388 2649 1443; x_wconf 89' lang='lat' dir='ltr'>dubio</span> <span class='ocrx_word' id='word_1_175' title='bbox 2682 1394 2822 1444; x_wconf 89' lang='lat' dir='ltr'>sunt</span> <span class='ocrx_word' id='word_1_176' title='bbox 2852 1391 3247 1461; x_wconf 69' lang='lat' dir='ltr'>przetermissa</span> <span class='ocrx_word' id='word_1_177' title='bbox 3268 1390 3352 1446; x_wconf 90' lang='lat' dir='ltr'>vel</span> <span class='ocrx_word' id='word_1_178' title='bbox 3377 1393 3779 1463; x_wconf 87' lang='lat' dir='ltr'>perdita.Cum</span> <span class='ocrx_word' id='word_1_179' title='bbox 3840 1410 3850 1419; x_wconf 78' lang='lat'><strong><em>‘</em></strong></span> 
     </span>
    </p>
   </div>
   <div class='ocr_carea' id='block_1_29' title="bbox 2118 1476 3779 1538">
    <p class='ocr_par' dir='ltr' id='par_1_29' title="bbox 2118 1476 3779 1538">
     <span class='ocr_line' id='line_1_29' title="bbox 2118 1476 3779 1538; baseline 0.005 -8"><span class='ocrx_word' id='word_1_180' title='bbox 2118 1476 2293 1531; x_wconf 88' lang='lat' dir='ltr'>etiam</span> <span class='ocrx_word' id='word_1_181' title='bbox 2344 1477 2495 1532; x_wconf 88' lang='lat' dir='ltr'>hanc</span> <span class='ocrx_word' id='word_1_182' title='bbox 2547 1478 2884 1535; x_wconf 87' lang='lat' dir='ltr'>noverimus</span> <span class='ocrx_word' id='word_1_183' title='bbox 2936 1480 3142 1535; x_wconf 83' lang='lat' dir='ltr'>urbem</span> <span class='ocrx_word' id='word_1_184' title='bbox 3192 1480 3264 1536; x_wconf 92' lang='lat' dir='ltr'>ob</span> <span class='ocrx_word' id='word_1_185' title='bbox 3320 1480 3779 1538; x_wconf 88' lang='lat' dir='ltr'>inhabitantium</span> 
     </span>
    </p>
   </div>
   <div class='ocr_carea' id='block_1_30' title="bbox 2118 1566 3783 1639">
    <p class='ocr_par' dir='ltr' id='par_1_30' title="bbox 2118 1566 3783 1639">
     <span class='ocr_line' id='line_1_30' title="bbox 2118 1566 3783 1639; baseline 0.004 -18"><span class='ocrx_word' id='word_1_186' title='bbox 2118 1566 2532 1621; x_wconf 86' lang='lat' dir='ltr'>enormitatem</span> <span class='ocrx_word' id='word_1_187' title='bbox 2564 1566 2876 1639; x_wconf 88' lang='lat' dir='ltr'>scelerum,</span> <span class='ocrx_word' id='word_1_188' title='bbox 2898 1568 3075 1624; x_wconf 89' lang='lat' dir='ltr'>simul</span> <span class='ocrx_word' id='word_1_189' title='bbox 3098 1586 3235 1624; x_wconf 90' lang='lat' dir='ltr'>eum</span> <span class='ocrx_word' id='word_1_190' title='bbox 3259 1569 3434 1625; x_wconf 88' lang='lat' dir='ltr'>rebus</span> <span class='ocrx_word' id='word_1_191' title='bbox 3455 1570 3783 1627; x_wconf 86' lang='lat' dir='ltr'>Wandalo-</span> 
     </span>
    </p>
   </div>
   <div class='ocr_carea' id='block_1_31' title="bbox 2117 1657 3782 1732">
    <p class='ocr_par' dir='ltr' id='par_1_31' title="bbox 2117 1657 3782 1732">
     <span class='ocr_line' id='line_1_31' title="bbox 2117 1657 3782 1732; baseline 0.005 -23"><span class='ocrx_word' id='word_1_192' title='bbox 2117 1657 2250 1710; x_wconf 80' lang='lat' dir='ltr'>rum</span> <span class='ocrx_word' id='word_1_193' title='bbox 2285 1660 2572 1712; x_wconf 83' lang='lat' dir='ltr'>vastatam</span> <span class='ocrx_word' id='word_1_194' title='bbox 2606 1658 3009 1728; x_wconf 85' lang='lat' dir='ltr'>persecutione</span> <span class='ocrx_word' id='word_1_195' title='bbox 3054 1657 3386 1714; x_wconf 87' lang='lat' dir='ltr'>crudelium</span> <span class='ocrx_word' id='word_1_196' title='bbox 3418 1676 3484 1715; x_wconf 89' lang='lat' dir='ltr'>ac</span> <span class='ocrx_word' id='word_1_197' title='bbox 3516 1666 3782 1732; x_wconf 87' lang='lat' dir='ltr'>postmo-</span> 
     </span>
    </p>
   </div>
   <div class='ocr_carea' id='block_1_32' title="bbox 2119 1744 3781 1817">
    <p class='ocr_par' dir='ltr' id='par_1_32' title="bbox 2119 1744 3781 1817">
     <span class='ocr_line' id='line_1_32' title="bbox 2119 1744 3781 1817; baseline 0.005 -18"><span class='ocrx_word' id='word_1_198' title='bbox 2119 1744 2261 1799; x_wconf 90' lang='lat' dir='ltr'>dum</span> <span class='ocrx_word' id='word_1_199' title='bbox 2296 1745 2522 1817; x_wconf 86' lang='lat' dir='ltr'>antiqui</span> <span class='ocrx_word' id='word_1_200' title='bbox 2555 1745 2744 1801; x_wconf 90' lang='lat' dir='ltr'>hostis</span> <span class='ocrx_word' id='word_1_201' title='bbox 2778 1746 3009 1802; x_wconf 87' lang='lat' dir='ltr'>insidiis</span> <span class='ocrx_word' id='word_1_202' title='bbox 3054 1746 3350 1804; x_wconf 88' lang='lat' dir='ltr'>atrocibus</span> <span class='ocrx_word' id='word_1_203' title='bbox 3400 1748 3781 1808; x_wconf 81' lang='lat' dir='ltr'>flammarum</span> 
     </span>
    </p>
   </div>
   <div class='ocr_carea' id='block_1_33' title="bbox 348 1831 2896 1937">
    <p class='ocr_par' dir='ltr' id='par_1_33' title="bbox 348 1831 2896 1937">
     <span class='ocr_line' id='line_1_33' title="bbox 348 1831 2896 1937; baseline -0.001 -44"><span class='ocrx_word' id='word_1_204' title='bbox 348 1853 612 1902; x_wconf 88' lang='lat' dir='ltr'>cursum,</span> <span class='ocrx_word' id='word_1_205' title='bbox 644 1834 723 1889; x_wconf 90' lang='lat' dir='ltr'>ibi</span> <span class='ocrx_word' id='word_1_206' title='bbox 765 1833 1014 1890; x_wconf 91' lang='lat' dir='ltr'>Domino</span> <span class='ocrx_word' id='word_1_207' title='bbox 1066 1832 1413 1903; x_wconf 86' lang='lat' dir='ltr'>disponente</span> <span class='ocrx_word' id='word_1_208' title='bbox 1468 1831 1727 1887; x_wconf 87' lang='lat' dir='ltr'>debitam</span> <span class='ocrx_word' id='word_1_209' title='bbox 1778 1832 2004 1903; x_wconf 90' lang='lat' dir='ltr'>corpori</span> <span class='ocrx_word' id='word_1_210' title='bbox 2036 1871 2084 1937; x_wconf 80' lang='grc' dir='ltr'><strong>Β</strong></span> <span class='ocrx_word' id='word_1_211' title='bbox 2120 1833 2407 1889; x_wconf 90' lang='lat' dir='ltr'>incendiis</span> <span class='ocrx_word' id='word_1_212' title='bbox 2441 1838 2896 1891; x_wconf 86' lang='lat' dir='ltr'>concrematam.</span> 
     </span>
    </p>
   </div>
   <div class='ocr_carea' id='block_1_34' title="bbox 343 1919 2001 1994">
    <p class='ocr_par' dir='ltr' id='par_1_34' title="bbox 343 1919 2001 1994">
     <span class='ocr_line' id='line_1_34' title="bbox 343 1919 2001 1994; baseline -0.004 -13"><span class='ocrx_word' id='word_1_213' title='bbox 343 1924 530 1982; x_wconf 90' lang='lat' dir='ltr'>voluit</span> <span class='ocrx_word' id='word_1_214' title='bbox 559 1924 774 1979; x_wconf 90' lang='lat' dir='ltr'>habere</span> <span class='ocrx_word' id='word_1_215' title='bbox 815 1920 1202 1994; x_wconf 89' lang='lat' dir='ltr'>sepulturam.</span> <span class='ocrx_word' id='word_1_216' title='bbox 1237 1922 1420 1986; x_wconf 90' lang='lat' dir='ltr'>Quem</span> <span class='ocrx_word' id='word_1_217' title='bbox 1468 1919 1737 1976; x_wconf 90' lang='lat' dir='ltr'>videlicet</span> <span class='ocrx_word' id='word_1_218' title='bbox 1782 1920 2001 1990; x_wconf 90' lang='lat' dir='ltr'>locum,</span> 
     </span>
    </p>
   </div>
   <div class='ocr_carea' id='block_1_35' title="bbox 346 2010 2003 2085">
    <p class='ocr_par' dir='ltr' id='par_1_35' title="bbox 346 2010 2003 2085">
     <span class='ocr_line' id='line_1_35' title="bbox 346 2010 2003 2085; baseline -0.003 -14"><span class='ocrx_word' id='word_1_219' title='bbox 346 2014 574 2071; x_wconf 89' lang='lat' dir='ltr'>meritis</span> <span class='ocrx_word' id='word_1_220' title='bbox 604 2014 733 2085; x_wconf 88' lang='lat' dir='ltr'>ejus</span> <span class='ocrx_word' id='word_1_221' title='bbox 765 2010 1195 2077; x_wconf 88' lang='lat' dir='ltr'>obtinentibus,</span> <span class='ocrx_word' id='word_1_222' title='bbox 1229 2026 1299 2064; x_wconf 85' lang='lat' dir='ltr'>ex</span> <span class='ocrx_word' id='word_1_223' title='bbox 1327 2013 1466 2065; x_wconf 88' lang='lat' dir='ltr'>tunc</span> <span class='ocrx_word' id='word_1_224' title='bbox 1498 2013 1555 2064; x_wconf 90' lang='lat' dir='ltr'>et</span> <span class='ocrx_word' id='word_1_225' title='bbox 1584 2010 1757 2066; x_wconf 88' lang='lat' dir='ltr'>modo</span> <span class='ocrx_word' id='word_1_226' title='bbox 1806 2010 2003 2066; x_wconf 87' lang='lat' dir='ltr'>divina</span> 
     </span>
    </p>
   </div>
   <div class='ocr_carea' id='block_1_36' title="bbox 345 2098 1999 2178">
    <p class='ocr_par' dir='ltr' id='par_1_36' title="bbox 345 2098 1999 2178">
     <span class='ocr_line' id='line_1_36' title="bbox 345 2098 1999 2178; baseline -0.004 -18"><span class='ocrx_word' id='word_1_227' title='bbox 345 2108 606 2178; x_wconf 87' lang='lat' dir='ltr'>potestas</span> <span class='ocrx_word' id='word_1_228' title='bbox 637 2102 709 2158; x_wconf 91' lang='lat' dir='ltr'>ad</span> <span class='ocrx_word' id='word_1_229' title='bbox 742 2100 974 2156; x_wconf 83' lang='lat' dir='ltr'>laudem</span> <span class='ocrx_word' id='word_1_230' title='bbox 1009 2103 1065 2155; x_wconf 89' lang='lat' dir='ltr'>et</span> <span class='ocrx_word' id='word_1_231' title='bbox 1093 2098 1340 2171; x_wconf 85' lang='lat' dir='ltr'>gloriam</span> <span class='ocrx_word' id='word_1_232' title='bbox 1374 2099 1464 2153; x_wconf 91' lang='lat' dir='ltr'>sui</span> <span class='ocrx_word' id='word_1_233' title='bbox 1508 2098 1762 2153; x_wconf 90' lang='lat' dir='ltr'>nominis</span> <span class='ocrx_word' id='word_1_234' title='bbox 1815 2098 1999 2171; x_wconf 87' lang='lat' dir='ltr'>signis</span> 
     </span>
    </p>
   </div>
   <div class='ocr_carea' id='block_1_37' title="bbox 346 2187 1999 2259">
    <p class='ocr_par' dir='ltr' id='par_1_37' title="bbox 346 2187 1999 2259">
     <span class='ocr_line' id='line_1_37' title="bbox 346 2187 1999 2259; baseline -0.005 -8"><span class='ocrx_word' id='word_1_235' title='bbox 346 2198 405 2251; x_wconf 90' lang='lat' dir='ltr'>et</span> <span class='ocrx_word' id='word_1_236' title='bbox 434 2190 750 2248; x_wconf 88' lang='lat' dir='ltr'>virtutibus</span> <span class='ocrx_word' id='word_1_237' title='bbox 800 2188 1080 2255; x_wconf 89' lang='lat' dir='ltr'>illustrat,</span> <span class='ocrx_word' id='word_1_238' title='bbox 1113 2191 1179 2241; x_wconf 92' lang='lat' dir='ltr'>ut</span> <span class='ocrx_word' id='word_1_239' title='bbox 1226 2187 1572 2242; x_wconf 89' lang='lat' dir='ltr'>ostendatur</span> <span class='ocrx_word' id='word_1_240' title='bbox 1621 2190 1908 2259; x_wconf 89' lang='lat' dir='ltr'>quantum</span> <span class='ocrx_word' id='word_1_241' title='bbox 1940 2188 1999 2243; x_wconf 93' lang='lat' dir='ltr'>in</span> 
     </span>
    </p>
   </div>
   <div class='ocr_carea' id='block_1_38' title="bbox 347 2275 1999 2354">
    <p class='ocr_par' dir='ltr' id='par_1_38' title="bbox 347 2275 1999 2354">
     <span class='ocr_line' id='line_1_38' title="bbox 347 2275 1999 2354; baseline -0.005 -15"><span class='ocrx_word' id='word_1_242' title='bbox 347 2284 663 2354; x_wconf 90' lang='lat' dir='ltr'>conspectu</span> <span class='ocrx_word' id='word_1_243' title='bbox 700 2281 925 2333; x_wconf 68' lang='lat' dir='ltr'>mterna:</span> <span class='ocrx_word' id='word_1_244' title='bbox 976 2275 1259 2331; x_wconf 88' lang='lat' dir='ltr'>claritatis</span> <span class='ocrx_word' id='word_1_245' title='bbox 1308 2275 1368 2330; x_wconf 91' lang='lat' dir='ltr'>in</span> <span class='ocrx_word' id='word_1_246' title='bbox 1418 2275 1577 2331; x_wconf 83' lang='lat' dir='ltr'>caelis</span> <span class='ocrx_word' id='word_1_247' title='bbox 1627 2276 1866 2349; x_wconf 82' lang='lat' dir='ltr'>fulgeat,</span> <span class='ocrx_word' id='word_1_248' title='bbox 1899 2279 1999 2349; x_wconf 88' lang='lat' dir='ltr'>qui</span> 
     </span>
    </p>
   </div>
   <div class='ocr_carea' id='block_1_39' title="bbox 344 2364 1999 2439">
    <p class='ocr_par' dir='ltr' id='par_1_39' title="bbox 344 2364 1999 2439">
     <span class='ocr_line' id='line_1_39' title="bbox 344 2364 1999 2439; baseline -0.004 -11"><span class='ocrx_word' id='word_1_249' title='bbox 344 2375 644 2429; x_wconf 88' lang='lat' dir='ltr'>tantarum</span> <span class='ocrx_word' id='word_1_250' title='bbox 661 2366 922 2439; x_wconf 88' lang='lat' dir='ltr'>quotidie</span> <span class='ocrx_word' id='word_1_251' title='bbox 940 2367 1223 2421; x_wconf 90' lang='lat' dir='ltr'>virtutum</span> <span class='ocrx_word' id='word_1_252' title='bbox 1240 2364 1297 2419; x_wconf 91' lang='lat' dir='ltr'>in</span> <span class='ocrx_word' id='word_1_253' title='bbox 1322 2371 1636 2437; x_wconf 89' lang='lat' dir='ltr'>conspectu</span> <span class='ocrx_word' id='word_1_254' title='bbox 1660 2367 1999 2422; x_wconf 88' lang='lat' dir='ltr'>mortalium</span> 
     </span>
    </p>
   </div>
   <div class='ocr_carea' id='block_1_40' title="bbox 346 2453 1998 2527">
    <p class='ocr_par' dir='ltr' id='par_1_40' title="bbox 346 2453 1998 2527">
     <span class='ocr_line' id='line_1_40' title="bbox 346 2453 1998 2527; baseline -0.005 -10"><span class='ocrx_word' id='word_1_255' title='bbox 346 2458 733 2517; x_wconf 88' lang='lat' dir='ltr'>admiratione</span> <span class='ocrx_word' id='word_1_256' title='bbox 763 2458 1051 2510; x_wconf 89' lang='lat' dir='ltr'>coruscat.</span> <span class='ocrx_word' id='word_1_257' title='bbox 1085 2453 1267 2524; x_wconf 83' lang='lat' dir='ltr'>Cujus</span> <span class='ocrx_word' id='word_1_258' title='bbox 1312 2453 1519 2510; x_wconf 87' lang='lat' dir='ltr'>merita</span> <span class='ocrx_word' id='word_1_259' title='bbox 1568 2453 1820 2527; x_wconf 86' lang='lat' dir='ltr'>gloriosa</span> <span class='ocrx_word' id='word_1_260' title='bbox 1871 2473 1998 2524; x_wconf 90' lang='lat' dir='ltr'>nos,</span> 
     </span>
    </p>
   </div>
   <div class='ocr_carea' id='block_1_41' title="bbox 344 2542 2001 2623">
    <p class='ocr_par' dir='ltr' id='par_1_41' title="bbox 344 2542 2001 2623">
     <span class='ocr_line' id='line_1_41' title="bbox 344 2542 2001 2623; baseline -0.002 -18"><span class='ocrx_word' id='word_1_261' title='bbox 344 2550 446 2623; x_wconf 90' lang='lat' dir='ltr'>qui</span> <span class='ocrx_word' id='word_1_262' title='bbox 474 2564 608 2603; x_wconf 90' lang='lat' dir='ltr'>oves</span> <span class='ocrx_word' id='word_1_263' title='bbox 640 2550 696 2601; x_wconf 90' lang='lat' dir='ltr'>et</span> <span class='ocrx_word' id='word_1_264' title='bbox 725 2561 864 2617; x_wconf 85' lang='lat' dir='ltr'>grex</span> <span class='ocrx_word' id='word_1_265' title='bbox 894 2544 1023 2615; x_wconf 87' lang='lat' dir='ltr'>ejus</span> <span class='ocrx_word' id='word_1_266' title='bbox 1056 2559 1438 2611; x_wconf 90' lang='lat' dir='ltr'>sumus,cum</span> <span class='ocrx_word' id='word_1_267' title='bbox 1462 2542 1673 2597; x_wconf 89' lang='lat' dir='ltr'>humili</span> <span class='ocrx_word' id='word_1_268' title='bbox 1698 2544 2001 2601; x_wconf 91' lang='lat' dir='ltr'>devotione</span> 
     </span>
    </p>
   </div>
   <div class='ocr_carea' id='block_1_42' title="bbox 344 2631 1997 2703">
    <p class='ocr_par' dir='ltr' id='par_1_42' title="bbox 344 2631 1997 2703">
     <span class='ocr_line' id='line_1_42' title="bbox 344 2631 1997 2703; baseline -0.003 -8"><span class='ocrx_word' id='word_1_269' title='bbox 344 2637 539 2696; x_wconf 89' lang='lat' dir='ltr'>debito</span> <span class='ocrx_word' id='word_1_270' title='bbox 568 2636 789 2691; x_wconf 86' lang='lat' dir='ltr'>honore</span> <span class='ocrx_word' id='word_1_271' title='bbox 815 2649 1181 2701; x_wconf 88' lang='lat' dir='ltr'>veneremur,</span> <span class='ocrx_word' id='word_1_272' title='bbox 1201 2636 1265 2688; x_wconf 88' lang='lat' dir='ltr'>ut</span> <span class='ocrx_word' id='word_1_273' title='bbox 1288 2631 1475 2703; x_wconf 89' lang='lat' dir='ltr'>ipsius</span> <span class='ocrx_word' id='word_1_274' title='bbox 1499 2632 1997 2690; x_wconf 88' lang='lat' dir='ltr'>intercedentibus</span> 
     </span>
    </p>
   </div>
   <div class='ocr_carea' id='block_1_43' title="bbox 341 2722 1997 2795">
    <p class='ocr_par' dir='ltr' id='par_1_43' title="bbox 341 2722 1997 2795">
     <span class='ocr_line' id='line_1_43' title="bbox 341 2722 1997 2795; baseline -0.004 -10"><span class='ocrx_word' id='word_1_275' title='bbox 341 2726 576 2785; x_wconf 90' lang='lat' dir='ltr'>meritis</span> <span class='ocrx_word' id='word_1_276' title='bbox 607 2725 735 2782; x_wconf 89' lang='lat' dir='ltr'>sine</span> <span class='ocrx_word' id='word_1_277' title='bbox 768 2725 883 2779; x_wconf 86' lang='lat' dir='ltr'>ﬁne</span> <span class='ocrx_word' id='word_1_278' title='bbox 914 2740 1049 2778; x_wconf 91' lang='lat' dir='ltr'>eum</span> <span class='ocrx_word' id='word_1_279' title='bbox 1081 2740 1147 2778; x_wconf 92' lang='lat' dir='ltr'>eo</span> <span class='ocrx_word' id='word_1_280' title='bbox 1178 2722 1434 2795; x_wconf 84' lang='lat' dir='ltr'>gaudere</span> <span class='ocrx_word' id='word_1_281' title='bbox 1464 2723 1997 2779; x_wconf 89' lang='lat' dir='ltr'>mereamur.Nunc</span> 
     </span>
    </p>
   </div>
   <div class='ocr_carea' id='block_1_44' title="bbox 339 2811 1994 2892">
    <p class='ocr_par' dir='ltr' id='par_1_44' title="bbox 339 2811 1994 2892">
     <span class='ocr_line' id='line_1_44' title="bbox 339 2811 1994 2892; baseline -0.003 -19"><span class='ocrx_word' id='word_1_282' title='bbox 339 2832 597 2892; x_wconf 87' lang='lat' dir='ltr'>quoque,</span> <span class='ocrx_word' id='word_1_283' title='bbox 630 2814 771 2888; x_wconf 89' lang='lat' dir='ltr'>quia</span> <span class='ocrx_word' id='word_1_284' title='bbox 796 2813 921 2869; x_wconf 73' lang='lat' dir='ltr'>vitm</span> <span class='ocrx_word' id='word_1_285' title='bbox 953 2818 1009 2868; x_wconf 92' lang='lat' dir='ltr'>et</span> <span class='ocrx_word' id='word_1_286' title='bbox 1039 2811 1433 2868; x_wconf 87' lang='lat' dir='ltr'>conversionis</span> <span class='ocrx_word' id='word_1_287' title='bbox 1466 2812 1593 2883; x_wconf 85' lang='lat' dir='ltr'>ejus</span> <span class='ocrx_word' id='word_1_288' title='bbox 1625 2811 1685 2867; x_wconf 91' lang='lat' dir='ltr'>in</span> <span class='ocrx_word' id='word_1_289' title='bbox 1718 2828 1892 2867; x_wconf 89' lang='lat' dir='ltr'>carne</span> <span class='ocrx_word' id='word_1_290' title='bbox 1923 2814 1994 2868; x_wconf 91' lang='lat' dir='ltr'>de</span> 
     </span>
    </p>
   </div>
   <div class='ocr_carea' id='block_1_45' title="bbox 337 2901 1996 2981">
    <p class='ocr_par' dir='ltr' id='par_1_45' title="bbox 337 2901 1996 2981">
     <span class='ocr_line' id='line_1_45' title="bbox 337 2901 1996 2981; baseline -0.004 -19"><span class='ocrx_word' id='word_1_291' title='bbox 337 2906 529 2981; x_wconf 80' lang='lat' dir='ltr'>gentis</span> <span class='ocrx_word' id='word_1_292' title='bbox 560 2921 629 2961; x_wconf 85' lang='lat' dir='ltr'>ex</span> <span class='ocrx_word' id='word_1_293' title='bbox 656 2908 820 2977; x_wconf 90' lang='lat' dir='ltr'>parte</span> <span class='ocrx_word' id='word_1_294' title='bbox 850 2904 1027 2958; x_wconf 83' lang='lat' dir='ltr'>ﬁnem</span> <span class='ocrx_word' id='word_1_295' title='bbox 1058 2902 1424 2975; x_wconf 84' lang='lat' dir='ltr'>agnovimus,</span> <span class='ocrx_word' id='word_1_296' title='bbox 1459 2901 1592 2971; x_wconf 88' lang='lat' dir='ltr'>quis</span> <span class='ocrx_word' id='word_1_297' title='bbox 1644 2902 1771 2972; x_wconf 85' lang='lat' dir='ltr'>ejus</span> <span class='ocrx_word' id='word_1_298' title='bbox 1820 2902 1996 2957; x_wconf 78' lang='lat' dir='ltr'>fuerit</span> 
     </span>
    </p>
   </div>
   <div class='ocr_carea' id='block_1_46' title="bbox 334 2989 1991 3063">
    <p class='ocr_par' dir='ltr' id='par_1_46' title="bbox 334 2989 1991 3063">
     <span class='ocr_line' id='line_1_46' title="bbox 334 2989 1991 3063; baseline -0.006 -9"><span class='ocrx_word' id='word_1_299' title='bbox 334 3011 641 3054; x_wconf 82' lang='lat' dir='ltr'>successor</span> <span class='ocrx_word' id='word_1_300' title='bbox 669 2992 1083 3063; x_wconf 88' lang='lat' dir='ltr'>compendiosa</span> <span class='ocrx_word' id='word_1_301' title='bbox 1107 2990 1387 3046; x_wconf 88' lang='lat' dir='ltr'>brevitate</span> <span class='ocrx_word' id='word_1_302' title='bbox 1409 2989 1543 3045; x_wconf 89' lang='lat' dir='ltr'>huic</span> <span class='ocrx_word' id='word_1_303' title='bbox 1564 2990 1879 3045; x_wconf 87' lang='lat' dir='ltr'>narrationi</span> <span class='ocrx_word' id='word_1_304' title='bbox 1906 2990 1991 3044; x_wconf 91' lang='lat' dir='ltr'>in-</span> 
     </span>
    </p>
   </div>
   <div class='ocr_carea' id='block_1_47' title="bbox 335 3079 1247 3153">
    <p class='ocr_par' dir='ltr' id='par_1_47' title="bbox 335 3079 1247 3153">
     <span class='ocr_line' id='line_1_47' title="bbox 335 3079 1247 3153; baseline -0.01 -12"><span class='ocrx_word' id='word_1_305' title='bbox 335 3100 525 3141; x_wconf 86' lang='lat' dir='ltr'>serere</span> <span class='ocrx_word' id='word_1_306' title='bbox 557 3082 801 3153; x_wconf 85' lang='lat' dir='ltr'>dignum</span> <span class='ocrx_word' id='word_1_307' title='bbox 826 3079 1247 3151; x_wconf 89' lang='lat' dir='ltr'>judicavimus.</span> 
     </span>
    </p>
   </div>
   <div class='ocr_carea' id='block_1_48' title="bbox 956 3165 1370 3221">
    <p class='ocr_par' dir='ltr' id='par_1_48' title="bbox 956 3165 1370 3221">
     <span class='ocr_line' id='line_1_48' title="bbox 956 3165 1370 3221; baseline -0.007 0"><span class='ocrx_word' id='word_1_308' title='bbox 956 3166 1189 3221; x_wconf 81' lang='lat' dir='ltr'>CAPUT</span> <span class='ocrx_word' id='word_1_309' title='bbox 1228 3165 1370 3220; x_wconf 86' lang='lat' dir='ltr'><strong>XIV.</strong></span> 
     </span>
    </p>
   </div>
   <div class='ocr_carea' id='block_1_49' title="bbox 2186 1924 3776 2002">
    <p class='ocr_par' dir='ltr' id='par_1_49' title="bbox 2186 1924 3776 2002">
     <span class='ocr_line' id='line_1_49' title="bbox 2186 1924 3776 2002; baseline 0.004 -23"><span class='ocrx_word' id='word_1_310' title='bbox 2186 1924 2303 1979; x_wconf 87' lang='lat' dir='ltr'>Hoc</span> <span class='ocrx_word' id='word_1_311' title='bbox 2336 1928 2532 1979; x_wconf 88' lang='lat' dir='ltr'>tamen</span> <span class='ocrx_word' id='word_1_312' title='bbox 2567 1942 2681 1979; x_wconf 91' lang='lat' dir='ltr'>non</span> <span class='ocrx_word' id='word_1_313' title='bbox 2708 1930 2797 1979; x_wconf 90' lang='lat' dir='ltr'>est</span> <span class='ocrx_word' id='word_1_314' title='bbox 2826 1924 3056 1981; x_wconf 88' lang='lat' dir='ltr'>silentio</span> <span class='ocrx_word' id='word_1_315' title='bbox 3088 1926 3580 1999; x_wconf 86' lang='lat' dir='ltr'>supprimendum</span> <span class='ocrx_word' id='word_1_316' title='bbox 3614 1931 3776 2002; x_wconf 87' lang='lat' dir='ltr'>quod</span> 
     </span>
    </p>
   </div>
   <div class='ocr_carea' id='block_1_50' title="bbox 2113 2012 3778 2085">
    <p class='ocr_par' dir='ltr' id='par_1_50' title="bbox 2113 2012 3778 2085">
     <span class='ocr_line' id='line_1_50' title="bbox 2113 2012 3778 2085; baseline 0.005 -17"><span class='ocrx_word' id='word_1_317' title='bbox 2113 2028 2210 2068; x_wconf 91' lang='lat' dir='ltr'>ore</span> <span class='ocrx_word' id='word_1_318' title='bbox 2227 2013 2622 2085; x_wconf 88' lang='lat' dir='ltr'>quorumdam</span> <span class='ocrx_word' id='word_1_319' title='bbox 2643 2012 2812 2069; x_wconf 89' lang='lat' dir='ltr'>nobis</span> <span class='ocrx_word' id='word_1_320' title='bbox 2830 2013 3079 2069; x_wconf 79' lang='lat' dir='ltr'>fideliter</span> <span class='ocrx_word' id='word_1_321' title='bbox 3098 2020 3188 2070; x_wconf 88' lang='lat' dir='ltr'>est</span> <span class='ocrx_word' id='word_1_322' title='bbox 3206 2014 3778 2076; x_wconf 84' lang='lat' dir='ltr'>relatum.Martinus</span> 
     </span>
    </p>
   </div>
   <div class='ocr_carea' id='block_1_51' title="bbox 2112 2101 3775 2175">
    <p class='ocr_par' dir='ltr' id='par_1_51' title="bbox 2112 2101 3775 2175">
     <span class='ocr_line' id='line_1_51' title="bbox 2112 2101 3775 2175; baseline 0.005 -19"><span class='ocrx_word' id='word_1_323' title='bbox 2112 2101 2484 2157; x_wconf 90' lang='lat' dir='ltr'>Turonorum</span> <span class='ocrx_word' id='word_1_324' title='bbox 2517 2105 2757 2157; x_wconf 87' lang='lat' dir='ltr'>sanctus</span> <span class='ocrx_word' id='word_1_325' title='bbox 2790 2102 3101 2175; x_wconf 89' lang='lat' dir='ltr'>episcopus</span> <span class='ocrx_word' id='word_1_326' title='bbox 3128 2107 3248 2159; x_wconf 89' lang='lat' dir='ltr'>toto</span> <span class='ocrx_word' id='word_1_327' title='bbox 3280 2106 3437 2175; x_wconf 90' lang='lat' dir='ltr'>orbe,</span> <span class='ocrx_word' id='word_1_328' title='bbox 3471 2110 3537 2161; x_wconf 87' lang='lat' dir='ltr'>ut</span> <span class='ocrx_word' id='word_1_329' title='bbox 3566 2111 3775 2165; x_wconf 89' lang='lat' dir='ltr'>notum</span> 
     </span>
    </p>
   </div>
   <div class='ocr_carea' id='block_1_52' title="bbox 2112 2190 3777 2257">
    <p class='ocr_par' dir='ltr' id='par_1_52' title="bbox 2112 2190 3777 2257">
     <span class='ocr_line' id='line_1_52' title="bbox 2112 2190 3777 2257; baseline 0.005 -12"><span class='ocrx_word' id='word_1_330' title='bbox 2112 2194 2219 2257; x_wconf 89' lang='lat' dir='ltr'>est,</span> <span class='ocrx_word' id='word_1_331' title='bbox 2239 2190 2909 2256; x_wconf 89' lang='lat' dir='ltr'>famosissimum,beato</span> <span class='ocrx_word' id='word_1_332' title='bbox 2934 2192 3252 2249; x_wconf 84' lang='lat' dir='ltr'>Maximino</span> <span class='ocrx_word' id='word_1_333' title='bbox 3279 2194 3653 2252; x_wconf 88' lang='lat' dir='ltr'>Trevirorum</span> <span class='ocrx_word' id='word_1_334' title='bbox 3675 2214 3777 2254; x_wconf 88' lang='lat' dir='ltr'>an-</span> 
     </span>
    </p>
   </div>
   <div class='ocr_carea' id='block_1_53' title="bbox 2108 2277 3775 2358">
    <p class='ocr_par' dir='ltr' id='par_1_53' title="bbox 2108 2277 3775 2358">
     <span class='ocr_line' id='line_1_53' title="bbox 2108 2277 3775 2358; baseline 0.006 -25"><span class='ocrx_word' id='word_1_335' title='bbox 2108 2277 2277 2334; x_wconf 89' lang='lat' dir='ltr'>tistiti</span> <span class='ocrx_word' id='word_1_336' title='bbox 2308 2279 2629 2335; x_wconf 89' lang='lat' dir='ltr'>admodum</span> <span class='ocrx_word' id='word_1_337' title='bbox 2660 2279 2850 2336; x_wconf 80' lang='lat' dir='ltr'>fuerat</span> <span class='ocrx_word' id='word_1_338' title='bbox 2867 2280 3391 2352; x_wconf 88' lang='lat' dir='ltr'>familiarissimus,</span> <span class='ocrx_word' id='word_1_339' title='bbox 3418 2283 3498 2340; x_wconf 87' lang='lat' dir='ltr'>ita</span> <span class='ocrx_word' id='word_1_340' title='bbox 3531 2288 3598 2340; x_wconf 87' lang='lat' dir='ltr'>ut.</span> <span class='ocrx_word' id='word_1_341' title='bbox 3617 2303 3775 2358; x_wconf 65' lang='lat' dir='ltr'>saepe</span> 
     </span>
    </p>
   </div>
   <div class='ocr_carea' id='block_1_54' title="bbox 2110 2368 3776 2442">
    <p class='ocr_par' dir='ltr' id='par_1_54' title="bbox 2110 2368 3776 2442">
     <span class='ocr_line' id='line_1_54' title="bbox 2110 2368 3776 2442; baseline 0.004 -17"><span class='ocrx_word' id='word_1_342' title='bbox 2110 2368 2335 2425; x_wconf 91' lang='lat' dir='ltr'>collatis</span> <span class='ocrx_word' id='word_1_343' title='bbox 2367 2369 2701 2425; x_wconf 85' lang='lat' dir='ltr'>fruerentur</span> <span class='ocrx_word' id='word_1_344' title='bbox 2730 2368 3022 2442; x_wconf 90' lang='lat' dir='ltr'>alloquiis,</span> <span class='ocrx_word' id='word_1_345' title='bbox 3046 2375 3104 2427; x_wconf 88' lang='lat' dir='ltr'>et</span> <span class='ocrx_word' id='word_1_346' title='bbox 3127 2371 3365 2428; x_wconf 90' lang='lat' dir='ltr'>beatum</span> <span class='ocrx_word' id='word_1_347' title='bbox 3401 2373 3636 2431; x_wconf 87' lang='lat' dir='ltr'>Petrum</span> <span class='ocrx_word' id='word_1_348' title='bbox 3660 2376 3776 2432; x_wconf 80' lang='lat' dir='ltr'>Ro-</span> 
     </span>
    </p>
   </div>
   <div class='ocr_carea' id='block_1_55' title="bbox 2111 2458 3779 2530">
    <p class='ocr_par' dir='ltr' id='par_1_55' title="bbox 2111 2458 3779 2530">
     <span class='ocr_line' id='line_1_55' title="bbox 2111 2458 3779 2530; baseline 0.006 -18"><span class='ocrx_word' id='word_1_349' title='bbox 2111 2474 2269 2513; x_wconf 88' lang='lat' dir='ltr'>mam</span> <span class='ocrx_word' id='word_1_350' title='bbox 2309 2458 2529 2530; x_wconf 89' lang='lat' dir='ltr'>paritcr</span> <span class='ocrx_word' id='word_1_351' title='bbox 2576 2458 2813 2527; x_wconf 88' lang='lat' dir='ltr'>adituri,</span> <span class='ocrx_word' id='word_1_352' title='bbox 2849 2459 3077 2515; x_wconf 88' lang='lat' dir='ltr'>mutuis</span> <span class='ocrx_word' id='word_1_353' title='bbox 3127 2458 3329 2516; x_wconf 90' lang='lat' dir='ltr'>viatim</span> <span class='ocrx_word' id='word_1_354' title='bbox 3381 2461 3779 2522; x_wconf 86' lang='lat' dir='ltr'>inniterentur</span> 
     </span>
    </p>
   </div>
   <div class='ocr_carea' id='block_1_56' title="bbox 2109 2546 3777 2624">
    <p class='ocr_par' dir='ltr' id='par_1_56' title="bbox 2109 2546 3777 2624">
     <span class='ocr_line' id='line_1_56' title="bbox 2109 2546 3777 2624; baseline 0.004 -21"><span class='ocrx_word' id='word_1_355' title='bbox 2109 2546 2658 2619; x_wconf 87' lang='lat' dir='ltr'>eolloquiis.Beatus</span> <span class='ocrx_word' id='word_1_356' title='bbox 2674 2546 2855 2620; x_wconf 86' lang='lat' dir='ltr'>igitur</span> <span class='ocrx_word' id='word_1_357' title='bbox 2866 2548 3152 2604; x_wconf 89' lang='lat' dir='ltr'>Martinus</span> <span class='ocrx_word' id='word_1_358' title='bbox 3166 2550 3466 2606; x_wconf 89' lang='lat' dir='ltr'>communi</span> <span class='ocrx_word' id='word_1_359' title='bbox 3484 2552 3777 2624; x_wconf 89' lang='lat' dir='ltr'>disposito</span> 
     </span>
    </p>
   </div>
   <div class='ocr_carea' id='block_1_57' title="bbox 2108 2635 3775 2715">
    <p class='ocr_par' dir='ltr' id='par_1_57' title="bbox 2108 2635 3775 2715">
     <span class='ocr_line' id='line_1_57' title="bbox 2108 2635 3775 2715; baseline 0.005 -24"><span class='ocrx_word' id='word_1_360' title='bbox 2108 2637 2362 2715; x_wconf 86' lang='lat' dir='ltr'>quodam</span> <span class='ocrx_word' id='word_1_361' title='bbox 2394 2640 2654 2709; x_wconf 91' lang='lat' dir='ltr'>tempore</span> <span class='ocrx_word' id='word_1_362' title='bbox 2686 2635 2743 2692; x_wconf 90' lang='lat' dir='ltr'>id</span> <span class='ocrx_word' id='word_1_363' title='bbox 2778 2641 3045 2704; x_wconf 89' lang='lat' dir='ltr'>acturus,</span> <span class='ocrx_word' id='word_1_364' title='bbox 3080 2638 3401 2696; x_wconf 90' lang='lat' dir='ltr'>oratorium</span> <span class='ocrx_word' id='word_1_365' title='bbox 3424 2641 3577 2696; x_wconf 89' lang='lat' dir='ltr'>beati</span> <span class='ocrx_word' id='word_1_366' title='bbox 3602 2642 3775 2699; x_wconf 86' lang='lat' dir='ltr'>Man-</span> 
     </span>
    </p>
   </div>
   <div class='ocr_carea' id='block_1_58' title="bbox 2108 2725 3773 2796">
    <p class='ocr_par' dir='ltr' id='par_1_58' title="bbox 2108 2725 3773 2796">
     <span class='ocr_line' id='line_1_58' title="bbox 2108 2725 3773 2796; baseline 0.005 -16"><span class='ocrx_word' id='word_1_367' title='bbox 2108 2725 2259 2781; x_wconf 90' lang='lat' dir='ltr'>sueti</span> <span class='ocrx_word' id='word_1_368' title='bbox 2290 2726 2361 2780; x_wconf 89' lang='lat' dir='ltr'>ad</span> <span class='ocrx_word' id='word_1_369' title='bbox 2395 2725 2550 2796; x_wconf 87' lang='lat' dir='ltr'>quod</span> <span class='ocrx_word' id='word_1_370' title='bbox 2584 2725 2977 2782; x_wconf 88' lang='lat' dir='ltr'>declinaverat</span> <span class='ocrx_word' id='word_1_371' title='bbox 3006 2726 3265 2783; x_wconf 89' lang='lat' dir='ltr'>divinam</span> <span class='ocrx_word' id='word_1_372' title='bbox 3290 2734 3633 2786; x_wconf 84' lang='lat' dir='ltr'>exoraturus</span> <span class='ocrx_word' id='word_1_373' title='bbox 3652 2731 3773 2789; x_wconf 87' lang='lat' dir='ltr'>ele-</span> 
     </span>
    </p>
   </div>
   <div class='ocr_carea' id='block_1_59' title="bbox 2107 2813 3775 2889">
    <p class='ocr_par' dir='ltr' id='par_1_59' title="bbox 2107 2813 3775 2889">
     <span class='ocr_line' id='line_1_59' title="bbox 2107 2813 3775 2889; baseline 0.005 -20"><span class='ocrx_word' id='word_1_374' title='bbox 2107 2813 2409 2882; x_wconf 79' lang='lat' dir='ltr'>mentium,</span> <span class='ocrx_word' id='word_1_375' title='bbox 2464 2815 2708 2869; x_wconf 86' lang='lat' dir='ltr'>devotus</span> <span class='ocrx_word' id='word_1_376' title='bbox 2760 2818 2823 2869; x_wconf 92' lang='lat' dir='ltr'>ut</span> <span class='ocrx_word' id='word_1_377' title='bbox 2869 2818 3013 2882; x_wconf 90' lang='lat' dir='ltr'>erat,</span> <span class='ocrx_word' id='word_1_378' title='bbox 3058 2815 3416 2889; x_wconf 86' lang='lat' dir='ltr'>ingreditur;</span> <span class='ocrx_word' id='word_1_379' title='bbox 3449 2836 3586 2875; x_wconf 90' lang='lat' dir='ltr'>cum</span> <span class='ocrx_word' id='word_1_380' title='bbox 3633 2838 3775 2878; x_wconf 90' lang='lat' dir='ltr'>ecce</span> 
     </span>
    </p>
   </div>
   <div class='ocr_carea' id='block_1_60' title="bbox 2106 2903 3771 2981">
    <p class='ocr_par' dir='ltr' id='par_1_60' title="bbox 2106 2903 3771 2981">
     <span class='ocr_line' id='line_1_60' title="bbox 2106 2903 3771 2981; baseline 0.005 -24"><span class='ocrx_word' id='word_1_381' title='bbox 2106 2906 2340 2975; x_wconf 88' lang='lat' dir='ltr'>repente</span> <span class='ocrx_word' id='word_1_382' title='bbox 2368 2903 2679 2973; x_wconf 89' lang='lat' dir='ltr'>cujusdam</span> <span class='ocrx_word' id='word_1_383' title='bbox 2721 2904 3192 2960; x_wconf 87' lang='lat' dir='ltr'>sanctimonialis</span> <span class='ocrx_word' id='word_1_384' title='bbox 3237 2905 3483 2979; x_wconf 89' lang='lat' dir='ltr'>spiritus</span> <span class='ocrx_word' id='word_1_385' title='bbox 3532 2908 3771 2981; x_wconf 68' lang='lat' dir='ltr'>puellae,</span> 
     </span>
    </p>
   </div>
   <div class='ocr_carea' id='block_1_61' title="bbox 2104 2988 3769 3068">
    <p class='ocr_par' dir='ltr' id='par_1_61' title="bbox 2104 2988 3769 3068">
     <span class='ocr_line' id='line_1_61' title="bbox 2104 2988 3769 3068; baseline 0.007 -23"><span class='ocrx_word' id='word_1_386' title='bbox 2104 2990 2277 3060; x_wconf 89' lang='lat' dir='ltr'>cujus</span> <span class='ocrx_word' id='word_1_387' title='bbox 2308 3006 2518 3061; x_wconf 90' lang='lat' dir='ltr'>corpus</span> <span class='ocrx_word' id='word_1_388' title='bbox 2552 3007 2666 3045; x_wconf 90' lang='lat' dir='ltr'>non</span> <span class='ocrx_word' id='word_1_389' title='bbox 2691 2988 2861 3061; x_wconf 85' lang='lat' dir='ltr'>longe</span> <span class='ocrx_word' id='word_1_390' title='bbox 2881 2995 3016 3047; x_wconf 88' lang='lat' dir='ltr'>ante</span> <span class='ocrx_word' id='word_1_391' title='bbox 3034 2993 3332 3064; x_wconf 86' lang='lat' dir='ltr'>sepultum</span> <span class='ocrx_word' id='word_1_392' title='bbox 3346 2996 3769 3068; x_wconf 82' lang='lat' dir='ltr'>eolocifuerat,</span> 
     </span>
    </p>
   </div>
   <div class='ocr_carea' id='block_1_62' title="bbox 2104 3076 3771 3157">
    <p class='ocr_par' dir='ltr' id='par_1_62' title="bbox 2104 3076 3771 3157">
     <span class='ocr_line' id='line_1_62' title="bbox 2104 3076 3771 3157; baseline 0.007 -25"><span class='ocrx_word' id='word_1_393' title='bbox 2104 3076 2366 3149; x_wconf 90' lang='lat' dir='ltr'>repetitis</span> <span class='ocrx_word' id='word_1_394' title='bbox 2396 3077 2637 3132; x_wconf 87' lang='lat' dir='ltr'>vocibus</span> <span class='ocrx_word' id='word_1_395' title='bbox 2668 3079 2853 3132; x_wconf 89' lang='lat' dir='ltr'>sancti</span> <span class='ocrx_word' id='word_1_396' title='bbox 2885 3077 2991 3133; x_wconf 89' lang='lat' dir='ltr'>viri</span> <span class='ocrx_word' id='word_1_397' title='bbox 3026 3097 3239 3136; x_wconf 91' lang='lat' dir='ltr'>nomen</span> <span class='ocrx_word' id='word_1_398' title='bbox 3269 3100 3339 3138; x_wconf 89' lang='lat' dir='ltr'>ex</span> <span class='ocrx_word' id='word_1_399' title='bbox 3369 3086 3640 3157; x_wconf 88' lang='lat' dir='ltr'>sepulcro</span> <span class='ocrx_word' id='word_1_400' title='bbox 3670 3088 3771 3143; x_wconf 80' lang='lat' dir='ltr'>in-</span> 
     </span>
    </p>
   </div>
   <div class='ocr_carea' id='block_1_63' title="bbox 2101 3164 3769 3246">
    <p class='ocr_par' dir='ltr' id='par_1_63' title="bbox 2101 3164 3769 3246">
     <span class='ocr_line' id='line_1_63' title="bbox 2101 3164 3769 3246; baseline 0.008 -27"><span class='ocrx_word' id='word_1_401' title='bbox 2101 3165 2380 3237; x_wconf 83' lang='lat' dir='ltr'>geminat.</span> <span class='ocrx_word' id='word_1_402' title='bbox 2416 3164 2597 3236; x_wconf 87' lang='lat' dir='ltr'>Cujus</span> <span class='ocrx_word' id='word_1_403' title='bbox 2618 3165 2890 3236; x_wconf 89' lang='lat' dir='ltr'>precibus</span> <span class='ocrx_word' id='word_1_404' title='bbox 2914 3183 3049 3221; x_wconf 91' lang='lat' dir='ltr'>cum</span> <span class='ocrx_word' id='word_1_405' title='bbox 3070 3168 3159 3221; x_wconf 91' lang='lat' dir='ltr'>vir</span> <span class='ocrx_word' id='word_1_406' title='bbox 3177 3169 3386 3228; x_wconf 89' lang='lat' dir='ltr'>beatus</span> <span class='ocrx_word' id='word_1_407' title='bbox 3406 3171 3769 3246; x_wconf 85' lang='lat' dir='ltr'>intenderet,</span> 
     </span>
    </p>
   </div>
   <div class='ocr_carea' id='block_1_64' title="bbox 332 3240 3770 3337">
    <p class='ocr_par' dir='ltr' id='par_1_64' title="bbox 332 3240 3770 3337">
     <span class='ocr_line' id='line_1_64' title="bbox 332 3240 3770 3337; baseline 0 -21"><span class='ocrx_word' id='word_1_408' title='bbox 332 3261 408 3316; x_wconf 84' lang='lat' dir='ltr'>De</span> <span class='ocrx_word' id='word_1_409' title='bbox 434 3266 617 3315; x_wconf 76' lang='lat' dir='ltr'>sancto</span> <span class='ocrx_word' id='word_1_410' title='bbox 642 3258 843 3313; x_wconf 83' lang='lat' dir='ltr'>Amone</span> <span class='ocrx_word' id='word_1_411' title='bbox 874 3256 1022 3312; x_wconf 78' lang='lat' dir='ltr'>beato</span> <span class='ocrx_word' id='word_1_412' title='bbox 1051 3255 1173 3309; x_wconf 84' lang='grc' dir='ltr'>υίυο</span> <span class='ocrx_word' id='word_1_413' title='bbox 1202 3256 1263 3309; x_wconf 81' lang='lat' dir='ltr'>in</span> <span class='ocrx_word' id='word_1_414' title='bbox 1303 3256 1611 3325; x_wconf 81' lang='lat' dir='ltr'>episcopatu</span> <span class='ocrx_word' id='word_1_415' title='bbox 1653 3256 1982 3312; x_wconf 73' lang='lat' dir='ltr'>succcdwzte.</span> <span class='ocrx_word' id='word_1_416' title='bbox 2017 3240 2059 3306; x_wconf 87' lang='lat' dir='ltr'>C</span> <span class='ocrx_word' id='word_1_417' title='bbox 2098 3253 2365 3326; x_wconf 89' lang='lat' dir='ltr'>protinus</span> <span class='ocrx_word' id='word_1_418' title='bbox 2398 3252 2499 3308; x_wconf 86' lang='lat' dir='ltr'>illa</span> <span class='ocrx_word' id='word_1_419' title='bbox 2520 3254 2942 3325; x_wconf 88' lang='lat' dir='ltr'>subsequitur:</span> <span class='ocrx_word' id='word_1_420' title='bbox 2969 3240 3770 3337; x_wconf 55' lang='lat' dir='ltr'>Sanetissime,inquit,pon;</span> 
     </span>
    </p>
   </div>
   <div class='ocr_carea' id='block_1_65' title="bbox 407 3343 1981 3420">
    <p class='ocr_par' dir='ltr' id='par_1_65' title="bbox 407 3343 1981 3420">
     <span class='ocr_line' id='line_1_65' title="bbox 407 3343 1981 3420; baseline -0.004 -14"><span class='ocrx_word' id='word_1_421' title='bbox 407 3350 543 3406; x_wconf 91' lang='lat' dir='ltr'>Post</span> <span class='ocrx_word' id='word_1_422' title='bbox 572 3347 890 3420; x_wconf 86' lang='lat' dir='ltr'>gloriosum</span> <span class='ocrx_word' id='word_1_423' title='bbox 919 3343 1073 3400; x_wconf 89' lang='lat' dir='ltr'>beati</span> <span class='ocrx_word' id='word_1_424' title='bbox 1105 3343 1394 3399; x_wconf 88' lang='lat' dir='ltr'>Mansueti</span> <span class='ocrx_word' id='word_1_425' title='bbox 1420 3343 1601 3415; x_wconf 90' lang='lat' dir='ltr'>hujus</span> <span class='ocrx_word' id='word_1_426' title='bbox 1624 3344 1787 3400; x_wconf 88' lang='lat' dir='ltr'>urbis</span> <span class='ocrx_word' id='word_1_427' title='bbox 1810 3346 1981 3417; x_wconf 91' lang='lat' dir='ltr'>primi</span> 
     </span>
    </p>
   </div>
   <div class='ocr_carea' id='block_1_66' title="bbox 333 3432 1987 3513">
    <p class='ocr_par' dir='ltr' id='par_1_66' title="bbox 333 3432 1987 3513">
     <span class='ocr_line' id='line_1_66' title="bbox 333 3432 1987 3513; baseline -0.002 -19"><span class='ocrx_word' id='word_1_428' title='bbox 333 3437 629 3513; x_wconf 82' lang='lat' dir='ltr'>pontiﬁcis</span> <span class='ocrx_word' id='word_1_429' title='bbox 658 3453 728 3491; x_wconf 85' lang='lat' dir='ltr'>ex</span> <span class='ocrx_word' id='word_1_430' title='bbox 758 3435 863 3490; x_wconf 89' lang='lat' dir='ltr'>hoc</span> <span class='ocrx_word' id='word_1_431' title='bbox 897 3434 1118 3488; x_wconf 90' lang='lat' dir='ltr'>mundo</span> <span class='ocrx_word' id='word_1_432' title='bbox 1149 3434 1219 3487; x_wconf 91' lang='lat' dir='ltr'>ad</span> <span class='ocrx_word' id='word_1_433' title='bbox 1254 3432 1428 3487; x_wconf 83' lang='lat' dir='ltr'>ccelos</span> <span class='ocrx_word' id='word_1_434' title='bbox 1461 3432 1799 3498; x_wconf 89' lang='lat' dir='ltr'>transitum,</span> <span class='ocrx_word' id='word_1_435' title='bbox 1835 3433 1987 3490; x_wconf 91' lang='lat' dir='ltr'>sicut</span> 
     </span>
    </p>
   </div>
   <div class='ocr_carea' id='block_1_67' title="bbox 329 3521 1984 3599">
    <p class='ocr_par' dir='ltr' id='par_1_67' title="bbox 329 3521 1984 3599">
     <span class='ocr_line' id='line_1_67' title="bbox 329 3521 1984 3599; baseline -0.004 -14"><span class='ocrx_word' id='word_1_436' title='bbox 329 3527 392 3585; x_wconf 91' lang='lat' dir='ltr'>in</span> <span class='ocrx_word' id='word_1_437' title='bbox 411 3525 593 3599; x_wconf 88' lang='lat' dir='ltr'>gestis</span> <span class='ocrx_word' id='word_1_438' title='bbox 620 3523 1076 3598; x_wconf 79' lang='lat' dir='ltr'>przncedentium</span> <span class='ocrx_word' id='word_1_439' title='bbox 1110 3523 1435 3577; x_wconf 87' lang='lat' dir='ltr'>Leucorum</span> <span class='ocrx_word' id='word_1_440' title='bbox 1468 3521 1632 3577; x_wconf 89' lang='lat' dir='ltr'>urbis</span> <span class='ocrx_word' id='word_1_441' title='bbox 1653 3522 1984 3579; x_wconf 89' lang='lat' dir='ltr'>antistitum</span> 
     </span>
    </p>
   </div>
   <div class='ocr_carea' id='block_1_68' title="bbox 329 3610 1980 3683">
    <p class='ocr_par' dir='ltr' id='par_1_68' title="bbox 329 3610 1980 3683">
     <span class='ocr_line' id='line_1_68' title="bbox 329 3610 1980 3683; baseline -0.004 -10"><span class='ocrx_word' id='word_1_442' title='bbox 329 3616 644 3683; x_wconf 87' lang='lat' dir='ltr'>invenitur,</span> <span class='ocrx_word' id='word_1_443' title='bbox 680 3616 922 3670; x_wconf 88' lang='lat' dir='ltr'>sanctus</span> <span class='ocrx_word' id='word_1_444' title='bbox 952 3630 1017 3668; x_wconf 91' lang='lat' dir='ltr'>ac</span> <span class='ocrx_word' id='word_1_445' title='bbox 1050 3610 1431 3668; x_wconf 90' lang='lat' dir='ltr'>beatissimus</span> <span class='ocrx_word' id='word_1_446' title='bbox 1477 3612 1685 3679; x_wconf 90' lang='lat' dir='ltr'>Amon,</span> <span class='ocrx_word' id='word_1_447' title='bbox 1720 3612 1817 3667; x_wconf 91' lang='lat' dir='ltr'>Dei</span> <span class='ocrx_word' id='word_1_448' title='bbox 1851 3630 1980 3683; x_wconf 85' lang='lat' dir='ltr'>pro-</span> 
     </span>
    </p>
   </div>
   <div class='ocr_carea' id='block_1_69' title="bbox 326 3700 1984 3769">
    <p class='ocr_par' dir='ltr' id='par_1_69' title="bbox 326 3700 1984 3769">
     <span class='ocr_line' id='line_1_69' title="bbox 326 3700 1984 3769; baseline -0.003 -6"><span class='ocrx_word' id='word_1_449' title='bbox 326 3707 558 3764; x_wconf 89' lang='lat' dir='ltr'>vidente</span> <span class='ocrx_word' id='word_1_450' title='bbox 590 3702 923 3769; x_wconf 90' lang='lat' dir='ltr'>clementia,</span> <span class='ocrx_word' id='word_1_451' title='bbox 957 3700 1015 3755; x_wconf 90' lang='lat' dir='ltr'>in</span> <span class='ocrx_word' id='word_1_452' title='bbox 1051 3701 1158 3756; x_wconf 88' lang='lat' dir='ltr'>hac</span> <span class='ocrx_word' id='word_1_453' title='bbox 1192 3701 1329 3756; x_wconf 89' lang='lat' dir='ltr'>sede</span> <span class='ocrx_word' id='word_1_454' title='bbox 1361 3701 1659 3756; x_wconf 88' lang='lat' dir='ltr'>communi</span> <span class='ocrx_word' id='word_1_455' title='bbox 1692 3702 1984 3758; x_wconf 88' lang='lat' dir='ltr'>universo-</span> 
     </span>
    </p>
   </div>
   <div class='ocr_carea' id='block_1_70' title="bbox 326 3789 1979 3865">
    <p class='ocr_par' dir='ltr' id='par_1_70' title="bbox 326 3789 1979 3865">
     <span class='ocr_line' id='line_1_70' title="bbox 326 3789 1979 3865; baseline -0.005 -12"><span class='ocrx_word' id='word_1_456' title='bbox 326 3813 458 3853; x_wconf 87' lang='lat' dir='ltr'>rum</span> <span class='ocrx_word' id='word_1_457' title='bbox 487 3799 618 3852; x_wconf 87' lang='lat' dir='ltr'>voto</span> <span class='ocrx_word' id='word_1_458' title='bbox 648 3797 822 3865; x_wconf 90' lang='lat' dir='ltr'>atque</span> <span class='ocrx_word' id='word_1_459' title='bbox 845 3808 1136 3848; x_wconf 88' lang='lat' dir='ltr'>consensu</span> <span class='ocrx_word' id='word_1_460' title='bbox 1162 3789 1467 3846; x_wconf 87' lang='lat' dir='ltr'>ordinatus</span> <span class='ocrx_word' id='word_1_461' title='bbox 1489 3790 1979 3862; x_wconf 87' lang='lat' dir='ltr'>episcopus,beati</span> 
     </span>
    </p>
   </div>
   <div class='ocr_carea' id='block_1_71' title="bbox 322 3879 1979 3952">
    <p class='ocr_par' dir='ltr' id='par_1_71' title="bbox 322 3879 1979 3952">
     <span class='ocr_line' id='line_1_71' title="bbox 322 3879 1979 3952; baseline -0.004 -10"><span class='ocrx_word' id='word_1_462' title='bbox 322 3884 431 3942; x_wconf 91' lang='lat' dir='ltr'>viri</span> <span class='ocrx_word' id='word_1_463' title='bbox 456 3900 760 3941; x_wconf 88' lang='lat' dir='ltr'>successor</span> <span class='ocrx_word' id='word_1_464' title='bbox 782 3882 1021 3938; x_wconf 77' lang='lat' dir='ltr'>ell‘ectus</span> <span class='ocrx_word' id='word_1_465' title='bbox 1043 3898 1056 3947; x_wconf 88' lang='lat'><strong>;</strong></span> <span class='ocrx_word' id='word_1_466' title='bbox 1081 3880 1178 3952; x_wconf 85' lang='lat' dir='ltr'>qui</span> <span class='ocrx_word' id='word_1_467' title='bbox 1206 3879 1650 3951; x_wconf 81' lang='lat' dir='ltr'>praedecessoris</span> <span class='ocrx_word' id='word_1_468' title='bbox 1673 3880 1760 3934; x_wconf 91' lang='lat' dir='ltr'>sui</span> <span class='ocrx_word' id='word_1_469' title='bbox 1788 3898 1979 3936; x_wconf 86' lang='lat' dir='ltr'>mores</span> 
     </span>
    </p>
   </div>
   <div class='ocr_carea' id='block_1_72' title="bbox 321 3968 1979 4041">
    <p class='ocr_par' dir='ltr' id='par_1_72' title="bbox 321 3968 1979 4041">
     <span class='ocr_line' id='line_1_72' title="bbox 321 3968 1979 4041; baseline -0.004 -11"><span class='ocrx_word' id='word_1_470' title='bbox 321 3977 381 4031; x_wconf 85' lang='lat' dir='ltr'>et</span> <span class='ocrx_word' id='word_1_471' title='bbox 409 3973 682 4029; x_wconf 89' lang='lat' dir='ltr'>instituta</span> <span class='ocrx_word' id='word_1_472' title='bbox 720 3971 793 4026; x_wconf 89' lang='lat' dir='ltr'>ad</span> <span class='ocrx_word' id='word_1_473' title='bbox 846 3985 1105 4041; x_wconf 86' lang='lat' dir='ltr'>unguem</span> <span class='ocrx_word' id='word_1_474' title='bbox 1154 3972 1485 4034; x_wconf 79' lang='lat' dir='ltr'>exsecutus,</span> <span class='ocrx_word' id='word_1_475' title='bbox 1521 3985 1637 4023; x_wconf 91' lang='lat' dir='ltr'>non</span> <span class='ocrx_word' id='word_1_476' title='bbox 1685 3968 1837 4024; x_wconf 89' lang='lat' dir='ltr'>valet</span> <span class='ocrx_word' id='word_1_477' title='bbox 1884 3988 1979 4025; x_wconf 84' lang='lat' dir='ltr'>ex-</span> 
     </span>
    </p>
   </div>
   <div class='ocr_carea' id='block_1_73' title="bbox 321 4057 1977 4135">
    <p class='ocr_par' dir='ltr' id='par_1_73' title="bbox 321 4057 1977 4135">
     <span class='ocr_line' id='line_1_73' title="bbox 321 4057 1977 4135; baseline -0.002 -18"><span class='ocrx_word' id='word_1_478' title='bbox 321 4061 526 4135; x_wconf 90' lang='lat' dir='ltr'>plicari</span> <span class='ocrx_word' id='word_1_479' title='bbox 560 4065 793 4133; x_wconf 74' lang='lat' dir='ltr'>quanta:</span> <span class='ocrx_word' id='word_1_480' title='bbox 826 4058 1106 4113; x_wconf 85' lang='lat' dir='ltr'>bonitatis</span> <span class='ocrx_word' id='word_1_481' title='bbox 1159 4061 1215 4113; x_wconf 90' lang='lat' dir='ltr'>et</span> <span class='ocrx_word' id='word_1_482' title='bbox 1266 4057 1595 4113; x_wconf 88' lang='lat' dir='ltr'>sanctitatis</span> <span class='ocrx_word' id='word_1_483' title='bbox 1640 4057 1814 4112; x_wconf 82' lang='lat' dir='ltr'>fuerit</span> <span class='ocrx_word' id='word_1_484' title='bbox 1844 4076 1977 4129; x_wconf 90' lang='lat' dir='ltr'>0pc-</span> 
     </span>
    </p>
   </div>
   <div class='ocr_carea' id='block_1_74' title="bbox 321 4146 1977 4221">
    <p class='ocr_par' dir='ltr' id='par_1_74' title="bbox 321 4146 1977 4221">
     <span class='ocr_line' id='line_1_74' title="bbox 321 4146 1977 4221; baseline -0.002 -16"><span class='ocrx_word' id='word_1_485' title='bbox 321 4150 488 4206; x_wconf 88' lang='lat' dir='ltr'>ribus</span> <span class='ocrx_word' id='word_1_486' title='bbox 509 4148 945 4221; x_wconf 87' lang='lat' dir='ltr'>comprobatus.</span> <span class='ocrx_word' id='word_1_487' title='bbox 963 4147 1065 4201; x_wconf 88' lang='lat' dir='ltr'>Hic</span> <span class='ocrx_word' id='word_1_488' title='bbox 1090 4162 1342 4217; x_wconf 90' lang='lat' dir='ltr'>namque</span> <span class='ocrx_word' id='word_1_489' title='bbox 1366 4146 1763 4216; x_wconf 79' lang='lat' dir='ltr'>pontiﬁcalem</span> <span class='ocrx_word' id='word_1_490' title='bbox 1787 4148 1977 4219; x_wconf 86' lang='lat' dir='ltr'>digni-</span> 
     </span>
    </p>
   </div>
   <div class='ocr_carea' id='block_1_75' title="bbox 319 4233 1976 4306">
    <p class='ocr_par' dir='ltr' id='par_1_75' title="bbox 319 4233 1976 4306">
     <span class='ocr_line' id='line_1_75' title="bbox 319 4233 1976 4306; baseline -0.002 -11"><span class='ocrx_word' id='word_1_491' title='bbox 319 4242 502 4295; x_wconf 81' lang='lat' dir='ltr'>tatem</span> <span class='ocrx_word' id='word_1_492' title='bbox 536 4238 594 4294; x_wconf 92' lang='lat' dir='ltr'>in</span> <span class='ocrx_word' id='word_1_493' title='bbox 628 4240 840 4292; x_wconf 87' lang='lat' dir='ltr'>cuneta</span> <span class='ocrx_word' id='word_1_494' title='bbox 872 4252 1103 4290; x_wconf 91' lang='lat' dir='ltr'>morum</span> <span class='ocrx_word' id='word_1_495' title='bbox 1138 4233 1443 4289; x_wconf 89' lang='lat' dir='ltr'>honestate</span> <span class='ocrx_word' id='word_1_496' title='bbox 1474 4252 1976 4306; x_wconf 87' lang='lat' dir='ltr'>exsuperans,non</span> 
     </span>
    </p>
   </div>
   <div class='ocr_carea' id='block_1_76' title="bbox 322 4323 1979 4396">
    <p class='ocr_par' dir='ltr' id='par_1_76' title="bbox 322 4323 1979 4396">
     <span class='ocr_line' id='line_1_76' title="bbox 322 4323 1979 4396; baseline -0.002 -11"><span class='ocrx_word' id='word_1_497' title='bbox 322 4326 516 4385; x_wconf 82' lang='lat' dir='ltr'>solum</span> <span class='ocrx_word' id='word_1_498' title='bbox 539 4326 731 4383; x_wconf 85' lang='lat' dir='ltr'>verbis</span> <span class='ocrx_word' id='word_1_499' title='bbox 745 4329 801 4380; x_wconf 89' lang='lat' dir='ltr'>et</span> <span class='ocrx_word' id='word_1_500' title='bbox 815 4323 1096 4396; x_wconf 67' lang='lat' dir='ltr'>exemplis</span> <span class='ocrx_word' id='word_1_501' title='bbox 1126 4324 1451 4394; x_wconf 88' lang='lat' dir='ltr'>subjectam</span> <span class='ocrx_word' id='word_1_502' title='bbox 1484 4324 1709 4395; x_wconf 87' lang='lat' dir='ltr'>plebem</span> <span class='ocrx_word' id='word_1_503' title='bbox 1736 4326 1979 4381; x_wconf 87' lang='lat' dir='ltr'>circum-</span> 
     </span>
    </p>
   </div>
   <div class='ocr_carea' id='block_1_77' title="bbox 323 4412 1977 4489">
    <p class='ocr_par' dir='ltr' id='par_1_77' title="bbox 323 4412 1977 4489">
     <span class='ocr_line' id='line_1_77' title="bbox 323 4412 1977 4489; baseline -0.002 -16"><span class='ocrx_word' id='word_1_504' title='bbox 323 4432 559 4489; x_wconf 88' lang='lat' dir='ltr'>quaque</span> <span class='ocrx_word' id='word_1_505' title='bbox 590 4419 990 4486; x_wconf 89' lang='lat' dir='ltr'>competenter</span> <span class='ocrx_word' id='word_1_506' title='bbox 1028 4412 1300 4479; x_wconf 81' lang='lat' dir='ltr'>excoluit,</span> <span class='ocrx_word' id='word_1_507' title='bbox 1334 4413 1433 4468; x_wconf 90' lang='lat' dir='ltr'>sed</span> <span class='ocrx_word' id='word_1_508' title='bbox 1486 4414 1660 4468; x_wconf 88' lang='lat' dir='ltr'>etiam</span> <span class='ocrx_word' id='word_1_509' title='bbox 1714 4413 1879 4470; x_wconf 87' lang='lat' dir='ltr'>miris</span> <span class='ocrx_word' id='word_1_510' title='bbox 1913 4433 1977 4470; x_wconf 89' lang='lat' dir='ltr'>ac</span> 
     </span>
    </p>
   </div>
   <div class='ocr_carea' id='block_1_78' title="bbox 322 4501 1977 4579">
    <p class='ocr_par' dir='ltr' id='par_1_78' title="bbox 322 4501 1977 4579">
     <span class='ocr_line' id='line_1_78' title="bbox 322 4501 1977 4579; baseline -0.002 -17"><span class='ocrx_word' id='word_1_511' title='bbox 322 4506 656 4579; x_wconf 81' lang='lat' dir='ltr'>magniﬁcis</span> <span class='ocrx_word' id='word_1_512' title='bbox 713 4503 1029 4559; x_wconf 89' lang='lat' dir='ltr'>virtutibus</span> <span class='ocrx_word' id='word_1_513' title='bbox 1090 4501 1423 4557; x_wconf 90' lang='lat' dir='ltr'>illustravit.</span> <span class='ocrx_word' id='word_1_514' title='bbox 1458 4502 1565 4567; x_wconf 89' lang='lat' dir='ltr'>Qui</span> <span class='ocrx_word' id='word_1_515' title='bbox 1611 4504 1694 4558; x_wconf 92' lang='lat' dir='ltr'>sic</span> <span class='ocrx_word' id='word_1_516' title='bbox 1746 4521 1977 4575; x_wconf 89' lang='lat' dir='ltr'>quoque</span> 
     </span>
    </p>
   </div>
   <div class='ocr_carea' id='block_1_79' title="bbox 2100 3342 3771 3415">
    <p class='ocr_par' dir='ltr' id='par_1_79' title="bbox 2100 3342 3771 3415">
     <span class='ocr_line' id='line_1_79' title="bbox 2100 3342 3771 3415; baseline 0.008 -18"><span class='ocrx_word' id='word_1_517' title='bbox 2100 3342 2254 3410; x_wconf 79' lang='lat' dir='ltr'>tifex,</span> <span class='ocrx_word' id='word_1_518' title='bbox 2292 3342 2433 3397; x_wconf 60' lang='lat' dir='ltr'>ctelo</span> <span class='ocrx_word' id='word_1_519' title='bbox 2486 3343 2775 3414; x_wconf 87' lang='lat' dir='ltr'>terrisque</span> <span class='ocrx_word' id='word_1_520' title='bbox 2824 3348 3173 3415; x_wconf 57' lang='lat' dir='ltr'>prapotens,</span> <span class='ocrx_word' id='word_1_521' title='bbox 3210 3345 3421 3402; x_wconf 71' lang='lat' dir='ltr'>animm</span> <span class='ocrx_word' id='word_1_522' title='bbox 3472 3350 3771 3411; x_wconf 86' lang='lat' dir='ltr'>miserere</span> 
     </span>
    </p>
   </div>
   <div class='ocr_carea' id='block_1_80' title="bbox 2096 3431 3767 3512">
    <p class='ocr_par' dir='ltr' id='par_1_80' title="bbox 2096 3431 3767 3512">
     <span class='ocr_line' id='line_1_80' title="bbox 2096 3431 3767 3512; baseline 0.007 -25"><span class='ocrx_word' id='word_1_523' title='bbox 2096 3431 2331 3504; x_wconf 88' lang='lat' dir='ltr'>sepulti.</span> <span class='ocrx_word' id='word_1_524' title='bbox 2365 3432 2585 3504; x_wconf 88' lang='lat' dir='ltr'>Corpus</span> <span class='ocrx_word' id='word_1_525' title='bbox 2617 3431 2859 3504; x_wconf 90' lang='lat' dir='ltr'>quidem</span> <span class='ocrx_word' id='word_1_526' title='bbox 2881 3432 2976 3487; x_wconf 91' lang='lat' dir='ltr'>hic</span> <span class='ocrx_word' id='word_1_527' title='bbox 3000 3433 3216 3505; x_wconf 87' lang='lat' dir='ltr'>tegitur</span> <span class='ocrx_word' id='word_1_528' title='bbox 3237 3435 3429 3503; x_wconf 89' lang='lat' dir='ltr'>terris,</span> <span class='ocrx_word' id='word_1_529' title='bbox 3456 3439 3559 3493; x_wconf 92' lang='lat' dir='ltr'>sed</span> <span class='ocrx_word' id='word_1_530' title='bbox 3584 3443 3767 3512; x_wconf 90' lang='lat' dir='ltr'>spiri-</span> 
     </span>
    </p>
   </div>
   <div class='ocr_carea' id='block_1_81' title="bbox 2096 3521 3765 3593">
    <p class='ocr_par' dir='ltr' id='par_1_81' title="bbox 2096 3521 3765 3593">
     <span class='ocr_line' id='line_1_81' title="bbox 2096 3521 3765 3593; baseline 0.006 -17"><span class='ocrx_word' id='word_1_531' title='bbox 2096 3527 2194 3577; x_wconf 91' lang='lat' dir='ltr'>tus</span> <span class='ocrx_word' id='word_1_532' title='bbox 2242 3521 2432 3576; x_wconf 90' lang='lat' dir='ltr'>adhuc</span> <span class='ocrx_word' id='word_1_533' title='bbox 2489 3525 2757 3577; x_wconf 87' lang='lat' dir='ltr'>versatur</span> <span class='ocrx_word' id='word_1_534' title='bbox 2812 3521 2873 3575; x_wconf 92' lang='lat' dir='ltr'>in</span> <span class='ocrx_word' id='word_1_535' title='bbox 2933 3522 3403 3593; x_wconf 65' lang='lat' dir='ltr'>poenis;adhibe</span> <span class='ocrx_word' id='word_1_536' title='bbox 3464 3526 3524 3581; x_wconf 91' lang='lat' dir='ltr'>in</span> <span class='ocrx_word' id='word_1_537' title='bbox 3586 3532 3765 3587; x_wconf 85' lang='lat' dir='ltr'>auxi-</span> 
     </span>
    </p>
   </div>
   <div class='ocr_carea' id='block_1_82' title="bbox 2095 3609 3755 3689">
    <p class='ocr_par' dir='ltr' id='par_1_82' title="bbox 2095 3609 3755 3689">
     <span class='ocr_line' id='line_1_82' title="bbox 2095 3609 3755 3689; baseline 0.007 -25"><span class='ocrx_word' id='word_1_538' title='bbox 2095 3610 2240 3665; x_wconf 90' lang='lat' dir='ltr'>lium</span> <span class='ocrx_word' id='word_1_539' title='bbox 2274 3609 2633 3665; x_wconf 88' lang='lat' dir='ltr'>sanctissimi</span> <span class='ocrx_word' id='word_1_540' title='bbox 2667 3610 2956 3665; x_wconf 88' lang='lat' dir='ltr'>Mansueti</span> <span class='ocrx_word' id='word_1_541' title='bbox 3008 3615 3065 3667; x_wconf 92' lang='lat' dir='ltr'>et</span> <span class='ocrx_word' id='word_1_542' title='bbox 3111 3615 3280 3667; x_wconf 87' lang='lat' dir='ltr'>tunm</span> <span class='ocrx_word' id='word_1_543' title='bbox 3330 3616 3755 3689; x_wconf 88' lang='lat' dir='ltr'>patrocinium,</span> 
     </span>
    </p>
   </div>
   <div class='ocr_carea' id='block_1_83' title="bbox 2093 3698 3757 3773">
    <p class='ocr_par' dir='ltr' id='par_1_83' title="bbox 2093 3698 3757 3773">
     <span class='ocr_line' id='line_1_83' title="bbox 2093 3698 3757 3773; baseline 0.006 -19"><span class='ocrx_word' id='word_1_544' title='bbox 2093 3699 2361 3770; x_wconf 89' lang='lat' dir='ltr'>hancque</span> <span class='ocrx_word' id='word_1_545' title='bbox 2393 3698 2675 3754; x_wconf 87' lang='lat' dir='ltr'>salvatam</span> <span class='ocrx_word' id='word_1_546' title='bbox 2708 3698 3046 3767; x_wconf 85' lang='lat' dir='ltr'>credideris,</span> <span class='ocrx_word' id='word_1_547' title='bbox 3079 3717 3213 3756; x_wconf 92' lang='lat' dir='ltr'>cum</span> <span class='ocrx_word' id='word_1_548' title='bbox 3238 3718 3529 3773; x_wconf 88' lang='lat' dir='ltr'>reversus,</span> <span class='ocrx_word' id='word_1_549' title='bbox 3552 3723 3757 3763; x_wconf 91' lang='lat' dir='ltr'>vocem</span> 
     </span>
    </p>
   </div>
   <div class='ocr_carea' id='block_1_84' title="bbox 2093 3786 3756 3867">
    <p class='ocr_par' dir='ltr' id='par_1_84' title="bbox 2093 3786 3756 3867">
     <span class='ocr_line' id='line_1_84' title="bbox 2093 3786 3756 3867; baseline 0.005 -23"><span class='ocrx_word' id='word_1_550' title='bbox 2093 3806 2207 3844; x_wconf 91' lang='lat' dir='ltr'>non</span> <span class='ocrx_word' id='word_1_551' title='bbox 2231 3786 2488 3843; x_wconf 90' lang='lat' dir='ltr'>audieris</span> <span class='ocrx_word' id='word_1_552' title='bbox 2510 3787 2920 3860; x_wconf 87' lang='lat' dir='ltr'>supplicantis.</span> <span class='ocrx_word' id='word_1_553' title='bbox 2947 3789 3092 3845; x_wconf 88' lang='lat' dir='ltr'>Hinc</span> <span class='ocrx_word' id='word_1_554' title='bbox 3114 3789 3209 3845; x_wconf 90' lang='lat' dir='ltr'>ille</span> <span class='ocrx_word' id='word_1_555' title='bbox 3232 3790 3575 3859; x_wconf 87' lang='lat' dir='ltr'>abiens,iter</span> <span class='ocrx_word' id='word_1_556' title='bbox 3592 3798 3756 3867; x_wconf 90' lang='lat' dir='ltr'>quod</span> 
     </span>
    </p>
   </div>
   <div class='ocr_carea' id='block_1_85' title="bbox 2091 3877 3761 3950">
    <p class='ocr_par' dir='ltr' id='par_1_85' title="bbox 2091 3877 3761 3950">
     <span class='ocr_line' id='line_1_85' title="bbox 2091 3877 3761 3950; baseline 0.004 -17"><span class='ocrx_word' id='word_1_557' title='bbox 2091 3881 2344 3949; x_wconf 64' lang='lat' dir='ltr'>eruperat</span> <span class='ocrx_word' id='word_1_558' title='bbox 2365 3877 2720 3949; x_wconf 86' lang='lat' dir='ltr'>aggreditur,</span> <span class='ocrx_word' id='word_1_559' title='bbox 2746 3878 2964 3948; x_wconf 84' lang='lat' dir='ltr'>petenti</span> <span class='ocrx_word' id='word_1_560' title='bbox 2992 3878 3281 3950; x_wconf 68' lang='lat' dir='ltr'>prmcipue</span> <span class='ocrx_word' id='word_1_561' title='bbox 3308 3880 3621 3937; x_wconf 90' lang='lat' dir='ltr'>subvenire</span> <span class='ocrx_word' id='word_1_562' title='bbox 3645 3885 3761 3940; x_wconf 87' lang='lat' dir='ltr'>sol-</span> 
     </span>
    </p>
   </div>
   <div class='ocr_carea' id='block_1_86' title="bbox 2093 3966 3749 4041">
    <p class='ocr_par' dir='ltr' id='par_1_86' title="bbox 2093 3966 3749 4041">
     <span class='ocr_line' id='line_1_86' title="bbox 2093 3966 3749 4041; baseline 0.005 -20"><span class='ocrx_word' id='word_1_563' title='bbox 2093 3967 2310 4021; x_wconf 89' lang='lat' dir='ltr'>licitus.</span> <span class='ocrx_word' id='word_1_564' title='bbox 2328 3967 2687 4021; x_wconf 84' lang='lat' dir='ltr'>Intereatoto</span> <span class='ocrx_word' id='word_1_565' title='bbox 2704 3966 2965 4021; x_wconf 86' lang='lat' dir='ltr'>confecto</span> <span class='ocrx_word' id='word_1_566' title='bbox 2984 3966 3083 4023; x_wconf 91' lang='lat' dir='ltr'>illo</span> <span class='ocrx_word' id='word_1_567' title='bbox 3104 3967 3329 4034; x_wconf 87' lang='lat' dir='ltr'>itinere,</span> <span class='ocrx_word' id='word_1_568' title='bbox 3345 3985 3479 4025; x_wconf 91' lang='lat' dir='ltr'>cum</span> <span class='ocrx_word' id='word_1_569' title='bbox 3494 3971 3749 4041; x_wconf 89' lang='lat' dir='ltr'>rediens,</span> 
     </span>
    </p>
   </div>
   <div class='ocr_carea' id='block_1_87' title="bbox 2089 4054 3751 4127">
    <p class='ocr_par' dir='ltr' id='par_1_87' title="bbox 2089 4054 3751 4127">
     <span class='ocr_line' id='line_1_87' title="bbox 2089 4054 3751 4127; baseline 0.006 -20"><span class='ocrx_word' id='word_1_570' title='bbox 2089 4054 2321 4127; x_wconf 86' lang='lat' dir='ltr'>glebam</span> <span class='ocrx_word' id='word_1_571' title='bbox 2355 4054 2680 4109; x_wconf 88' lang='lat' dir='ltr'>beatissimi</span> <span class='ocrx_word' id='word_1_572' title='bbox 2734 4054 3045 4124; x_wconf 87' lang='lat' dir='ltr'>Mansueti,</span> <span class='ocrx_word' id='word_1_573' title='bbox 3080 4061 3145 4111; x_wconf 89' lang='lat' dir='ltr'>nt</span> <span class='ocrx_word' id='word_1_574' title='bbox 3194 4061 3320 4112; x_wconf 89' lang='lat' dir='ltr'>erat</span> <span class='ocrx_word' id='word_1_575' title='bbox 3366 4057 3596 4127; x_wconf 90' lang='lat' dir='ltr'>solitus,</span> <span class='ocrx_word' id='word_1_576' title='bbox 3632 4079 3751 4117; x_wconf 92' lang='lat' dir='ltr'>non</span> 
     </span>
    </p>
   </div>
   <div class='ocr_carea' id='block_1_88' title="bbox 2090 4142 3749 4221">
    <p class='ocr_par' dir='ltr' id='par_1_88' title="bbox 2090 4142 3749 4221">
     <span class='ocr_line' id='line_1_88' title="bbox 2090 4142 3749 4221; baseline 0.004 -23"><span class='ocrx_word' id='word_1_577' title='bbox 2090 4144 2428 4216; x_wconf 63' lang='lat' dir='ltr'>praeteriret,</span> <span class='ocrx_word' id='word_1_578' title='bbox 2445 4146 2500 4197; x_wconf 91' lang='lat' dir='ltr'>et</span> <span class='ocrx_word' id='word_1_579' title='bbox 2516 4142 2682 4214; x_wconf 86' lang='lat' dir='ltr'>signa</span> <span class='ocrx_word' id='word_1_580' title='bbox 2711 4144 2961 4214; x_wconf 89' lang='lat' dir='ltr'>petentis</span> <span class='ocrx_word' id='word_1_581' title='bbox 2986 4145 3408 4217; x_wconf 68' lang='lat' dir='ltr'>defunctzejam</span> <span class='ocrx_word' id='word_1_582' title='bbox 3434 4146 3595 4202; x_wconf 89' lang='lat' dir='ltr'>nulla</span> <span class='ocrx_word' id='word_1_583' title='bbox 3618 4166 3749 4221; x_wconf 88' lang='lat' dir='ltr'>per-</span> 
     </span>
    </p>
   </div>
   <div class='ocr_carea' id='block_1_89' title="bbox 2088 4232 3750 4310">
    <p class='ocr_par' dir='ltr' id='par_1_89' title="bbox 2088 4232 3750 4310">
     <span class='ocr_line' id='line_1_89' title="bbox 2088 4232 3750 4310; baseline 0.005 -23"><span class='ocrx_word' id='word_1_584' title='bbox 2088 4232 2358 4305; x_wconf 81' lang='lat' dir='ltr'>cepisset,</span> <span class='ocrx_word' id='word_1_585' title='bbox 2395 4232 2615 4304; x_wconf 87' lang='lat' dir='ltr'>gratias</span> <span class='ocrx_word' id='word_1_586' title='bbox 2646 4232 2929 4287; x_wconf 89' lang='lat' dir='ltr'>Salvatori</span> <span class='ocrx_word' id='word_1_587' title='bbox 2963 4233 3406 4306; x_wconf 86' lang='lat' dir='ltr'>persolvit,quia</span> <span class='ocrx_word' id='word_1_588' title='bbox 3437 4237 3750 4310; x_wconf 88' lang='lat' dir='ltr'>utriusque</span> 
     </span>
    </p>
   </div>
   <div class='ocr_carea' id='block_1_90' title="bbox 2089 4321 3747 4399">
    <p class='ocr_par' dir='ltr' id='par_1_90' title="bbox 2089 4321 3747 4399">
     <span class='ocr_line' id='line_1_90' title="bbox 2089 4321 3747 4399; baseline 0.005 -24"><span class='ocrx_word' id='word_1_589' title='bbox 2089 4321 2418 4376; x_wconf 87' lang='lat' dir='ltr'>interventu</span> <span class='ocrx_word' id='word_1_590' title='bbox 2452 4321 2734 4376; x_wconf 87' lang='lat' dir='ltr'>salvatam</span> <span class='ocrx_word' id='word_1_591' title='bbox 2767 4322 3019 4393; x_wconf 81' lang='lat' dir='ltr'>agnovit.</span> <span class='ocrx_word' id='word_1_592' title='bbox 3055 4323 3185 4378; x_wconf 67' lang='lat' dir='ltr'>Haec</span> <span class='ocrx_word' id='word_1_593' title='bbox 3208 4324 3365 4379; x_wconf 90' lang='lat' dir='ltr'>enim</span> <span class='ocrx_word' id='word_1_594' title='bbox 3391 4323 3579 4396; x_wconf 89' lang='lat' dir='ltr'>perire</span> <span class='ocrx_word' id='word_1_595' title='bbox 3606 4343 3747 4399; x_wconf 75' lang='lat' dir='ltr'>quo-</span> 
     </span>
    </p>
   </div>
   <div class='ocr_carea' id='block_1_91' title="bbox 2088 4410 3744 4483">
    <p class='ocr_par' dir='ltr' id='par_1_91' title="bbox 2088 4410 3744 4483">
     <span class='ocr_line' id='line_1_91' title="bbox 2088 4410 3744 4483; baseline 0.003 -17"><span class='ocrx_word' id='word_1_596' title='bbox 2088 4412 2261 4467; x_wconf 88' lang='lat' dir='ltr'>modo</span> <span class='ocrx_word' id='word_1_597' title='bbox 2294 4414 2536 4483; x_wconf 87' lang='lat' dir='ltr'>poterat,</span> <span class='ocrx_word' id='word_1_598' title='bbox 2563 4411 2654 4466; x_wconf 93' lang='lat' dir='ltr'>cui</span> <span class='ocrx_word' id='word_1_599' title='bbox 2690 4410 2835 4466; x_wconf 89' lang='lat' dir='ltr'>tales</span> <span class='ocrx_word' id='word_1_600' title='bbox 2870 4411 3288 4467; x_wconf 89' lang='lat' dir='ltr'>intercessores</span> <span class='ocrx_word' id='word_1_601' title='bbox 3320 4412 3614 4469; x_wconf 86' lang='lat' dir='ltr'>immensa</span> <span class='ocrx_word' id='word_1_602' title='bbox 3642 4415 3744 4471; x_wconf 88' lang='lat' dir='ltr'>Dei</span> 
     </span>
    </p>
   </div>
   <div class='ocr_carea' id='block_1_92' title="bbox 2088 4499 3743 4573">
    <p class='ocr_par' dir='ltr' id='par_1_92' title="bbox 2088 4499 3743 4573">
     <span class='ocr_line' id='line_1_92' title="bbox 2088 4499 3743 4573; baseline 0.004 -20"><span class='ocrx_word' id='word_1_603' title='bbox 2088 4499 2487 4555; x_wconf 85' lang='lat' dir='ltr'>misericordia</span> <span class='ocrx_word' id='word_1_604' title='bbox 2545 4499 2915 4555; x_wconf 86' lang='lat' dir='ltr'>contulerat?</span> <span class='ocrx_word' id='word_1_605' title='bbox 2962 4500 3063 4556; x_wconf 86' lang='lat' dir='ltr'>His</span> <span class='ocrx_word' id='word_1_606' title='bbox 3110 4500 3191 4556; x_wconf 88' lang='lat' dir='ltr'>ita</span> <span class='ocrx_word' id='word_1_607' title='bbox 3240 4501 3444 4573; x_wconf 87' lang='lat' dir='ltr'>gestis,</span> <span class='ocrx_word' id='word_1_608' title='bbox 3481 4502 3623 4573; x_wconf 87' lang='lat' dir='ltr'>quia</span> <span class='ocrx_word' id='word_1_609' title='bbox 3668 4505 3743 4560; x_wconf 90' lang='lat' dir='ltr'>ad</span> 
     </span>
    </p>
   </div>
   <div class='ocr_carea' id='block_1_93' title="bbox 321 4588 3737 4676">
    <p class='ocr_par' dir='ltr' id='par_1_93' title="bbox 321 4588 3737 4676">
     <span class='ocr_line' id='line_1_93' title="bbox 321 4588 3737 4676; baseline -0.001 -25"><span class='ocrx_word' id='word_1_610' title='bbox 321 4611 457 4651; x_wconf 90' lang='lat' dir='ltr'>cum</span> <span class='ocrx_word' id='word_1_611' title='bbox 489 4596 652 4650; x_wconf 89' lang='lat' dir='ltr'>daret</span> <span class='ocrx_word' id='word_1_612' title='bbox 686 4594 744 4649; x_wconf 90' lang='lat' dir='ltr'>in</span> <span class='ocrx_word' id='word_1_613' title='bbox 776 4591 1265 4648; x_wconf 90' lang='lat' dir='ltr'>celebrationibus</span> <span class='ocrx_word' id='word_1_614' title='bbox 1288 4591 1560 4659; x_wconf 87' lang='lat' dir='ltr'>decus,et</span> <span class='ocrx_word' id='word_1_615' title='bbox 1581 4596 1814 4647; x_wconf 89' lang='lat' dir='ltr'>ornaret</span> <span class='ocrx_word' id='word_1_616' title='bbox 1838 4596 1978 4647; x_wconf 89' lang='lat' dir='ltr'>tem-</span> <span class='ocrx_word' id='word_1_617' title='bbox 2006 4611 2052 4676; x_wconf 85' lang='lat' dir='ltr'><strong>D</strong></span> <span class='ocrx_word' id='word_1_618' title='bbox 2086 4590 2199 4645; x_wconf 90' lang='lat' dir='ltr'>alia</span> <span class='ocrx_word' id='word_1_619' title='bbox 2225 4589 2542 4657; x_wconf 85' lang='lat' dir='ltr'>tendimus,</span> <span class='ocrx_word' id='word_1_620' title='bbox 2578 4589 2637 4644; x_wconf 90' lang='lat' dir='ltr'>in</span> <span class='ocrx_word' id='word_1_621' title='bbox 2668 4588 2761 4645; x_wconf 90' lang='lat' dir='ltr'>his</span> <span class='ocrx_word' id='word_1_622' title='bbox 2793 4606 3025 4661; x_wconf 87' lang='lat' dir='ltr'>quoque</span> <span class='ocrx_word' id='word_1_623' title='bbox 3052 4607 3155 4662; x_wconf 90' lang='lat' dir='ltr'>pro</span> <span class='ocrx_word' id='word_1_624' title='bbox 3185 4594 3315 4646; x_wconf 86' lang='lat' dir='ltr'>voto</span> <span class='ocrx_word' id='word_1_625' title='bbox 3350 4591 3524 4647; x_wconf 85' lang='lat' dir='ltr'>tinem</span> <span class='ocrx_word' id='word_1_626' title='bbox 3560 4591 3737 4649; x_wconf 81' lang='lat' dir='ltr'>facia-</span> 
     </span>
    </p>
   </div>
   <div class='ocr_carea' id='block_1_94' title="bbox 322 4680 1973 4756">
    <p class='ocr_par' dir='ltr' id='par_1_94' title="bbox 322 4680 1973 4756">
     <span class='ocr_line' id='line_1_94' title="bbox 322 4680 1973 4756; baseline -0.001 -17"><span class='ocrx_word' id='word_1_627' title='bbox 322 4700 484 4755; x_wconf 89' lang='lat' dir='ltr'>pora,</span> <span class='ocrx_word' id='word_1_628' title='bbox 519 4688 585 4738; x_wconf 91' lang='lat' dir='ltr'>ut</span> <span class='ocrx_word' id='word_1_629' title='bbox 633 4682 919 4756; x_wconf 90' lang='lat' dir='ltr'>scriptum</span> <span class='ocrx_word' id='word_1_630' title='bbox 970 4684 1060 4736; x_wconf 86' lang='lat' dir='ltr'>est</span> <span class='ocrx_word' id='word_1_631' title='bbox 1104 4680 1291 4750; x_wconf 74' lang='lat' dir='ltr'>(Errlz&#39;.</span> <span class='ocrx_word' id='word_1_632' title='bbox 1324 4698 1495 4747; x_wconf 81' lang='lat' dir='ltr'>van,</span> <span class='ocrx_word' id='word_1_633' title='bbox 1535 4682 1645 4752; x_wconf 83' lang='lat'>12),</span> <span class='ocrx_word' id='word_1_634' title='bbox 1681 4697 1867 4752; x_wconf 87' lang='lat' dir='ltr'>usque</span> <span class='ocrx_word' id='word_1_635' title='bbox 1901 4682 1973 4737; x_wconf 89' lang='lat' dir='ltr'>ad</span> 
     </span>
    </p>
   </div>
   <div class='ocr_carea' id='block_1_95' title="bbox 320 4768 1972 4837">
    <p class='ocr_par' dir='ltr' id='par_1_95' title="bbox 320 4768 1972 4837">
     <span class='ocr_line' id='line_1_95' title="bbox 320 4768 1972 4837; baseline -0.001 -10"><span class='ocrx_word' id='word_1_636' title='bbox 320 4772 891 4827; x_wconf 82' lang='lat' dir='ltr'>consummationem</span> <span class='ocrx_word' id='word_1_637' title='bbox 922 4768 1071 4837; x_wconf 67' lang='lat' dir='ltr'>vitae,</span> <span class='ocrx_word' id='word_1_638' title='bbox 1108 4769 1384 4824; x_wconf 85' lang='lat' dir='ltr'>recedens</span> <span class='ocrx_word' id='word_1_639' title='bbox 1416 4770 1487 4823; x_wconf 91' lang='lat' dir='ltr'>ab</span> <span class='ocrx_word' id='word_1_640' title='bbox 1520 4769 1629 4824; x_wconf 89' lang='lat' dir='ltr'>hoc</span> <span class='ocrx_word' id='word_1_641' title='bbox 1675 4769 1883 4825; x_wconf 73' lang='lat' dir='ltr'>smculo</span> <span class='ocrx_word' id='word_1_642' title='bbox 1913 4769 1972 4825; x_wconf 91' lang='lat' dir='ltr'>in</span> 
     </span>
    </p>
   </div>
   <div class='ocr_carea' id='block_1_96' title="bbox 316 4856 1970 4930">
    <p class='ocr_par' dir='ltr' id='par_1_96' title="bbox 316 4856 1970 4930">
     <span class='ocr_line' id='line_1_96' title="bbox 316 4856 1970 4930; baseline 0 -15"><span class='ocrx_word' id='word_1_643' title='bbox 316 4859 592 4928; x_wconf 88' lang='lat' dir='ltr'>oratorio,</span> <span class='ocrx_word' id='word_1_644' title='bbox 624 4860 778 4930; x_wconf 90' lang='lat' dir='ltr'>quod</span> <span class='ocrx_word' id='word_1_645' title='bbox 812 4857 1083 4930; x_wconf 88' lang='lat' dir='ltr'>superius</span> <span class='ocrx_word' id='word_1_646' title='bbox 1110 4856 1362 4913; x_wconf 83' lang='lat' dir='ltr'>diximus</span> <span class='ocrx_word' id='word_1_647' title='bbox 1386 4858 1539 4914; x_wconf 86' lang='lat' dir='ltr'>beati</span> <span class='ocrx_word' id='word_1_648' title='bbox 1566 4859 1719 4913; x_wconf 87' lang='lat' dir='ltr'>Petri</span> <span class='ocrx_word' id='word_1_649' title='bbox 1741 4863 1970 4930; x_wconf 88' lang='lat' dir='ltr'>aposto-</span> 
     </span>
    </p>
   </div>
   <div class='ocr_carea' id='block_1_97' title="bbox 313 4947 1971 5019">
    <p class='ocr_par' dir='ltr' id='par_1_97' title="bbox 313 4947 1971 5019">
     <span class='ocr_line' id='line_1_97' title="bbox 313 4947 1971 5019; baseline 0.002 -17"><span class='ocrx_word' id='word_1_650' title='bbox 313 4947 506 5005; x_wconf 90' lang='lat' dir='ltr'>lorum</span> <span class='ocrx_word' id='word_1_651' title='bbox 540 4947 823 5019; x_wconf 89' lang='lat' dir='ltr'>principis</span> <span class='ocrx_word' id='word_1_652' title='bbox 856 4947 1073 5001; x_wconf 89' lang='lat' dir='ltr'>honore</span> <span class='ocrx_word' id='word_1_653' title='bbox 1106 4964 1139 5001; x_wconf 89' lang='lat' dir='ltr'>a</span> <span class='ocrx_word' id='word_1_654' title='bbox 1170 4952 1375 5003; x_wconf 88' lang='lat' dir='ltr'>sancto</span> <span class='ocrx_word' id='word_1_655' title='bbox 1406 4947 1528 5003; x_wconf 89' lang='lat' dir='ltr'>viro</span> <span class='ocrx_word' id='word_1_656' title='bbox 1560 4948 1820 5003; x_wconf 89' lang='lat' dir='ltr'>studiose</span> <span class='ocrx_word' id='word_1_657' title='bbox 1841 4967 1971 5005; x_wconf 90' lang='lat' dir='ltr'>con-</span> 
     </span>
    </p>
   </div>
   <div class='ocr_carea' id='block_1_98' title="bbox 311 5036 1966 5106">
    <p class='ocr_par' dir='ltr' id='par_1_98' title="bbox 311 5036 1966 5106">
     <span class='ocr_line' id='line_1_98' title="bbox 311 5036 1966 5106; baseline 0.002 -15"><span class='ocrx_word' id='word_1_658' title='bbox 311 5039 625 5103; x_wconf 89' lang='lat' dir='ltr'>structum,</span> <span class='ocrx_word' id='word_1_659' title='bbox 642 5052 775 5091; x_wconf 91' lang='lat' dir='ltr'>cum</span> <span class='ocrx_word' id='word_1_660' title='bbox 789 5036 989 5091; x_wconf 90' lang='lat' dir='ltr'>eodem</span> <span class='ocrx_word' id='word_1_661' title='bbox 1017 5036 1441 5106; x_wconf 64' lang='lat' dir='ltr'>praedecessore</span> <span class='ocrx_word' id='word_1_662' title='bbox 1464 5054 1569 5092; x_wconf 91' lang='lat' dir='ltr'>suo</span> <span class='ocrx_word' id='word_1_663' title='bbox 1593 5038 1966 5095; x_wconf 86' lang='lat' dir='ltr'>sanctissimo</span> 
     </span>
    </p>
   </div>
   <div class='ocr_carea' id='block_1_99' title="bbox 313 5124 1966 5199">
    <p class='ocr_par' dir='ltr' id='par_1_99' title="bbox 313 5124 1966 5199">
     <span class='ocr_line' id='line_1_99' title="bbox 313 5124 1966 5199; baseline 0.002 -20"><span class='ocrx_word' id='word_1_664' title='bbox 313 5125 603 5196; x_wconf 86' lang='lat' dir='ltr'>condigne</span> <span class='ocrx_word' id='word_1_665' title='bbox 622 5125 873 5179; x_wconf 90' lang='lat' dir='ltr'>traditus</span> <span class='ocrx_word' id='word_1_666' title='bbox 887 5129 973 5179; x_wconf 90' lang='lat' dir='ltr'>est</span> <span class='ocrx_word' id='word_1_667' title='bbox 988 5124 1320 5195; x_wconf 65' lang='lat' dir='ltr'>sepultura).</span> <span class='ocrx_word' id='word_1_668' title='bbox 1334 5126 1494 5182; x_wconf 90' lang='lat' dir='ltr'>Unde</span> <span class='ocrx_word' id='word_1_669' title='bbox 1517 5145 1749 5199; x_wconf 84' lang='lat' dir='ltr'>quoque</span> <span class='ocrx_word' id='word_1_670' title='bbox 1771 5129 1966 5183; x_wconf 87' lang='lat' dir='ltr'>ambo-</span> 
     </span>
    </p>
   </div>
   <div class='ocr_carea' id='block_1_100' title="bbox 305 5213 1963 5271">
    <p class='ocr_par' dir='ltr' id='par_1_100' title="bbox 305 5213 1963 5271">
     <span class='ocr_line' id='line_1_100' title="bbox 305 5213 1963 5271; baseline 0.001 -3"><span class='ocrx_word' id='word_1_671' title='bbox 305 5230 439 5268; x_wconf 89' lang='lat' dir='ltr'>rum</span> <span class='ocrx_word' id='word_1_672' title='bbox 471 5213 698 5268; x_wconf 83' lang='lat' dir='ltr'>meritis</span> <span class='ocrx_word' id='word_1_673' title='bbox 730 5219 787 5268; x_wconf 86' lang='lat' dir='ltr'>et</span> <span class='ocrx_word' id='word_1_674' title='bbox 817 5213 1337 5269; x_wconf 77' lang='lat' dir='ltr'>intercessionibus</span> <span class='ocrx_word' id='word_1_675' title='bbox 1371 5216 1443 5269; x_wconf 88' lang='lat' dir='ltr'>ad</span> <span class='ocrx_word' id='word_1_676' title='bbox 1494 5214 1727 5271; x_wconf 86' lang='lat' dir='ltr'>laudem</span> <span class='ocrx_word' id='word_1_677' title='bbox 1781 5216 1963 5270; x_wconf 86' lang='lat' dir='ltr'>divini</span> 
     </span>
    </p>
   </div>
   <div class='ocr_carea' id='block_1_101' title="bbox 310 5301 1962 5375">
    <p class='ocr_par' dir='ltr' id='par_1_101' title="bbox 310 5301 1962 5375">
     <span class='ocr_line' id='line_1_101' title="bbox 310 5301 1962 5375; baseline 0.002 -19"><span class='ocrx_word' id='word_1_678' title='bbox 310 5302 568 5357; x_wconf 89' lang='lat' dir='ltr'>nominis</span> <span class='ocrx_word' id='word_1_679' title='bbox 604 5303 755 5357; x_wconf 88' lang='lat' dir='ltr'>idem</span> <span class='ocrx_word' id='word_1_680' title='bbox 790 5301 953 5357; x_wconf 87' lang='lat' dir='ltr'>locus</span> <span class='ocrx_word' id='word_1_681' title='bbox 984 5320 1135 5356; x_wconf 86' lang='lat' dir='ltr'>exeo</span> <span class='ocrx_word' id='word_1_682' title='bbox 1167 5307 1425 5373; x_wconf 86' lang='lat' dir='ltr'>tempore</span> <span class='ocrx_word' id='word_1_683' title='bbox 1450 5304 1780 5375; x_wconf 79' lang='lat' dir='ltr'>magniticis</span> <span class='ocrx_word' id='word_1_684' title='bbox 1802 5305 1962 5360; x_wconf 86' lang='lat' dir='ltr'>visus</span> 
     </span>
    </p>
   </div>
   <div class='ocr_carea' id='block_1_102' title="bbox 308 5389 1958 5457">
    <p class='ocr_par' dir='ltr' id='par_1_102' title="bbox 308 5389 1958 5457">
     <span class='ocr_line' id='line_1_102' title="bbox 308 5389 1958 5457; baseline 0.002 -12"><span class='ocrx_word' id='word_1_685' title='bbox 308 5395 399 5447; x_wconf 91' lang='lat' dir='ltr'>est</span> <span class='ocrx_word' id='word_1_686' title='bbox 429 5390 732 5445; x_wconf 88' lang='lat' dir='ltr'>miraculis</span> <span class='ocrx_word' id='word_1_687' title='bbox 763 5389 1073 5457; x_wconf 70' lang='lat' dir='ltr'>elfulsisse,</span> <span class='ocrx_word' id='word_1_688' title='bbox 1100 5408 1233 5446; x_wconf 90' lang='lat' dir='ltr'>cum</span> <span class='ocrx_word' id='word_1_689' title='bbox 1258 5390 1479 5445; x_wconf 89' lang='lat' dir='ltr'>scilicet</span> <span class='ocrx_word' id='word_1_690' title='bbox 1501 5410 1782 5448; x_wconf 70' lang='lat' dir='ltr'>caecorum</span> <span class='ocrx_word' id='word_1_691' title='bbox 1808 5394 1958 5448; x_wconf 88' lang='lat' dir='ltr'>oculi</span> 
     </span>
    </p>
   </div>
   <div class='ocr_carea' id='block_1_103' title="bbox 309 5478 1960 5551">
    <p class='ocr_par' dir='ltr' id='par_1_103' title="bbox 309 5478 1960 5551">
     <span class='ocr_line' id='line_1_103' title="bbox 309 5478 1960 5551; baseline 0.002 -18"><span class='ocrx_word' id='word_1_692' title='bbox 309 5478 589 5533; x_wconf 88' lang='lat' dir='ltr'>diuturna</span> <span class='ocrx_word' id='word_1_693' title='bbox 621 5478 868 5550; x_wconf 78' lang='lat' dir='ltr'>caligine</span> <span class='ocrx_word' id='word_1_694' title='bbox 901 5479 1110 5549; x_wconf 73' lang='lat' dir='ltr'>pressi,</span> <span class='ocrx_word' id='word_1_695' title='bbox 1143 5483 1373 5549; x_wconf 78' lang='lat' dir='ltr'>opatain</span> <span class='ocrx_word' id='word_1_696' title='bbox 1414 5479 1672 5551; x_wconf 82' lang='lat' dir='ltr'>expulsis</span> <span class='ocrx_word' id='word_1_697' title='bbox 1707 5483 1960 5538; x_wconf 85' lang='lat' dir='ltr'>tenebris</span> 
     </span>
    </p>
   </div>
   <div class='ocr_carea' id='block_1_104' title="bbox 307 5566 1956 5639">
    <p class='ocr_par' dir='ltr' id='par_1_104' title="bbox 307 5566 1956 5639">
     <span class='ocr_line' id='line_1_104' title="bbox 307 5566 1956 5639; baseline 0.002 -18"><span class='ocrx_word' id='word_1_698' title='bbox 307 5566 520 5633; x_wconf 83' lang='lat' dir='ltr'>lucem,</span> <span class='ocrx_word' id='word_1_699' title='bbox 553 5567 847 5623; x_wconf 89' lang='lat' dir='ltr'>variarum</span> <span class='ocrx_word' id='word_1_700' title='bbox 882 5571 1043 5638; x_wconf 82' lang='lat' dir='ltr'>peste</span> <span class='ocrx_word' id='word_1_701' title='bbox 1075 5566 1332 5621; x_wconf 84' lang='lat' dir='ltr'>cladium</span> <span class='ocrx_word' id='word_1_702' title='bbox 1384 5566 1727 5639; x_wconf 65' lang='lat' dir='ltr'>languentes</span> <span class='ocrx_word' id='word_1_703' title='bbox 1778 5570 1956 5638; x_wconf 77' lang='lat' dir='ltr'>exuti,</span> 
     </span>
    </p>
   </div>
   <div class='ocr_carea' id='block_1_105' title="bbox 307 5654 1957 5729">
    <p class='ocr_par' dir='ltr' id='par_1_105' title="bbox 307 5654 1957 5729">
     <span class='ocr_line' id='line_1_105' title="bbox 307 5654 1957 5729; baseline 0.001 -14"><span class='ocrx_word' id='word_1_704' title='bbox 307 5656 571 5715; x_wconf 78' lang='lat' dir='ltr'>attractis</span> <span class='ocrx_word' id='word_1_705' title='bbox 604 5674 838 5729; x_wconf 87' lang='lat' dir='ltr'>quoque</span> <span class='ocrx_word' id='word_1_706' title='bbox 869 5654 1060 5711; x_wconf 89' lang='lat' dir='ltr'>nervis</span> <span class='ocrx_word' id='word_1_707' title='bbox 1093 5655 1287 5728; x_wconf 86' lang='lat' dir='ltr'>plures</span> <span class='ocrx_word' id='word_1_708' title='bbox 1319 5661 1583 5728; x_wconf 82' lang='lat' dir='ltr'>repentes</span> <span class='ocrx_word' id='word_1_709' title='bbox 1615 5658 1799 5725; x_wconf 85' lang='lat' dir='ltr'>humi,</span> <span class='ocrx_word' id='word_1_710' title='bbox 1828 5678 1957 5715; x_wconf 88' lang='lat' dir='ltr'>nec-</span> 
     </span>
    </p>
   </div>
   <div class='ocr_carea' id='block_1_106' title="bbox 2084 4696 2237 4735">
    <p class='ocr_par' dir='ltr' id='par_1_106' title="bbox 2084 4696 2237 4735">
     <span class='ocr_line' id='line_1_106' title="bbox 2084 4696 2237 4735; baseline -0.007 -2"><span class='ocrx_word' id='word_1_711' title='bbox 2084 4696 2237 4735; x_wconf 90' lang='lat' dir='ltr'>mus.</span> 
     </span>
    </p>
   </div>
   <div class='ocr_carea' id='block_1_107' title="bbox 2158 4766 3738 4842">
    <p class='ocr_par' dir='ltr' id='par_1_107' title="bbox 2158 4766 3738 4842">
     <span class='ocr_line' id='line_1_107' title="bbox 2158 4766 3738 4842; baseline 0.003 -20"><span class='ocrx_word' id='word_1_712' title='bbox 2158 4768 2275 4823; x_wconf 88' lang='lat' dir='ltr'>Hoc</span> <span class='ocrx_word' id='word_1_713' title='bbox 2301 4767 2477 4822; x_wconf 89' lang='lat' dir='ltr'>etiam</span> <span class='ocrx_word' id='word_1_714' title='bbox 2509 4784 2623 4821; x_wconf 89' lang='lat' dir='ltr'>non</span> <span class='ocrx_word' id='word_1_715' title='bbox 2651 4766 2890 4839; x_wconf 89' lang='lat' dir='ltr'>indigne</span> <span class='ocrx_word' id='word_1_716' title='bbox 2922 4767 3141 4839; x_wconf 91' lang='lat' dir='ltr'>placuit</span> <span class='ocrx_word' id='word_1_717' title='bbox 3172 4767 3738 4842; x_wconf 86' lang='lat' dir='ltr'>inserendum,quod</span> 
     </span>
    </p>
   </div>
   <div class='ocr_carea' id='block_1_108' title="bbox 2084 4854 3741 4929">
    <p class='ocr_par' dir='ltr' id='par_1_108' title="bbox 2084 4854 3741 4929">
     <span class='ocr_line' id='line_1_108' title="bbox 2084 4854 3741 4929; baseline 0.003 -19"><span class='ocrx_word' id='word_1_718' title='bbox 2084 4855 2373 4927; x_wconf 83' lang='lat' dir='ltr'>frequenti</span> <span class='ocrx_word' id='word_1_719' title='bbox 2406 4854 2741 4911; x_wconf 88' lang='lat' dir='ltr'>testimonio</span> <span class='ocrx_word' id='word_1_720' title='bbox 2772 4855 3079 4929; x_wconf 85' lang='lat' dir='ltr'>vulgatum</span> <span class='ocrx_word' id='word_1_721' title='bbox 3112 4856 3304 4912; x_wconf 90' lang='lat' dir='ltr'>adhuc</span> <span class='ocrx_word' id='word_1_722' title='bbox 3325 4856 3478 4913; x_wconf 88' lang='lat' dir='ltr'>inter</span> <span class='ocrx_word' id='word_1_723' title='bbox 3496 4875 3600 4914; x_wconf 90' lang='lat' dir='ltr'>ora</span> <span class='ocrx_word' id='word_1_724' title='bbox 3622 4876 3741 4915; x_wconf 90' lang='lat' dir='ltr'>ver-</span> 
     </span>
    </p>
   </div>
   <div class='ocr_carea' id='block_1_109' title="bbox 2082 4944 3735 5017">
    <p class='ocr_par' dir='ltr' id='par_1_109' title="bbox 2082 4944 3735 5017">
     <span class='ocr_line' id='line_1_109' title="bbox 2082 4944 3735 5017; baseline 0.002 -17"><span class='ocrx_word' id='word_1_725' title='bbox 2082 4950 2246 5001; x_wconf 90' lang='lat' dir='ltr'>satur</span> <span class='ocrx_word' id='word_1_726' title='bbox 2276 4944 2685 5017; x_wconf 89' lang='lat' dir='ltr'>plurimorum.</span> <span class='ocrx_word' id='word_1_727' title='bbox 2718 4945 2799 4999; x_wconf 82' lang='lat' dir='ltr'>Ex</span> <span class='ocrx_word' id='word_1_728' title='bbox 2831 4945 3243 5001; x_wconf 89' lang='lat' dir='ltr'>transmarinis</span> <span class='ocrx_word' id='word_1_729' title='bbox 3273 4948 3580 5003; x_wconf 88' lang='lat' dir='ltr'>Scotorum</span> <span class='ocrx_word' id='word_1_730' title='bbox 3604 4948 3735 5003; x_wconf 84' lang='lat' dir='ltr'>ﬁni-</span> 
     </span>
    </p>
   </div>
   <div class='ocr_carea' id='block_1_110' title="bbox 2079 5034 3737 5107">
    <p class='ocr_par' dir='ltr' id='par_1_110' title="bbox 2079 5034 3737 5107">
     <span class='ocr_line' id='line_1_110' title="bbox 2079 5034 3737 5107; baseline 0.001 -17"><span class='ocrx_word' id='word_1_731' title='bbox 2079 5035 2213 5103; x_wconf 87' lang='lat' dir='ltr'>bus,</span> <span class='ocrx_word' id='word_1_732' title='bbox 2248 5034 2355 5090; x_wconf 91' lang='lat' dir='ltr'>has</span> <span class='ocrx_word' id='word_1_733' title='bbox 2386 5040 2582 5106; x_wconf 89' lang='lat' dir='ltr'>partes</span> <span class='ocrx_word' id='word_1_734' title='bbox 2616 5034 2797 5090; x_wconf 89' lang='lat' dir='ltr'>moris</span> <span class='ocrx_word' id='word_1_735' title='bbox 2830 5039 2955 5089; x_wconf 93' lang='lat' dir='ltr'>erat</span> <span class='ocrx_word' id='word_1_736' title='bbox 2983 5036 3270 5107; x_wconf 84' lang='lat' dir='ltr'>expetisse</span> <span class='ocrx_word' id='word_1_737' title='bbox 3302 5034 3737 5105; x_wconf 88' lang='lat' dir='ltr'>multorum,in-</span> 
     </span>
    </p>
   </div>
   <div class='ocr_carea' id='block_1_111' title="bbox 2076 5123 3732 5197">
    <p class='ocr_par' dir='ltr' id='par_1_111' title="bbox 2076 5123 3732 5197">
     <span class='ocr_line' id='line_1_111' title="bbox 2076 5123 3732 5197; baseline 0.001 -18"><span class='ocrx_word' id='word_1_738' title='bbox 2076 5129 2163 5180; x_wconf 90' lang='lat' dir='ltr'>ter</span> <span class='ocrx_word' id='word_1_739' title='bbox 2195 5142 2342 5196; x_wconf 91' lang='lat' dir='ltr'>quos</span> <span class='ocrx_word' id='word_1_740' title='bbox 2376 5141 2440 5179; x_wconf 90' lang='lat' dir='ltr'>eo</span> <span class='ocrx_word' id='word_1_741' title='bbox 2476 5130 2737 5195; x_wconf 89' lang='lat' dir='ltr'>tempore</span> <span class='ocrx_word' id='word_1_742' title='bbox 2764 5123 2858 5195; x_wconf 83' lang='lat' dir='ltr'>vip</span> <span class='ocrx_word' id='word_1_743' title='bbox 2890 5125 3146 5196; x_wconf 89' lang='lat' dir='ltr'>quadam</span> <span class='ocrx_word' id='word_1_744' title='bbox 3179 5141 3402 5197; x_wconf 89' lang='lat' dir='ltr'>pauper</span> <span class='ocrx_word' id='word_1_745' title='bbox 3429 5142 3563 5179; x_wconf 91' lang='lat' dir='ltr'>cum</span> <span class='ocrx_word' id='word_1_746' title='bbox 3598 5142 3732 5181; x_wconf 88' lang='lat' dir='ltr'>con-</span> 
     </span>
    </p>
   </div>
   <div class='ocr_carea' id='block_1_112' title="bbox 2064 5203 3786 5286">
    <p class='ocr_par' dir='ltr' id='par_1_112' title="bbox 2064 5203 3786 5286">
     <span class='ocr_line' id='line_1_112' title="bbox 2064 5203 3786 5286; baseline 0.002 -19"><span class='ocrx_word' id='word_1_747' title='bbox 2064 5215 2207 5286; x_wconf 78' lang='lat' dir='ltr'>juge</span> <span class='ocrx_word' id='word_1_748' title='bbox 2232 5214 2447 5268; x_wconf 71' lang='lat' dir='ltr'>dicitur</span> <span class='ocrx_word' id='word_1_749' title='bbox 2468 5212 2788 5268; x_wconf 79' lang='lat' dir='ltr'>accessisse</span> <span class='ocrx_word' id='word_1_750' title='bbox 2810 5231 2822 5279; x_wconf 87' lang='lat'><strong>;</strong></span> <span class='ocrx_word' id='word_1_751' title='bbox 2844 5214 3075 5285; x_wconf 86' lang='lat' dir='ltr'>antiqui</span> <span class='ocrx_word' id='word_1_752' title='bbox 3099 5213 3255 5269; x_wconf 90' lang='lat' dir='ltr'>enim</span> <span class='ocrx_word' id='word_1_753' title='bbox 3282 5214 3565 5285; x_wconf 89' lang='lat' dir='ltr'>temporis</span> <span class='ocrx_word' id='word_1_754' title='bbox 3589 5213 3735 5269; x_wconf 81' lang='lat' dir='ltr'>mul-</span> <span class='ocrx_word' id='word_1_755' title='bbox 3775 5203 3786 5214; x_wconf 75' lang='grc'><em>’</em></span> 
     </span>
    </p>
   </div>
   <div class='ocr_carea' id='block_1_113' title="bbox 2073 5301 3727 5374">
    <p class='ocr_par' dir='ltr' id='par_1_113' title="bbox 2073 5301 3727 5374">
     <span class='ocr_line' id='line_1_113' title="bbox 2073 5301 3727 5374; baseline 0.001 -17"><span class='ocrx_word' id='word_1_756' title='bbox 2073 5309 2161 5357; x_wconf 85' lang='lat' dir='ltr'>tos</span> <span class='ocrx_word' id='word_1_757' title='bbox 2197 5304 2351 5357; x_wconf 82' lang='lat' dir='ltr'>fama</span> <span class='ocrx_word' id='word_1_758' title='bbox 2381 5303 2631 5358; x_wconf 86' lang='lat' dir='ltr'>excierat</span> <span class='ocrx_word' id='word_1_759' title='bbox 2662 5320 2778 5358; x_wconf 65' lang='lat' dir='ltr'>sum</span> <span class='ocrx_word' id='word_1_760' title='bbox 2810 5303 3002 5374; x_wconf 81' lang='lat' dir='ltr'>gentis</span> <span class='ocrx_word' id='word_1_761' title='bbox 3035 5301 3223 5356; x_wconf 85' lang='lat' dir='ltr'>virum</span> <span class='ocrx_word' id='word_1_762' title='bbox 3258 5302 3727 5358; x_wconf 87' lang='lat' dir='ltr'>sanctissimum.</span> 
     </span>
    </p>
   </div>
   <div class='ocr_carea' id='block_1_114' title="bbox 2073 5392 3729 5464">
    <p class='ocr_par' dir='ltr' id='par_1_114' title="bbox 2073 5392 3729 5464">
     <span class='ocr_line' id='line_1_114' title="bbox 2073 5392 3729 5464; baseline 0.001 -17"><span class='ocrx_word' id='word_1_763' title='bbox 2073 5392 2426 5463; x_wconf 84' lang='lat' dir='ltr'>Seottigenis</span> <span class='ocrx_word' id='word_1_764' title='bbox 2458 5409 2696 5464; x_wconf 87' lang='lat' dir='ltr'>peregre</span> <span class='ocrx_word' id='word_1_765' title='bbox 2729 5392 2899 5447; x_wconf 89' lang='lat' dir='ltr'>solito</span> <span class='ocrx_word' id='word_1_766' title='bbox 2938 5392 3315 5459; x_wconf 87' lang='lat' dir='ltr'>abeuntibus,</span> <span class='ocrx_word' id='word_1_767' title='bbox 3352 5392 3729 5462; x_wconf 87' lang='lat' dir='ltr'>potissimum</span> 
     </span>
    </p>
   </div>
   <div class='ocr_carea' id='block_1_115' title="bbox 2071 5480 3723 5553">
    <p class='ocr_par' dir='ltr' id='par_1_115' title="bbox 2071 5480 3723 5553">
     <span class='ocr_line' id='line_1_115' title="bbox 2071 5480 3723 5553; baseline -0.001 -17"><span class='ocrx_word' id='word_1_768' title='bbox 2071 5481 2485 5553; x_wconf 84' lang='lat' dir='ltr'>expetendum.</span> <span class='ocrx_word' id='word_1_769' title='bbox 2534 5480 2695 5535; x_wconf 87' lang='lat' dir='ltr'>Unde</span> <span class='ocrx_word' id='word_1_770' title='bbox 2743 5480 2838 5535; x_wconf 92' lang='lat' dir='ltr'>hic</span> <span class='ocrx_word' id='word_1_771' title='bbox 2888 5481 3182 5548; x_wconf 89' lang='lat' dir='ltr'>conscius,</span> <span class='ocrx_word' id='word_1_772' title='bbox 3220 5484 3285 5535; x_wconf 88' lang='lat' dir='ltr'>ut</span> <span class='ocrx_word' id='word_1_773' title='bbox 3333 5497 3535 5534; x_wconf 87' lang='lat' dir='ltr'>rumor</span> <span class='ocrx_word' id='word_1_774' title='bbox 3584 5486 3723 5549; x_wconf 86' lang='lat' dir='ltr'>erat,</span> 
     </span>
    </p>
   </div>
   <div class='ocr_carea' id='block_1_116' title="bbox 2070 5566 3727 5641">
    <p class='ocr_par' dir='ltr' id='par_1_116' title="bbox 2070 5566 3727 5641">
     <span class='ocr_line' id='line_1_116' title="bbox 2070 5566 3727 5641; baseline 0.001 -17"><span class='ocrx_word' id='word_1_775' title='bbox 2070 5570 2289 5625; x_wconf 87' lang='lat' dir='ltr'>amoris</span> <span class='ocrx_word' id='word_1_776' title='bbox 2323 5574 2377 5624; x_wconf 92' lang='lat' dir='ltr'>et</span> <span class='ocrx_word' id='word_1_777' title='bbox 2402 5569 2623 5641; x_wconf 66' lang='lat' dir='ltr'>gratia),</span> <span class='ocrx_word' id='word_1_778' title='bbox 2659 5586 2772 5623; x_wconf 90' lang='lat' dir='ltr'>non</span> <span class='ocrx_word' id='word_1_779' title='bbox 2805 5568 2975 5641; x_wconf 87' lang='lat' dir='ltr'>longe</span> <span class='ocrx_word' id='word_1_780' title='bbox 3005 5570 3077 5624; x_wconf 90' lang='lat' dir='ltr'>ab</span> <span class='ocrx_word' id='word_1_781' title='bbox 3111 5570 3232 5624; x_wconf 65' lang='lat' dir='ltr'>aede</span> <span class='ocrx_word' id='word_1_782' title='bbox 3264 5568 3415 5623; x_wconf 87' lang='lat' dir='ltr'>beati</span> <span class='ocrx_word' id='word_1_783' title='bbox 3440 5566 3546 5622; x_wconf 85' lang='lat' dir='ltr'>viri</span> <span class='ocrx_word' id='word_1_784' title='bbox 3584 5570 3727 5640; x_wconf 88' lang='lat' dir='ltr'>poti-</span> 
     </span>
    </p>
   </div>
   <div class='ocr_carea' id='block_1_117' title="bbox 2069 5657 3724 5730">
    <p class='ocr_par' dir='ltr' id='par_1_117' title="bbox 2069 5657 3724 5730">
     <span class='ocr_line' id='line_1_117' title="bbox 2069 5657 3724 5730; baseline 0.001 -16"><span class='ocrx_word' id='word_1_785' title='bbox 2069 5665 2165 5715; x_wconf 85' lang='lat' dir='ltr'>tus</span> <span class='ocrx_word' id='word_1_786' title='bbox 2184 5657 2437 5730; x_wconf 75' lang='lat' dir='ltr'>hospitio</span> <span class='ocrx_word' id='word_1_787' title='bbox 2458 5657 2720 5713; x_wconf 88' lang='lat' dir='ltr'>voluerat</span> <span class='ocrx_word' id='word_1_788' title='bbox 2737 5658 3227 5715; x_wconf 84' lang='lat' dir='ltr'>mansitare.Huic</span> <span class='ocrx_word' id='word_1_789' title='bbox 3252 5659 3309 5713; x_wconf 91' lang='lat' dir='ltr'>in</span> <span class='ocrx_word' id='word_1_790' title='bbox 3330 5658 3503 5714; x_wconf 88' lang='lat' dir='ltr'>rebus</span> <span class='ocrx_word' id='word_1_791' title='bbox 3526 5658 3724 5715; x_wconf 87' lang='lat' dir='ltr'>dome-</span> 
     </span>
    </p>
   </div>
  </div>
