3912 6354
130 398 248 465 633

130 620 276 677 inter
296 620 375 676 rei
394 618 704 676 familiaris
720 618 1170 685 commoda,non
1190 634 1413 685 magna»
1437 617 1781 686 quantitatis

129 709 331 766 solitus
357 708 512 764 alere
544 708 870 780 porculum,
893 707 1105 762 futuris
1137 706 1247 760 sibi
1274 723 1540 759 escarum
1577 706 1782 760 usibus

128 799 507 854 inferendam.
542 798 615 853 Ut
647 801 841 852 autem
874 796 1088 851 assolet
1122 796 1177 849 in
1214 800 1375 849 tanta
1407 795 1783 848 multitudine

129 886 450 954 hominum,
468 878 721 943 amicam
746 885 1050 940 bestiolam
1076 902 1211 938 cum
1234 885 1536 938 absentem
1561 884 1783 937 diutius

130 974 601 1046 conspicit,furto
623 972 734 1029 sibi
759 973 1052 1028 sublatam
1087 990 1306 1043 pauper
1340 972 1631 1041 intelligit.
1672 973 1783 1025 ιου-

132 1065 306 1118 rantis
332 1067 539 1135 autem
563 1079 875 1135 personam
909 1079 1041 1116 cum
1072 1078 1365 1131 nusquam
1395 1061 1786 1131 deprehende-

134 1156 232 1220 ret,
255 1151 453 1208 damni
491 1125 581 1207 sbi
605 1170 721 1207 non
742 1153 933 1206 ferens
954 1151 1431 1222 dispemliumgul
1465 1168 1689 1203 sacram
1711 1169 1782 1203 ze-

135 1242 258 1296 dem
275 1241 549 1308 tendit,et
571 1240 855 1307 elferis,ut
880 1242 1185 1295 Scotorum
1224 1246 1433 1293 natura
1454 1239 1784 1305 cst,animis

132 1330 347 1386 tumulo
378 1330 567 1384 sancti
602 1348 663 1385 se
695 1334 968 1384 mmstum
1006 1328 1225 1399 injecit,
1246 1333 1301 1383 ct
1324 1329 1558 1399 plenum
1589 1328 1783 1398 queri-

134 1419 431 1485 moniis,et
465 1424 529 1473 ut
560 1418 764 1474 rustici
805 1417 996 1473 verbis
1046 1416 1288 1489 eloquar
1313 1434 1323 1472 :
1351 1417 1394 1472 0
1428 1424 1627 1471 sancte
1660 1416 1781 1483 Dei,

134 1508 382 1575 Scotum,
404 1507 749 1579 inquam,te
780 1508 1019 1562 Scotum
1054 1511 1111 1561 et
1142 1523 1254 1569 me,
1280 1506 1439 1575 genti
1465 1507 1783 1577 Scotigenze

134 1596 408 1668 prepitius
440 1596 739 1652 miserere.
761 1596 849 1650 Me
879 1595 1113 1651 eminus
1146 1595 1401 1666 positum
1428 1594 1784 1663 fortejuvare

133 1684 443 1752 debueras;
480 1700 612 1740 ecce
643 1700 883 1756 peregre
916 1684 1328 1747 constitutum,
1357 1683 1499 1753 quid
1533 1682 1783 1754 aporiari

133 1772 366 1846 pateris;
400 1773 548 1846 quid
572 1773 749 1828 rebus
780 1772 1020 1827 destitui
1044 1771 1377 1844 permittis?
1402 1772 1786 1835 Redde,obse-

134 1877 243 1929 cro,
274 1862 428 1933 quod
465 1862 714 1934 perdidi,
749 1861 925 1916 redde
947 1861 1102 1933 quod
1126 1860 1457 1931 furimpius
1495 1862 1641 1915 forte
1657 1862 1783 1930 jam

135 1951 398 2007 absumit.
422 1952 558 2007 Hinc
589 1956 647 2006 et
670 1950 770 2006 his
801 1949 1020 2006 similia
1050 1950 1238 2006 multa
1262 1966 1622 2022 prosequens
1649 1966 1786 2022 pau-

135 2055 228 2113 per
252 2039 367 2110 ille,
401 2040 595 2098 tristis
625 2040 905 2114 recipitur
935 2038 1209 2114 hospitio.

932 393 1033 455 DE
1076 394 1259 457 VITA
1310 394 1374 455 S.
1426 393 1788 455 MANSUL'I

1954 395 2079 454 Blll
2128 394 2308 454 DUtl.
2354 426 2429 436 -
2472 393 2617 453 LIB.
2665 394 2741 454 ΙΙ.

134 530 292 589 sticis
321 529 533 601 exigua
560 529 752 586 fuerat
781 528 1100 584 admodum
1135 527 1777 598 supellectilis,tantum
1810 530 1863 597 Α

3430 397 3545 457 634

1966 527 2202 583 Interim
2238 526 2384 581 latro
2417 528 2621 583 avidus
2654 528 2934 582 miserum
2970 528 3109 583 illud
3160 527 3379 584 animal
3420 532 3545 603 jam

1897 618 2045 672 ferro
2077 620 2503 688 pra-t'oeaverat,
2528 635 2629 687 spe
2662 618 2922 687 gaudens
2955 619 3257 673 ttltllf‘tllltll
3289 622 3547 689 gutturis

1893 725 1959 761 ex
1991 706 2081 761 his
2114 708 2282 777 quias
2316 709 2466 761 furto
2500 708 2833 778 sublegerat
2880 708 3120 778 rapinis.
3158 709 3269 763 Nec
3301 710 3402 763 diu
3435 711 3549 766 dis-

1894 797 2028 851 tulit
2079 801 2316 850 sanctus
2368 795 2458 849 sui
2502 797 2908 866 querimonias
2960 797 3252 868 pauperis.
3282 799 3428 852 Nam
3486 806 3547 853 ut

1893 887 2179 941 exstincta
2208 887 2393 940 bestia
2426 887 2731 955 tegebatur
2761 885 3040 951 latibulis,
3075 887 3286 942 virtute
3333 888 3543 956 sancti,

1896 976 2033 1027 flatu
2094 975 2391 1039 redeunte,
2426 974 2484 1026 in
2534 975 2709 1044 pedes
2756 975 3002 1044 erigitur
3053 976 3315 1045 furisque
3371 977 3545 1032 domo

1894 1063 2175 1116 violenter
2222 1063 2496 1132 eripitur;
2530 1080 2594 1116 ac
2642 1063 3058 1117 contuliernale
3104 1064 3401 1118 stabulum
3452 1064 3543 1119 in-

1895 1157 2117 1222 gressa,
2155 1170 2269 1204 non
2317 1151 2441 1205 sine
2501 1152 2819 1205 multorum
2882 1153 3265 1208 admiratione
3313 1156 3547 1225 proprio

1897 1241 2281 1295 doi‘nintniva
2321 1246 2375 1293 et
2415 1240 2725 1295 incolumis
2760 1242 3213 1297 ri‘estituiturb‘ic
3238 1242 3441 1298 delusa
3460 1249 3550 1298 est

1898 1329 2081 1399 iniqui
2118 1328 2262 1383 furis
2296 1330 2706 1400 pl‘iL‘Sllllllet);
2744 1330 2825 1383 sic
2859 1347 3076 1399 pauper
3123 1336 3413 1386 recreatus
3460 1337 3550 1387 est

1896 1436 2003 1473 suo
2036 1419 2189 1488 quod
2227 1419 2415 1471 fuerat
2447 1436 2657 1489 passus
2687 1419 2843 1489 gravi
2879 1417 3225 1483 infortunio;
3261 1422 3343 1473 sic
3374 1421 3549 1476 etiam

1896 1505 2265 1561 admirabilis
2298 1507 2449 1560 facta
2481 1512 2569 1560 est
2600 1524 2713 1560 non
2743 1510 2969 1561 tantum
2998 1508 3055 1560 in
3084 1508 3355 1563 maximls
3376 1527 3551 1581 quam

1895 1594 2072 1651 etiam
2100 1595 2155 1671 in
2191 1594 2364 1650 rebus
2397 1595 2632 1659 vilibus,
2655 1595 2841 1671 sancti
2877 1597 3191 1668 Mansueti,
3223 1597 3270 1651 si
3306 1599 3419 1654 fide
3450 1617 3553 1671 ρος

1896 1683 2062 1753 titur,
2081 1669 2523 1738 evidentissima
2543 1669 2748 1738 virtus.
2767 1684 2823 1739 Si
2848 1686 2984 1756 quis
3004 1702 3134 1741 vero
3175 1686 3312 1741 huic
3353 1687 3433 1742 rei
3453 1669 3553 1743 ﬂin-

1897 1771 2171 1826 credulus
2202 1790 2330 1827 esse
2360 1772 2623 1839 voluerit,
2661 1772 2804 1826 nihil
2856 1780 3058 1829 nostra
3105 1774 3387 1842 intererit,
3413 1794 3549 1832 cum

1896 1861 2004 1915 hoc
2036 1862 2083 1915 si
2107 1860 2357 1915 siscitari
2392 1862 2699 1933 placuerit,
2734 1862 3054 1920 multorum
3088 1864 3280 1922 adhuc
3328 1864 3552 1924 relatio-

1897 1951 2070 2007 nibus
2093 1950 2513 2025 comprobabit.

1324 2421 1663 2506 LIBER
1736 2419 2382 2509 SECUNDUS.

773 2775 1005 2832 CAPUT
1026 2775 1141 2831 XV.

144 2865 320 2937 Incipit
347 2866 677 2938 opusculum
708 2864 881 2919 libelli
909 2867 1203 2936 sequentis,
1228 2865 1397 2921 dehis
1418 2884 1535 2937 quae
1554 2883 1651 2937 per
1666 2883 1791 2921 eum

611 2944 735 3008 post
760 2937 966 2991 obitum
994 2944 1140 3007 gesta
1168 2946 1314 2992 sunt.

213 3026 494 3091 Quoniam
528 3026 588 3080 in
620 3024 928 3081 anterioris
959 3026 1329 3081 exsecutione
1381 3027 1594 3098 operis,
1621 3031 1794 3098 prout

155 3114 333 3170 divina
361 3114 707 3171 sublimitas
744 3115 817 3169 ad
850 3116 1195 3170 memoriam
1228 3116 1604 3186 praesentium
1648 3120 1789 3169 tem-

151 3218 338 3274 porum
375 3204 784 3262 renovandum
832 3203 1137 3275 exiguitati
1188 3208 1399 3260 nostra:
1443 3204 1790 3274 contulerat,
1828 3200 1869 3266 C

152 3308 318 3363 pauca
372 3311 441 3350 ex
500 3292 775 3366 pluribus
824 3293 1075 3347 breviter
1130 3292 1542 3364 explicuimus,
1577 3311 1644 3348 ea
1683 3294 1794 3349 sei-

152 3379 270 3437 licet
307 3399 433 3455 qua:
490 3382 637 3437 dum
687 3385 950 3437 maneret
998 3381 1057 3435 in
1104 3398 1364 3453 corpore,
1398 3381 1500 3437 Dei
1548 3386 1637 3437 est
1676 3382 1794 3436 vir-

152 3473 260 3526 tute
307 3474 607 3543 operatus,
641 3468 877 3526 omissis
940 3468 1035 3525 hic
1094 3487 1221 3542 qua:
1289 3469 1377 3525 vel
1435 3471 1685 3535 incuria,
1707 3471 1794 3526 vel

154 3560 364 3631 prolixae
392 3559 712 3617 vetustatis
747 3557 974 3614 desidia
1002 3558 1182 3614 tacita
1208 3562 1349 3613 sunt
1377 3558 1463 3613 vel
1510 3559 1792 3630 neglecta.

152 3647 213 3703 ad
239 3665 303 3705 ea
332 3665 570 3722 quoque
601 3664 728 3719 qua:
758 3652 963 3702 nostra
992 3651 1159 3702 astate
1189 3652 1355 3719 gesta
1402 3651 1561 3714 sunt,
1595 3666 1793 3703 susce-

153 3736 222 3807 pti
274 3737 487 3810 negotii
540 3736 807 3791 studium
867 3740 1318 3803 convertamus;
1353 3754 1480 3808 quae
1528 3737 1797 3793 videlicet

152 3828 295 3883 tanto
352 3827 624 3885 securius
674 3826 1047 3899 proferimus,
1099 3832 1321 3898 quanto
1382 3827 1503 3882 haec
1564 3845 1796 3900 quoque

151 3913 377 3973 vicinius
408 3916 596 3972 fuisse
627 3916 782 3970 facta
807 3914 933 3971 sine
966 3916 1143 3970 dubio
1166 3921 1465 3983 tenemus;
1502 3917 1559 3971 in
1586 3917 1795 3988 primis

154 4003 195 4056 si
247 4006 578 4077 quidem....
629 4005 770 4072 sive,
803 4010 869 4059 ut
918 4004 1195 4070 diximus,
1224 4005 1530 4060 barbarica
1579 4006 1792 4059 irrum-

153 4096 396 4163 pente....
429 4095 665 4151 feritate
706 4094 995 4165 gentium,
1022 4110 1125 4149 seu
1174 4093 1350 4148 etiam
1395 4093 1793 4149 celeberrimis

153 4177 285 4237 inter
312 4200 373 4238 se
402 4182 941 4239 consectationibus
975 4180 1324 4253 populorum
1349 4198 1451 4253 per
1475 4183 1792 4238 succeden-

155 4266 224 4323 tia
248 4274 510 4344 tempora
540 4272 729 4326 isdem
753 4270 917 4327 locus
942 4272 1120 4326 rebus
1153 4272 1434 4343 privatus,
1456 4272 1795 4327 munitioni-

154 4354 250 4413 bus
288 4360 630 4433 dissipatus,
655 4376 803 4431 pene
841 4360 914 4415 ad
965 4359 1220 4415 nihilum
1262 4360 1451 4415 fuerat
1499 4362 1791 4425 redactus,

156 4443 459 4519 frequenter
478 4449 658 4506 etiam
688 4448 946 4504 virorum
991 4448 1362 4504 saecularium
1408 4449 1795 4504 dominationi

157 4533 451 4634 subjectus.
486 4538 712 4640 Ipterea
743 4537 918 4637 longa
938 4537 1168 4640 evoluta
1198 4554 1431 4640 quoque
1461 4542 1792 4610 temporum
1827 4577 1870 4640 Β

156 4624 305 4690 serie,
330 4630 462 4697 post
504 4627 860 4700 Drogonem,
901 4626 1189 4698 inclytum
1244 4627 1567 4682 Leucorum
1628 4628 1791 4683 urbis

156 4711 494 4787 episcopum,
516 4717 773 4772 domnus
806 4715 1086 4772 Goslinus
1120 4716 1508 4771 nobilissimis
1551 4717 1792 4773 Franco-

156 4813 270 4855 rum
285 4804 575 4861 natalibus
601 4809 788 4872 ortns,
804 4806 1021 4878 pietate
1042 4808 1098 4860 et
1114 4805 1393 4877 religione
1410 4806 1787 4876 conspicuus,

156 4884 462 4949 litterarum
494 4894 710 4951 studiis
742 4893 1008 4967 apprime
1039 4894 1326 4962 eruditus,
1361 4910 1466 4964 per
1502 4894 1603 4949 Dei
1657 4912 1786 4965 pro-

156 4975 447 5037 videntiam
479 4983 719 5051 electus,
754 4983 814 5037 in
846 4983 956 5038 hac
1007 4984 1143 5038 sede
1187 4986 1277 5038 est
1335 4982 1595 5054 pontifex
1641 4983 1791 5038 ordi-

159 5069 332 5138 natus,
359 5073 459 5143 qui
492 5072 805 5146 diligenter
831 5071 1054 5128 clerum
1086 5071 1426 5140 instituens,
1452 5072 1608 5127 vires
1649 5090 1787 5143 pru-

158 5150 337 5211 dentes
364 5162 755 5233 undecunque
795 5161 1098 5234 colligens,
1134 5162 1341 5217 urbem
1382 5162 1558 5216 rebus
1605 5163 1786 5228 auxit,

159 5244 420 5314 sapientia
450 5251 764 5320 decoravit,
798 5249 1126 5322 providenti
1170 5250 1607 5322 dispensatione
1659 5268 1785 5305 mu-

159 5329 420 5391 nivit.Hic
452 5337 645 5411 itaque
688 5341 997 5410 praefatum
1020 5339 1214 5394 locum
1248 5339 1513 5407 diversis,
1548 5344 1615 5395 ut
1635 5340 1787 5394 dixi-

159 5431 294 5488 mus,
323 5426 556 5481 casibus
588 5427 918 5499 lapsantem
950 5428 1351 5495 eensiderans,
1387 5429 1569 5483 ascito
1591 5428 1700 5483 sibi
1720 5447 1789 5483 ex

159 5503 265 5562 loco
289 5515 468 5568 sancti
502 5515 636 5587 Apri
667 5517 1020 5572 confessoris
1051 5516 1264 5573 Christi
1298 5517 1535 5589 egregii,
1569 5519 1786 5573 domno

159 5590 587 5659 Herchemboldo
616 5605 765 5677 patri
796 5606 1137 5673 venerabili,
1171 5622 1346 5677 quem
1394 5606 1518 5677 ipse
1552 5624 1786 5677 quoque

159 5679 263 5739 illic
289 5687 550 5747 abbatem
580 5698 710 5751 ante
742 5695 1144 5761 constituerat,
1174 5694 1369 5751 locum
1397 5695 1553 5750 hunc
1585 5694 1645 5749 in
1695 5713 1782 5751 re-

1897 2760 2131 2831 ligionis
2165 2762 2430 2816 ordinem
2464 2763 2776 2817 committit
2809 2766 3224 2834 reparandum.
3260 2767 3367 2832 Qui
3401 2768 3556 2823 vide-

1899 2848 2035 2905 licet
2091 2851 2179 2904 vir
2234 2851 2601 2920 venerabilis,
2636 2857 2699 2907 ut
2746 2857 2869 2907 erat
2912 2853 3412 2925 religiosissimus,
3447 2857 3558 2914 sub

1900 2939 2345 3009 prcepositorum
2362 2958 2540 2995 manu
2556 2941 2975 2996 monachorum
2998 2942 3227 3013 aliquos
3249 2943 3555 3016 delegavit,

1902 3031 1957 3082 et
1987 3028 2125 3097 quia
2148 3027 2261 3082 illis
2293 3028 2585 3099 stipendia
2616 3046 2680 3084 eo
2725 3034 2981 3101 tempore
3023 3031 3264 3086 deerant
3302 3034 3557 3105 propriis

1903 3116 2245 3171 monasterii
2276 3116 2366 3171 sui
2392 3118 2726 3190 sumptibus
2758 3118 2998 3174 alendos
3028 3119 3385 3177 instituerat.

2504 3224 2765 3281 dlAPUT
2803 3226 2946 3282 XVI.

1904 3313 1978 3366 De
2027 3312 2260 3383 quadam
2313 3330 2478 3379 rara,
2511 3331 2635 3440 11112.73
2682 3323 2807 3397 ante
2842 3318 3079 3387 januam
3132 3318 3273 3374 beati
3300 3320 3563 3377 Mansucti

2514 3403 2530 3440 ι
2584 3396 2829 3440 ummata
2858 3397 2954 3440 est.

2514 3396 2829 3442 tuummata
2858 3397 2954 3443 cst.

1978 3471 2201 3524 Prmfati
2236 3472 2417 3543 igitur
2446 3473 2767 3529 felicissimi
2801 3477 3083 3532 antistitis
3110 3478 3342 3533 Domini
3384 3480 3563 3535 Gauz-

1904 3556 2009 3611 lini
2044 3562 2323 3629 tempore,
2360 3560 2501 3613 dum
2530 3559 2715 3615 isdem
2752 3561 2914 3617 locus
2947 3564 3056 3617 sub
3090 3566 3557 3636 praepositorum,

1905 3650 1971 3701 ut
2015 3646 2292 3711 diximus,
2327 3649 2593 3706 custodia
2652 3654 2866 3721 ageret,
2902 3668 3028 3722 quas
3083 3657 3220 3707 ante
3267 3671 3298 3709 e
3346 3653 3556 3722 vicino,

1902 3735 1989 3791 vel
2024 3740 2155 3807 post
2192 3736 2322 3791 visu
2369 3735 2459 3793 vel
2507 3738 2711 3792 auditu
2764 3738 3132 3811 contigerint,
3166 3742 3312 3797 satis
3356 3744 3434 3798 sit
3472 3744 3560 3800 vel

1904 3842 2093 3896 pauca
2121 3826 2190 3880 de
2239 3825 2443 3880 multis
2495 3828 2784 3898 expedire.
2817 3828 3129 3884 Widonem
3182 3831 3353 3888 istius
3396 3833 3560 3890 urbis

1905 3915 2073 3970 multi
2110 3920 2394 3970 noverunt
2417 3917 2712 3971 comitem.
2748 3917 2852 3972 Hic
2888 3918 3191 3975 vinculum
3243 3924 3558 3992 quemdam

1902 4000 2189 4059 habuerat
2221 4006 2291 4059 ab
2320 4006 2464 4061 urbe
2520 4022 2637 4060 non
2690 4006 2859 4078 longe
2889 4007 3182 4078 positum;
3218 4027 3392 4082 quem
3423 4013 3563 4083 quia

1905 4094 2030 4165 ipse
2062 4099 2694 4166 construxerat,usque
2714 4094 2771 4149 in
2794 4113 3051 4167 praesens
3074 4102 3307 4171 tempus
3349 4118 3561 4157 nomen

1902 4183 2173 4239 Widonis
2207 4183 2401 4239 habet.
2437 4185 2497 4239 In
2531 4185 2637 4239 hoc
2670 4186 2939 4256 quietiam
2964 4187 3176 4243 ancilla
3205 4190 3334 4260 ejus
3352 4191 3558 4254 fuerat,

1905 4289 2033 4343 qua:
2056 4274 2182 4344 jam
2216 4290 2319 4343 per
2348 4290 2533 4328 annos
2560 4264 2716 4329 caeca
2747 4279 2970 4346 septem
3016 4279 3416 4347 permanebat,
3440 4280 3560 4335 haec

1903 4365 1961 4416 et
1988 4363 2299 4433 eonjugem
2324 4366 2380 4416 et
2404 4362 2554 4417 filios
2578 4363 2772 4433 potius
2798 4364 2868 4417 ad
2893 4363 3271 4433 calumniam,
3288 4383 3465 4437 quam
3485 4368 3555 4422 ad

1905 4450 2265 4520 adjutorium
2300 4451 2823 4521 possidebat.Quid
2850 4457 3047 4521 ageret
3067 4452 3303 4507 omnino
3336 4453 3556 4510 nescie-

1903 4538 2023 4605 bat,
2059 4537 2320 4593 omnium
2345 4543 2401 4593 et
2431 4538 2682 4594 maxime
2713 4556 2954 4594 suorum
2980 4539 3176 4595 infelix
3200 4546 3404 4612 patens
3428 4559 3560 4599 cen-

1902 4630 2146 4698 tempta,
2166 4628 2436 4697 praesenti
2471 4627 2744 4698 subjectae
2775 4628 3001 4699 inopiae.
3048 4629 3269 4685 Interea
3297 4631 3559 4688 instabat

1899 4715 2022 4771 dies
2054 4732 2169 4787 qur.
2203 4717 2692 4786 exspectabantur
2719 4717 2777 4771 in
2808 4717 3131 4773 crastinum
3165 4736 3372 4775 annua:
3402 4721 3556 4777 beati

1900 4804 2191 4861 Mansueti
2222 4804 2617 4861 solemnitatis
2646 4806 2880 4877 gaudia.
2905 4808 3056 4862 Tum
3107 4808 3207 4864 illa
3252 4809 3555 4866 inimicam

1899 4895 2217 4949 emcitatem
2250 4895 2570 4967 perferens,
2608 4895 2821 4951 turmis
2871 4914 2933 4951 se
2981 4898 3222 4954 miscuit
3268 4901 3561 4956 confluen-

1898 4984 2068 5052 tium,
2102 4984 2292 5039 alieno
2323 4984 2456 5039 duci
2491 4984 2782 5053 innititur,
2816 4986 2966 5042 beati
2999 4989 3292 5058 pontiﬁcis
3313 4991 3556 5047 domum

1898 5074 2270 5146 gemebunda
2300 5071 2648 5145 ingreditur,
2668 5074 2903 5148 ﬂetibus
2934 5077 3176 5148 profusa
3207 5078 3434 5147 faciem,
3469 5080 3556 5135 di-

1896 5163 2043 5216 vina:
2092 5161 2416 5233 majestatis
2473 5163 2731 5218 amicum
2783 5147 3031 5234 invuat,
3086 5166 3247 5223 mitis
3303 5168 3557 5240 pastoris

1900 5254 2215 5307 affuturam
2251 5251 2359 5307 sibi
2395 5251 2762 5308 clementiam
2797 5260 3013 5310 exorat.
3049 5256 3312 5330 Cumque
3346 5258 3402 5312 in
3435 5277 3560 5313 ora-

1897 5342 2045 5396 torio
2079 5345 2417 5413 pernoctare
2437 5341 2700 5411 cupiens,
2716 5342 2789 5396 ab
2810 5343 3065 5417 ccclesim
3088 5346 3395 5417 pnepesito
3418 5364 3553 5402 cum

1898 5430 2120 5485 caiteris
2150 5429 2498 5498 excluditur,
2534 5434 2667 5485 ante
2706 5414 2954 5500 jannain
3004 5433 3278 5490 vallatam
3324 5436 3553 5507 populis

1895 5520 2163 5584 excubat,
2197 5520 2418 5574 habens
2466 5519 2522 5573 in
2580 5537 2645 5574 eo
2704 5522 2981 5577 fiduciam
3032 5524 3087 5577 in
3140 5541 3313 5595 quem
3367 5528 3547 5578 totam

1898 5611 2153 5663 mentem
2203 5607 2512 5663 direxerat.
2537 5608 2681 5663 Cum
2732 5626 2863 5664 cccc
2923 5615 3089 5665 nocte
3150 5611 3339 5666 media
3397 5610 3549 5665 elata

1891 5714 2029 5753 voce
2062 5698 2176 5754 Deo
2220 5697 2441 5765 gratias
2493 5698 2631 5768 agit,
2666 5697 2991 5753 interventu
3042 5699 3225 5754 sancti
3277 5698 3545 5757 lucernas
