3912 6360
365 363 484 427 635

1473 361 1808 426 ADSONIS
1852 362 2288 426 DERVENSIS
2337 366 2667 430 ABBA'I‘IS

3673 371 3808 436 636

365 499 638 555 ardentes
668 497 778 553 sibi
829 501 1024 567 patere
1073 496 1301 562 asserit,
1334 495 1454 562 Eia,
1495 495 1786 566 inquiens.
1823 502 2020 552 sancte
2049 497 2102 562 Α
2134 498 2206 552 ad
2231 498 2519 554 seniorem
2554 500 2876 567 revertitur,
2909 501 3109 574 etjam
3145 518 3326 558 sanus
3357 503 3548 560 factus
3599 505 3810 561 colore

363 589 486 657 Dei,
521 602 731 644 amcam
763 584 1131 651 illuminasti,
1161 586 1455 640 inﬁrmam
1493 585 2022 654 solidasti,tristem

361 675 637 732 reiovisti.
675 675 896 730 Amodo
921 691 1013 729 me
1037 674 1156 728 tuis
1179 674 1479 746 obsequiis
1503 675 1714 730 habeto
1738 674 2026 731 famulan-

361 771 500 834 tem,
535 781 712 837 super
743 781 920 836 quam
969 767 1132 818 tuam
1189 764 1512 834 potentiam
1560 765 1890 820 ostendisti.
1937 767 2022 822 Ita

358 872 484 927 qua:
532 853 900 909 alieno-duce
953 857 1204 919 venerat,
1237 852 1457 907 collatae
1508 851 1656 908 lucis
1707 853 2018 910 Auctorem

356 943 540 1000 libera
570 943 801 998 rediens
834 941 1110 997 omnibus
1141 941 1514 1013 prredicabat.

969 1049 1201 1106 CAPUT
1241 1048 1412 1105 XVII.

485 1145 559 1200 De
587 1144 818 1198 muliere
845 1149 1056 1204 saneta,
1090 1156 1210 1212 qua:
1240 1156 1274 1194 α
1303 1139 1642 1196 (temonibus
1672 1149 1863 1196 vexata

893 1230 1111 1268 sensum
1147 1212 1474 1283 perdiderat.

421 1305 758 1376 Stephanus
783 1302 1023 1374 quidam
1055 1302 1223 1356 miles
1254 1301 1408 1356 inter
1449 1319 1588 1355 suos
1619 1319 1734 1356 nen
1771 1302 2010 1359 infimus

349 1412 468 1451 non
502 1394 672 1465 longe
704 1393 776 1448 ab
811 1393 954 1446 urbe
1001 1407 1133 1446 rure
1182 1391 1413 1462 proprio
1448 1392 1884 1460 commanebat;
1915 1393 2009 1448 hic

347 1497 418 1538 ex
461 1481 708 1552 conjuge
756 1479 937 1534 tiliam
989 1483 1309 1548 arreperat,
1343 1495 1518 1549 quam
1573 1481 1768 1535 tenero
1812 1497 2008 1538 amore

348 1570 652 1644 diligebat,
687 1574 762 1634 et,
797 1572 864 1624 ut
895 1567 1042 1623 solet
1073 1566 1258 1622 hostis
1290 1567 1557 1622 chariora
1590 1569 1861 1640 persequi
1893 1570 2006 1626 ele-

345 1663 439 1717 cta
467 1658 844 1724 confundere,
879 1655 1114 1712 incauta
1167 1672 1562 1727 perrumpere,
1606 1657 1858 1728 peccatis
1889 1659 2004 1714 exi-

343 1749 619 1824 gentibus
649 1763 750 1802 vas
780 1743 984 1818 puellae
1014 1743 1285 1800 diabolus
1319 1743 1661 1817 ingreditur,
1698 1747 2007 1803 confundit

2131 585 2192 640 in
2225 587 2542 658 pristinum
2574 591 3244 664 converso,‘deposuisse
3275 597 3467 650 cutem
3518 595 3811 667 gravisus

2131 677 2216 730 est
2249 675 2400 731 male
2433 676 2802 734 albicantem.

2752 768 2985 826 CAPUT
3023 769 3162 826 XIX.

2530 859 2603 913 De
2631 859 2826 914 clerico
2855 876 2888 914 τι
2917 859 3163 930 febribus
3191 867 3388 932 erepto.

2199 944 2298 1000 Est
2361 961 2568 1016 quo....
2623 948 2840 1002 simum
2893 947 3048 1003 hunc
3109 948 3346 1005 beatum
3391 950 3573 1006 vir....
3610 953 3808 1011 etiam

2127 1033 2382 1104 quaesitae
2415 1035 2683 1091 sanitatis
2718 1035 3040 1108 saepissime
3075 1039 3398 1094 remedium
3433 1042 3803 1110 contulisse;

2125 1126 2182 1176 et
2207 1128 2268 1176 ut
2304 1129 2441 1178 nota
2462 1124 2756 1196 replicem,
2790 1125 3047 1181 vidimus
3069 1144 3136 1182 ex
3156 1126 3307 1183 clero
3334 1145 3450 1184 non
3473 1131 3806 1190 mediocris

2125 1212 2448 1266 secundum
2475 1213 2753 1268 sarculum
2773 1208 3081 1285 personam
3107 1214 3623 1290 dignitatis,quem
3648 1237 3805 1292 quo-

2123 1315 2235 1371 que
2259 1317 2393 1356 cum
2415 1307 2578 1358 tanta
2601 1303 2688 1357 vis
2711 1303 2959 1358 febrium
2987 1309 3104 1358 toto
3125 1307 3510 1363 tremebundo
3542 1325 3800 1382 corpore

2121 1389 2426 1444 ardentius
2470 1390 2885 1460 inﬂammaret,
2917 1397 2984 1446 ut
3037 1388 3163 1448 dies
3213 1399 3531 1468 noctesque
3574 1415 3800 1470 quam—

2120 1476 2318 1548 plures
2350 1481 2475 1534 sine
2511 1481 2637 1534 cibo
2665 1481 2922 1540 duceret,
2947 1479 3220 1553 vitmjam
3247 1498 3391 1554 pene
3414 1485 3796 1556 desperatus,

2119 1567 2190 1620 ad
2226 1584 2452 1622 sacram
2487 1569 2748 1624 defertur
2776 1569 2958 1624 eadem
2988 1570 3267 1626 manibus
3316 1571 3751 1632 famulantium
3783 1595 3796 1644 ;

2117 1657 2458 1728 compositis
2490 1657 2832 1713 stramentis
2864 1674 3032 1714 secus
3057 1658 3211 1714 beati
3237 1675 3401 1716 aram
3424 1662 3672 1720 sedulus
3697 1682 3799 1721 ex-

2117 1747 2362 1802 cubator
2390 1745 2718 1818 exponitur.
2755 1747 2840 1802 Ita
2870 1762 2936 1802 eo
2971 1743 3097 1802 loco
3129 1745 3306 1804 biduo
3353 1757 3800 1824 commoratus,

342 1841 623 1904 mentem,
649 1833 804 1891 tollit
833 1834 1118 1908 vigorem,
1153 1835 1388 1906 penitus
1435 1840 1678 1891 evacuat
1735 1854 2000 1893 sensum.
2035 1869 2085 1936 Β
2114 1834 2283 1907 pulso
2315 1835 2520 1891 ardore
2551 1835 2792 1903 torrido,
2819 1835 2902 1891 sic
2935 1836 3240 1908 praasensit
3269 1853 3438 1910 Opem
3471 1841 3797 1899 medicina

342 1927 450 1985 Illa
469 1929 747 1998 consepta
765 1924 1031 1990 nexibus,
1052 1925 1270 1996 stipata
1290 1924 2001 1992 custodibus,sanctorum

341 2034 372 2074 a
396 2013 918 2088 parentibusillata
943 2011 1556 2084 patrociniis,tandem
1592 2014 1648 2068 in
1683 2015 2000 2072 oratorium

341 2104 528 2162 sancti
578 2102 866 2159 Mansueti
921 2101 1290 2174 perducitur;
1323 2101 1475 2157 intra
1523 2101 1826 2158 basilicam
1865 2121 1999 2162 vero

339 2192 629 2267 permissa
658 2194 1000 2264 pernoctare
1033 2207 1149 2245 uno
1180 2189 1518 2262 superstite,
1545 2191 1763 2263 pressis
1793 2209 1999 2264 sopore

339 2280 587 2346 caeteris,
619 2296 686 2336 ea
717 2284 881 2352 parte
912 2295 1030 2350 qua
1060 2277 1159 2334 illa
1189 2277 1310 2334 solo
1345 2279 1723 2346 decubuerat,
1749 2297 1996 2354 evagan-

336 2375 426 2428 tes
456 2386 636 2442 supra
671 2372 893 2424 tectum
924 2367 1179 2424 ecclesiae
1211 2369 1524 2436 daemones,
1546 2365 1762 2424 mirum
1795 2370 1953 2428 dictu
1979 2371 1991 2426 !

335 2475 506 2516 voces
537 2457 890 2514 ululantium
915 2473 980 2512 ac
1000 2455 1192 2512 varios
1215 2455 1513 2512 imitantes
1535 2457 1763 2513 sonitus
1785 2459 1998 2516 bestia-

337 2565 468 2604 rum
517 2546 711 2603 mistis
756 2563 891 2602 aera
935 2544 1232 2618 complent
1277 2544 1654 2613 clamoribus,
1690 2549 1993 2620 conquesti

335 2635 570 2710 publice
601 2634 746 2692 nihil
780 2635 892 2691 sibi
933 2639 988 2690 et
1021 2649 1221 2694 sancto
1255 2633 1579 2702 convenire,
1615 2653 1718 2692 nec
1771 2637 1991 2694 donum

337 2725 546 2782 salutis
579 2741 758 2798 quam
809 2723 920 2796 ipsi
972 2725 1180 2779 merito
1225 2723 1626 2790 abstulissent,
1652 2725 1771 2781 ullo
1818 2728 1990 2782 modo

335 2832 509 2888 posse
552 2817 863 2886 reportare.
902 2812 1000 2869 Ille
1049 2813 1448 2879 tremefactus,
1481 2816 1717 2870 eceteros
1757 2816 1986 2884 excitat,

335 2909 401 2962 ut
429 2908 488 2962 et
518 2903 630 2977 ipsi
659 2918 829 2960 voces
861 2902 1225 2975 perciperent
1255 2919 1402 2973 quas
1447 2900 1543 2958 ille
1593 2902 1889 2960 audiebat.
1918 2907 1990 2962 At

330 3010 464 3050 vero
495 2991 580 3047 illi
615 3008 750 3048 cum
791 3008 894 3064 per
921 2989 1146 3062 aliquot
1175 2988 1350 3046 horas
1383 2989 1576 3062 palam
1607 2989 1984 3062 insultarent,

330 3082 548 3156 egressi
599 3078 917 3136 terroribus
966 3080 1258 3135 daemones
1301 3079 1556 3152 fugiunt,
1587 3079 1844 3152 puellam
1895 3082 1988 3138 de-

328 3172 554 3236 serunt,
586 3168 796 3224 virtute
826 3168 1011 3224 sancti
1046 3167 1315 3240 protinus
1345 3173 1754 3246 gvaneseunt;
1790 3169 1984 3242 puella

2112 1922 2414 1988 salvantis,
2451 1929 2517 1978 ut
2547 1923 2729 1979 libera
2761 1924 3041 1980 facultate
3071 1925 3314 1982 domum
3360 1929 3576 1986 rediret
3621 1929 3798 1990 inco-

2110 2011 2310 2077 lumis,
2345 2029 2378 2067 a
2420 2029 2536 2084 qua
2579 2013 2742 2085 prius
2791 2013 2981 2070 elatus
3030 2013 3220 2070 fuerat
3267 2031 3482 2087 passus
3513 2018 3792 2092 ignime

2108 2105 2400 2156 tormenta
2431 2101 2742 2174 passionis.
2775 2101 2890 2157 Nec
2921 2101 2979 2157 in
3011 2101 3121 2158 hoc
3149 2102 3270 2158 solo
3300 2105 3488 2161 virtus
3534 2112 3794 2167 ostensa

2108 2194 2197 2245 est
2214 2189 2557 2261 hujusmodi
2578 2190 2814 2274 morbos
2835 2189 3310 2262 excludendi,sed
3335 2197 3488 2252 certe
3509 2195 3773 2270 frequen

2106 2279 2334 2334 tissime
2365 2279 2473 2334 hoc
2514 2295 2729 2352 angore
2755 2296 2989 2352 pressos
3019 2281 3356 2354 aspeximus
3389 2285 3577 2340 sancti
3617 2303 3782 2360 pon-

2106 2368 2280 2425 tiﬁcis
2312 2367 2594 2425 auxilium
2623 2368 2988 2442 implorasse,
3024 2385 3172 2442 quos
3203 2369 3474 2428 alacriter
3519 2376 3786 2450 contigit

2104 2461 2314 2530 optata:
2345 2456 2770 2527 incolumitatis
2799 2457 3014 2530 gaudia
3044 2461 3469 2532 reportasse.8i
3502 2463 3596 2518 cui
3631 2482 3783 2522 vero

2103 2549 2222 2602 tam
2254 2545 2370 2602 cita
2400 2546 2561 2603 salus
2591 2564 2705 2602 non
2738 2547 3077 2614 occurrerit,
3096 2546 3242 2604 sciat
3261 2547 3350 2605 vel
3372 2567 3487 2607 non
3520 2554 3770 2623 mereri,

2100 2635 2187 2692 vel
2215 2635 2412 2708 potius
2443 2635 2501 2690 in
2528 2642 2865 2710 provectum
2898 2635 3136 2692 differri.

2171 2725 2388 2781 Eodem
2421 2725 2538 2780 fere
2569 2729 2898 2798 tempore...
2933 2731 2990 2781 to
3023 2741 3257 2798 quoque
3303 2713 3476 2784 miles
3527 2731 3780 2788 notissi-

2101 2831 2424 2870 mus........
2458 2815 2649 2870 fuerat
2687 2813 2992 2883 oriundus,
3029 2814 3212 2887 hujus
3260 2815 3512 2888 gratiam
3569 2823 3772 2878 sancti

2099 2904 2395 2976 pontificis
2443 2907 2532 2960 est
2577 2902 2824 2976 pleniter
2853 2906 3146 2974 expertus.
3180 2905 3287 2970 Qui
3321 2904 3592 2964 videlicet
3625 2925 3772 2966 cum

2097 2997 2252 3049 esset
2298 2993 2358 3048 in
2409 2992 2582 3048 rebus
2632 2989 2987 3046 militaribus
3019 2994 3301 3048 strenuus
3332 2997 3391 3048 et
3420 3001 3767 3070 promptus,

2097 3097 2213 3138 non
2245 3081 2442 3137 minus
2473 3083 2667 3136 tamen
2698 3082 2822 3134 erat
2850 3077 2963 3134 fide
2995 3081 3054 3134 et
3082 3078 3343 3138 bonitate
3373 3084 3770 3156 conspicuus.

2095 3171 2198 3228 Hic
2263 3171 2519 3225 irruente
2577 3166 2828 3222 febrium
2889 3171 3070 3238 peste,
3135 3181 3284 3239 pene
3361 3171 3434 3225 ad
3495 3177 3778 3232 extrema

329 3258 518 3332 surgit
544 3257 746 3326 libera,
772 3260 829 3312 et
857 3261 1122 3330 reparato
1153 3273 1329 3312 sensu
1349 3236 1552 3312 secum
1577 3256 1704 3330 ipsa
1736 3259 1984 3316 miratur
2011 3236 2056 3313 (ἶ
2094 3259 2452 3333 perducitur,
2487 3260 2660 3328 atque
2689 3253 2926 3311 amissis
2971 3254 3154 3310 totius
3199 3255 3424 3314 viribus
3468 3263 3776 3333 corporis,

329 3347 546 3422 quibus
577 3347 794 3404 tradita
823 3346 1014 3402 fuerat
1043 3343 1320 3400 inimicis.

925 3431 1154 3490 CAPUT
1190 3434 1386 3490 XVIII.

882 3526 956 3580 De
985 3524 1192 3596 leproso
1221 3532 1426 3580 curato.

393 3615 520 3672 Alio
552 3630 785 3688 quoque
815 3616 1077 3684 tempore
1107 3611 1450 3684 elephantiaa
1483 3613 1726 3685 quidam
1777 3615 1979 3671 morbo

326 3703 641 3780 percussis,
662 3703 832 3775 cujus
867 3703 1020 3758 cutis
1053 3701 1239 3758 instar
1261 3700 1702 3774 nivis,speciem
1734 3707 1979 3776 przeten-

325 3797 490 3852 derat
520 3793 917 3866 pmnitentcm,
937 3795 1056 3847 toto
1088 3790 1354 3862 trepidus
1384 3807 1623 3864 corpore
1645 3793 1798 3848 beati
1825 3792 1980 3848 Man-

326 3881 476 3940 sueti
537 3879 886 3952 sutl'ragium
946 3878 1177 3934 censuit
1223 3878 1630 3950 expetendum.
1671 3881 1794 3945 Quo
1843 3895 1978 3934 cum

325 3970 704 4042 pervenisset,
735 3967 1080 4040 praepositus
1111 3966 1366 4022 ecclesiae
1391 3967 1554 4023 visus
1584 3971 1673 4022 est
1703 3983 1806 4040 pro
1839 3966 1980 4022 fori-

324 4060 436 4115 bus
467 4058 759 4125 astitisse;
793 4058 965 4128 cujus
1009 4056 1104 4112 ille
1143 4056 1384 4128 cupiens
1433 4056 1680 4128 pedibus
1714 4073 1982 4128 procum-

325 4147 480 4213 bere,
513 4147 676 4204 visus
705 4150 792 4202 est
823 4147 959 4218 quid
994 4143 1186 4216 vellet,
1219 4148 1320 4200 aut
1351 4145 1492 4216 quid
1523 4150 1807 4218 quareret
1833 4145 1980 4202 indi-

324 4253 475 4292 care.
530 4239 603 4292 At
657 4235 754 4292 ille
789 4253 801 4290 :
837 4235 955 4290 Heu
1033 4251 1146 4302 me,
1195 4230 1407 4306 inquit,
1458 4233 1760 4301 miserum,
1813 4236 1978 4292 vivus

325 4325 760 4398 quodammodo
793 4325 1038 4380 artubus
1061 4323 1218 4379 omni
1243 4339 1311 4378 ex
1345 4327 1509 4395 parte
1531 4329 1974 4396 praemortuum,

321 4415 416 4470 cui
446 4414 565 4471 vita
592 4414 654 4469 in
685 4413 873 4486 pcenis
903 4413 1157 4477 ducitur,
1180 4429 1312 4468 caro
1344 4410 1628 4468 letbiferis
1660 4413 1978 4486 angoribus

321 4503 683 4560 coarctaturi
713 4503 796 4558 Ad
829 4502 937 4558 hoc
969 4500 1124 4558 enim
1156 4501 1309 4567 veni,
1336 4504 1400 4556 ut
1423 4501 1606 4556 sancti
1642 4501 1843 4574 hujus,
1868 4503 1976 4560 etsi

2092 3346 2237 3405 nihil
2267 3345 2379 3403 sibi
2410 3359 2736 3417 superesse,
2767 3341 2884 3398 nisi
2915 3346 3163 3399 mortem
3211 3342 3464 3401 vicinam
3515 3353 3776 3422 conSpi-

2091 3440 2274 3495 catur.
2306 3433 2454 3502 Quid
2507 3431 2882 3506 potissimum
2933 3431 3269 3488 faciendum
3319 3438 3496 3502 esset,
3551 3446 3774 3498 mente

2091 3526 2336 3584 confusa
2384 3523 2746 3580 versabatur.
2798 3518 3014 3576 Vitalia
3072 3535 3286 3578 exosus
3341 3521 3647 3595 alimenta,
3707 3535 3776 3585 et

2090 3614 2304 3688 quietis
2355 3609 2689 3686 impatiens,
2725 3610 2796 3666 de
2853 3609 2978 3666 sola
3026 3614 3214 3667 morte
3256 3610 3572 3685 cogitabat.
3605 3613 3768 3672 Cum

2089 3721 2221 3761 ecce
2268 3703 2420 3758 inter
2473 3699 2774 3756 lethiferos
2830 3697 3082 3754 febrium
3135 3699 3452 3770 anhelitus,
3483 3705 3542 3758 et
3599 3703 3768 3776 ignis

2090 3787 2702 3864 ardentis'fstridentia
2757 3787 3050 3856 acumina,
3077 3789 3261 3844 menti
3311 3789 3519 3846 incidit
3562 3795 3762 3850 sancti

2089 3885 2270 3956 hujus
2318 3883 2582 3953 expetere
2628 3875 2984 3950 perfugium,
3034 3880 3091 3932 et
3136 3878 3302 3934 vobis
3350 3881 3762 3951 praeeuntibus

2088 3971 2403 4044 implorare
2433 3968 2804 4040 suffragium.
2838 3967 3166 4022 Adducitur
3184 3966 3368 4040 igitur
3383 3973 3584 4026 vectus
3610 3973 3759 4029 sub-

2090 4060 2240 4117 sidio
2290 4058 2677 4123 servulorum,
2709 4055 3130 4129 ingressusque
3175 4057 3463 4131 templum
3511 4075 3758 4117 venera-

2089 4149 2226 4216 bile,
2258 4147 2535 4220 imposito
2577 4144 2781 4202 cervici
2812 4144 3068 4216 vinculo,
3100 4149 3301 4202 sancto
3348 4163 3408 4203 se
3451 4165 3520 4203 ex
3566 4147 3758 4206 libero

2089 4240 2151 4294 in
2201 4253 2436 4292 cervum
2496 4234 2744 4302 dedicat,
2779 4239 2836 4288 et
2879 4239 3078 4290 votum
3139 4235 3414 4292 censuale
3461 4236 3554 4292 die
3593 4242 3755 4294 certo

2089 4328 2348 4383 devovet.
2382 4325 2594 4396 Sicque
2651 4326 2819 4378 nocte
2865 4321 2966 4377 illa
3017 4327 3150 4378 ante
3197 4339 3360 4380 aram
3406 4324 3753 4397 provolutus

2088 4415 2332 4472 excubat
2367 4417 2542 4486 atque
2575 4413 2632 4467 in
2669 4411 2993 4467 crastinum
3027 4411 3182 4468 inter
3213 4429 3382 4469 sacra
3430 4412 3748 4470 missarum

2088 4501 2395 4566 solemnia,
2433 4498 2610 4555 livido
2660 4499 2785 4569 jam
2847 4497 3042 4556 furore
3091 4501 3586 4567 erutus,domum
3631 4519 3754 4575 qua

322 4609 436 4648 non
470 4608 715 4657 merear,
747 4591 834 4646 vel
869 4607 1075 4663 parum
1129 4588 1368 4645 remedii
1419 4588 1700 4647 beneficio
1733 4591 1976 4648 Deitatis
2007 4605 2054 4672 D
2083 4596 2286 4649 vectus
2318 4590 2525 4656 fuerat,
2554 4587 2702 4644 liber
2732 4586 3042 4644 revertitur
3070 4592 3128 4644 et
3143 4606 3352 4656 sanus;
3388 4605 3503 4647 non
3527 4591 3748 4649 oblitus

321 4679 626 4751 attingam.
660 4681 742 4734 Ad
777 4694 953 4750 quem
984 4677 1177 4734 senior
1205 4677 1396 4749 specie
1421 4677 1798 4736 intentantis:
1827 4681 1974 4747 Quid

321 4766 524 4834 habes,
555 4766 767 4838 inquit,
802 4768 1004 4822 offerre
1035 4767 1093 4822 in
1128 4766 1426 4822 donariis?
1456 4767 1561 4823 Cui
1588 4767 1704 4836 ille,
1739 4773 1976 4826 ostensa

321 4854 590 4926 protinus
618 4855 961 4910 summitate
993 4873 1108 4926 qua
1161 4854 1463 4927 tegebatur
1488 4857 1668 4914 vestis
1703 4875 1715 4912 :
1745 4858 1850 4926 En,
1887 4859 1974 4914 in-

322 4941 680 5014 quam,salis
707 4943 984 5015 exiguum
1009 4942 1379 5000 sublevanda:
1410 4943 1618 5017 inopia:
1641 4946 1978 5004 miserantis

321 5031 509 5103 gratia
561 5031 974 5087 condonatum.
1037 5031 1216 5099 Vade,
1270 5032 1482 5105 inquit,
1531 5051 1774 5093 sumens
1831 5035 1974 5094 illud

321 5120 505 5175 sacris
535 5119 925 5174 inferendum.
949 5113 1058 5174 lis
1085 5119 1258 5176 dictis
1281 5125 1441 5176 ratus
1463 5121 1557 5180 ille
1581 5129 1846 5182 accurate
1867 5125 1981 5183 ista

320 5206 433 5264 sibi
453 5207 674 5279 juberi,
702 5224 829 5278 quae
855 5208 964 5264 sub
994 5208 1252 5265 ludentis
1282 5209 1488 5266 habitu
1511 5211 1738 5284 prolata
1766 5214 1972 5271 audie-

319 5299 428 5363 rat,
457 5296 702 5352 I'estinus
731 5295 1016 5368 templum
1038 5295 1383 5368 ingreditur,
1409 5299 1630 5356 donum
1657 5302 1798 5358 salis
1837 5309 1973 5360 ante

318 5400 483 5440 aram
530 5383 847 5456 perfundit,
881 5382 1006 5454 ipse
1054 5383 1111 5438 in
1155 5401 1356 5456 preces
1403 5389 1837 5458 prosternitur:
1871 5393 1972 5464 qui

318 5473 442 5529 solo
466 5472 784 5539 decubans,
821 5471 1014 5526 subito
1037 5473 1200 5542 quasi
1229 5474 1433 5544 pedem
1466 5479 1825 5534 transeuntis
1849 5497 1975 5536 sen-

318 5561 396 5618 sit
420 5563 593 5618 dorso
624 5559 933 5632 vestigium
967 5559 1355 5630 impressisse.
1393 5563 1538 5620 Hinc
1570 5565 1834 5624 concitus
1878 5586 1970 5626 as-

317 5666 739 5722 surgens.cum
772 5646 1066 5705 neminem
1099 5648 1559 5724 circumquaque
1589 5656 1967 5726 conspiceret,

2087 4685 2219 4755 post
2245 4679 2367 4735 haec
2399 4675 2682 4749 ereptoris
2713 4675 2806 4732 sui
2835 4675 3126 4745 beneficii,
3153 4694 3270 4750 quo
3297 4683 3420 4735 tam
3449 4680 3750 4739 evidenter

2085 4771 2158 4826 ab
2189 4767 2306 4824 illis
2338 4764 2690 4824 stridoribus
2715 4770 3010 4822 meruerat
3038 4765 3279 4823 absolvi.

2157 4859 2437 4914 Praeterea
2468 4854 2929 4912 innumerabiles
2965 4873 3072 4912 nos
3099 4856 3316 4914 vidisse
3362 4858 3746 4917 meminimus

2085 4945 2429 5018 hujusmodi
2454 4943 2860 5002 vexationibus
2892 4945 3156 5018 detritos,
3190 4947 3290 5018 qui
3322 4947 3578 5003 ﬂammis
3605 4949 3744 5004 stri-

2088 5037 2363 5096 dentibus
2393 5034 2531 5091 totis
2562 5033 2730 5090 effusi
2763 5051 3072 5108 corporum
3104 5034 3328 5092 viribus
3377 5035 3571 5092 solum
3619 5038 3743 5093 exi-

2089 5132 2217 5184 tum
2250 5125 2622 5192 meditantes,
2657 5122 2837 5197 hujus
2869 5123 3094 5180 meritis
3137 5127 3196 5180 et
3242 5123 3502 5196 potentia
3530 5125 3742 5196 sancti,

2083 5214 2361 5272 redierint
2391 5213 2461 5269 ad
2495 5211 2730 5286 propria
2779 5213 2904 5270 sani
2947 5219 3003 5268 et
3051 5211 3376 5271 incolumes
3413 5213 3573 5270 facti.
3608 5216 3742 5281 Quae

2083 5303 2282 5361 omnia
2329 5302 2377 5358 si
2427 5300 2674 5358 velimus
2727 5301 2898 5374 plene
2946 5301 3242 5374 prosequi,
3276 5306 3413 5359 ante
3470 5301 3744 5358 deficient

2083 5394 2254 5450 nobis
2286 5398 2572 5464 tempora,
2601 5407 2780 5462 quam
2812 5391 3085 5448 universa
3137 5391 3434 5464 magnalia
3477 5392 3611 5462 ejus
3653 5409 3740 5447 va-

2081 5481 2241 5539 leant
2268 5480 2480 5537 litteris
2512 5479 2950 5553 comprehendi.

2152 5573 2373 5628 Tamen
2397 5569 2446 5626 si
2469 5569 2742 5642 cupimus
2772 5569 2952 5642 hujus
2977 5567 3158 5626 nostri
3187 5567 3533 5642 protectoris
3566 5569 3738 5626 meri-

2081 5661 2156 5716 tis
2186 5659 2442 5732 provehi,
2476 5659 2776 5716 beneﬁciis
2803 5659 3087 5729 adjuvari,
3122 5676 3228 5716 nos
3261 5658 3331 5716 ab
3385 5660 3514 5729 ejus
3545 5657 3733 5716 laudi-
